[
    {
        "date": "2025-10-04",
        "symbol": "AAP",
        "reportedCurrency": "USD",
        "cik": "0001158449",
        "fillingDate": "2025-10-30",
        "acceptedDate": "2025-10-30 16:03:19",
        "calendarYear": "2025",
        "period": "Q3",
        "revenue": 2003000000,
        "costOfRevenue": 1155000000,
        "grossProfit": 848000000,
        "grossProfitRatio": 0.4327111984,
        "researchAndDevelopmentExpenses": 0,
        "generalAndAdministrativeExpenses": 0,
        "sellingAndMarketingExpenses": 0,
        "sellingGeneralAndAdministrativeExpenses": 826000000,
        "otherExpenses": 0,
        "operatingExpenses": 826000000,
        "costAndExpenses": 1981000000,
        "interestIncome": 0,
        "interestExpense": 40000000,
        "depreciationAndAmortization": 214000000,
        "ebitda": 252000000,
        "ebitdaratio": 0.1237721022,
        "operatingIncome": 22000000,
        "operatingIncomeRatio": 0.010805501,
        "totalOtherIncomeExpensesNet": -24000000,
        "incomeBeforeTax": -2000000,
        "incomeBeforeTaxRatio": -0.0009823183,
        "incomeTaxExpense": -1000000,
        "netIncome": -1000000,
        "netIncomeRatio": -0.0004911591,
        "eps": -0.0167,
        "epsdiluted": -0.0167,
        "weightedAverageShsOut": 60000000,
        "weightedAverageShsOutDil": 60000000,
        "link": "https://www.sec.gov/Archives/edgar/data/1158449/000162828025047523/0001628280-25-047523-index.htm",
        "finalLink": "https://www.sec.gov/Archives/edgar/data/1158449/000162828025047523/aap-20251004.htm"
    },
    {
        "date": "2025-07-12",
        "symbol": "AAP",
        "reportedCurrency": "USD",
        "cik": "0001158449",
        "fillingDate": "2025-08-14",
        "acceptedDate": "2025-08-14 16:03:18",
        "calendarYear": "2025",
        "period": "Q2",
        "revenue": 2010000000,
        "costOfRevenue": 1136000000,
        "grossProfit": 874000000,
        "grossProfitRatio": 0.4348258706,
        "researchAndDevelopmentExpenses": 0,
        "generalAndAdministrativeExpenses": 0,
        "sellingAndMarketingExpenses": 0,
        "sellingGeneralAndAdministrativeExpenses": 823000000,
        "otherExpenses": 29000000,
        "operatingExpenses": 852000000,
        "costAndExpenses": 1988000000,
        "interestIncome": 0,
        "interestExpense": 19000000,
        "depreciationAndAmortization": 57000000,
        "ebitda": 97000000,
        "ebitdaratio": 0.0482587065,
        "operatingIncome": 22000000,
        "operatingIncomeRatio": 0.0109452736,
        "totalOtherIncomeExpensesNet": -1000000,
        "incomeBeforeTax": 21000000,
        "incomeBeforeTaxRatio": 0.0104477612,
        "incomeTaxExpense": 6000000,
        "netIncome": 15000000,
        "netIncomeRatio": 0.0074626866,
        "eps": 0.25,
        "epsdiluted": 0.25,
        "weightedAverageShsOut": 59900000,
        "weightedAverageShsOutDil": 60500000,
        "link": "https://www.sec.gov/Archives/edgar/data/1158449/000115844925000272/0001158449-25-000272-index.htm",
        "finalLink": "https://www.sec.gov/Archives/edgar/data/1158449/000115844925000272/aap-20250712.htm"
    },
    {
        "date": "2025-04-19",
        "symbol": "AAP",
        "reportedCurrency": "USD",
        "cik": "0001158449",
        "fillingDate": "2025-05-22",
        "acceptedDate": "2025-05-22 16:01:37",
        "calendarYear": "2025",
        "period": "Q1",
        "revenue": 2583000000,
        "costOfRevenue": 1474000000,
        "grossProfit": 1109000000,
        "grossProfitRatio": 0.429345722,
        "researchAndDevelopmentExpenses": 0,
        "generalAndAdministrativeExpenses": 0,
        "sellingAndMarketingExpenses": 0,
        "sellingGeneralAndAdministrativeExpenses": 1122000000,
        "otherExpenses": 118000000,
        "operatingExpenses": 1240000000,
        "costAndExpenses": 2714000000,
        "interestIncome": 0,
        "interestExpense": 27000000,
        "depreciationAndAmortization": 89000000,
        "ebitda": -15000000,
        "ebitdaratio": -0.0058072009,
        "operatingIncome": -131000000,
        "operatingIncomeRatio": -0.0507162214,
        "totalOtherIncomeExpensesNet": 0,
        "incomeBeforeTax": -131000000,
        "incomeBeforeTaxRatio": -0.0507162214,
        "incomeTaxExpense": -155000000,
        "netIncome": 24000000,
        "netIncomeRatio": 0.0092915215,
        "eps": 0.4,
        "epsdiluted": 0.4,
        "weightedAverageShsOut": 60000000,
        "weightedAverageShsOutDil": 60200000,
        "link": "https://www.sec.gov/Archives/edgar/data/1158449/000115844925000189/0001158449-25-000189-index.htm",
        "finalLink": "https://www.sec.gov/Archives/edgar/data/1158449/000115844925000189/aap-20250419.htm"
    },
    {
        "date": "2024-12-28",
        "symbol": "AAP",
        "reportedCurrency": "USD",
        "cik": "0001158449",
        "fillingDate": "2025-02-26",
        "acceptedDate": "2025-02-26 16:27:44",
        "calendarYear": "2024",
        "period": "Q4",
        "revenue": 1996025000,
        "costOfRevenue": 1648909000,
        "grossProfit": 347116000,
        "grossProfitRatio": 0.1739036335,
        "researchAndDevelopmentExpenses": 0,
        "generalAndAdministrativeExpenses": 778616000,
        "sellingAndMarketingExpenses": 79600000,
        "sellingGeneralAndAdministrativeExpenses": 858216000,
        "otherExpenses": 308903000,
        "operatingExpenses": 1167119000,
        "costAndExpenses": 2816028000,
        "interestIncome": 0,
        "interestExpense": 18906000,
        "depreciationAndAmortization": 74783000,
        "ebitda": -731748000,
        "ebitdaratio": -0.3666026227,
        "operatingIncome": -820003000,
        "operatingIncomeRatio": -0.4108180008,
        "totalOtherIncomeExpensesNet": -5434000,
        "incomeBeforeTax": -825437000,
        "incomeBeforeTaxRatio": -0.4135404116,
        "incomeTaxExpense": -215906000,
        "netIncome": -414777000,
        "netIncomeRatio": -0.2078015055,
        "eps": -6.94,
        "epsdiluted": -6.94,
        "weightedAverageShsOut": 59743000,
        "weightedAverageShsOutDil": 59743000,
        "link": "https://www.sec.gov/Archives/edgar/data/1158449/000115844925000064/0001158449-25-000064-index.htm",
        "finalLink": "https://www.sec.gov/Archives/edgar/data/1158449/000115844925000064/aap-20241228.htm"
    },
    {
        "date": "2024-10-05",
        "symbol": "AAP",
        "reportedCurrency": "USD",
        "cik": "0001158449",
        "fillingDate": "2024-11-14",
        "acceptedDate": "2024-11-14 17:19:35",
        "calendarYear": "2024",
        "period": "Q3",
        "revenue": 2147991000,
        "costOfRevenue": 1240093000,
        "grossProfit": 907898000,
        "grossProfitRatio": 0.4226730931,
        "researchAndDevelopmentExpenses": 0,
        "generalAndAdministrativeExpenses": 0,
        "sellingAndMarketingExpenses": 0,
        "sellingGeneralAndAdministrativeExpenses": 907495000,
        "otherExpenses": 0,
        "operatingExpenses": 907495000,
        "costAndExpenses": 2147588000,
        "interestIncome": 0,
        "interestExpense": 18805000,
        "depreciationAndAmortization": 66197000,
        "ebitda": 68993000,
        "ebitdaratio": 0.0321197808,
        "operatingIncome": 403000,
        "operatingIncomeRatio": 0.0001876172,
        "totalOtherIncomeExpensesNet": -16412000,
        "incomeBeforeTax": -16009000,
        "incomeBeforeTaxRatio": -0.0074530107,
        "incomeTaxExpense": 9354000,
        "netIncome": -6014000,
        "netIncomeRatio": -0.0027998255,
        "eps": -0.1,
        "epsdiluted": -0.1,
        "weightedAverageShsOut": 59684000,
        "weightedAverageShsOutDil": 59902000,
        "link": "https://www.sec.gov/Archives/edgar/data/1158449/000115844924000238/0001158449-24-000238-index.htm",
        "finalLink": "https://www.sec.gov/Archives/edgar/data/1158449/000115844924000238/aap-20241005.htm"
    },
    {
        "date": "2024-07-13",
        "symbol": "AAP",
        "reportedCurrency": "USD",
        "cik": "0001158449",
        "fillingDate": "2024-08-22",
        "acceptedDate": "2024-08-22 16:04:23",
        "calendarYear": "2024",
        "period": "Q2",
        "revenue": 2178000000,
        "costOfRevenue": 1228000000,
        "grossProfit": 950000000,
        "grossProfitRatio": 0.4361799816,
        "researchAndDevelopmentExpenses": 0,
        "generalAndAdministrativeExpenses": 0,
        "sellingAndMarketingExpenses": 0,
        "sellingGeneralAndAdministrativeExpenses": 889000000,
        "otherExpenses": 7000000,
        "operatingExpenses": 896000000,
        "costAndExpenses": 2124000000,
        "interestIncome": 0,
        "interestExpense": 19000000,
        "depreciationAndAmortization": 68000000,
        "ebitda": 131000000,
        "ebitdaratio": 0.0601469238,
        "operatingIncome": 54000000,
        "operatingIncomeRatio": 0.0247933884,
        "totalOtherIncomeExpensesNet": -10000000,
        "incomeBeforeTax": 44000000,
        "incomeBeforeTaxRatio": 0.0202020202,
        "incomeTaxExpense": 13000000,
        "netIncome": 45000000,
        "netIncomeRatio": 0.020661157,
        "eps": 0.76,
        "epsdiluted": 0.75,
        "weightedAverageShsOut": 59633000,
        "weightedAverageShsOutDil": 59905000,
        "link": "https://www.sec.gov/Archives/edgar/data/1158449/000115844924000195/0001158449-24-000195-index.htm",
        "finalLink": "https://www.sec.gov/Archives/edgar/data/1158449/000115844924000195/aap-20240713.htm"
    },
    {
        "date": "2024-04-20",
        "symbol": "AAP",
        "reportedCurrency": "USD",
        "cik": "0001158449",
        "fillingDate": "2024-05-30",
        "acceptedDate": "2024-05-29 21:37:15",
        "calendarYear": "2024",
        "period": "Q1",
        "revenue": 2772000000,
        "costOfRevenue": 1568000000,
        "grossProfit": 1204000000,
        "grossProfitRatio": 0.4343434343,
        "researchAndDevelopmentExpenses": 0,
        "generalAndAdministrativeExpenses": 0,
        "sellingAndMarketingExpenses": 0,
        "sellingGeneralAndAdministrativeExpenses": 1151000000,
        "otherExpenses": 0,
        "operatingExpenses": 1151000000,
        "costAndExpenses": 2719000000,
        "interestIncome": 0,
        "interestExpense": 25000000,
        "depreciationAndAmortization": 83000000,
        "ebitda": 137000000,
        "ebitdaratio": 0.0494227994,
        "operatingIncome": 53000000,
        "operatingIncomeRatio": 0.0191197691,
        "totalOtherIncomeExpensesNet": -24000000,
        "incomeBeforeTax": 29000000,
        "incomeBeforeTaxRatio": 0.0104617605,
        "incomeTaxExpense": 12000000,
        "netIncome": 40000000,
        "netIncomeRatio": 0.0144300144,
        "eps": 0.67,
        "epsdiluted": 0.67,
        "weightedAverageShsOut": 59558000,
        "weightedAverageShsOutDil": 59841000,
        "link": "https://www.sec.gov/Archives/edgar/data/1158449/000115844924000132/0001158449-24-000132-index.htm",
        "finalLink": "https://www.sec.gov/Archives/edgar/data/1158449/000115844924000132/aap-20240420.htm"
    },
    {
        "date": "2023-12-30",
        "symbol": "AAP",
        "reportedCurrency": "USD",
        "cik": "0001158449",
        "fillingDate": "2024-03-12",
        "acceptedDate": "2024-03-12 16:28:41",
        "calendarYear": "2023",
        "period": "Q4",
        "revenue": 2464869000,
        "costOfRevenue": 1543905000,
        "grossProfit": 920964000,
        "grossProfitRatio": 0.3736360837,
        "researchAndDevelopmentExpenses": 0,
        "generalAndAdministrativeExpenses": 696397000,
        "sellingAndMarketingExpenses": 149600000,
        "sellingGeneralAndAdministrativeExpenses": 845997000,
        "otherExpenses": 155683000,
        "operatingExpenses": 1001680000,
        "costAndExpenses": 2545585000,
        "interestIncome": 0,
        "interestExpense": 18062000,
        "depreciationAndAmortization": 71478000,
        "ebitda": -3507000,
        "ebitdaratio": -0.0014227937,
        "operatingIncome": -80716000,
        "operatingIncomeRatio": -0.0327465679,
        "totalOtherIncomeExpensesNet": -12331000,
        "incomeBeforeTax": -93047000,
        "incomeBeforeTaxRatio": -0.0377492678,
        "incomeTaxExpense": -32537000,
        "netIncome": -60510000,
        "netIncomeRatio": -0.024548972,
        "eps": -0.59,
        "epsdiluted": -0.59,
        "weightedAverageShsOut": 59504000,
        "weightedAverageShsOutDil": 59675000,
        "link": "https://www.sec.gov/Archives/edgar/data/1158449/000115844924000048/0001158449-24-000048-index.htm",
        "finalLink": "https://www.sec.gov/Archives/edgar/data/1158449/000115844924000048/aap-20231230.htm"
    },
    {
        "date": "2023-10-07",
        "symbol": "AAP",
        "reportedCurrency": "USD",
        "cik": "0001158449",
        "fillingDate": "2023-11-21",
        "acceptedDate": "2023-11-21 16:18:52",
        "calendarYear": "2023",
        "period": "Q3",
        "revenue": 2218205000,
        "costOfRevenue": 1400638000,
        "grossProfit": 817567000,
        "grossProfitRatio": 0.368571435,
        "researchAndDevelopmentExpenses": 0,
        "generalAndAdministrativeExpenses": 0,
        "sellingAndMarketingExpenses": 0,
        "sellingGeneralAndAdministrativeExpenses": 896145000,
        "otherExpenses": 0,
        "operatingExpenses": 896145000,
        "costAndExpenses": 2296783000,
        "interestIncome": 0,
        "interestExpense": 19375000,
        "depreciationAndAmortization": 43684000,
        "ebitda": -35199000,
        "ebitdaratio": -0.0158682358,
        "operatingIncome": -78578000,
        "operatingIncomeRatio": -0.035424138,
        "totalOtherIncomeExpensesNet": -19680000,
        "incomeBeforeTax": -98258000,
        "incomeBeforeTaxRatio": -0.0442961764,
        "incomeTaxExpense": -24072000,
        "netIncome": -62037000,
        "netIncomeRatio": -0.0279672077,
        "eps": -1.05,
        "epsdiluted": -1.05,
        "weightedAverageShsOut": 59474000,
        "weightedAverageShsOutDil": 59474000,
        "link": "https://www.sec.gov/Archives/edgar/data/1158449/000115844923000243/0001158449-23-000243-index.htm",
        "finalLink": "https://www.sec.gov/Archives/edgar/data/1158449/000115844923000243/aap-20231007.htm"
    },
    {
        "date": "2023-07-15",
        "symbol": "AAP",
        "reportedCurrency": "USD",
        "cik": "0001158449",
        "fillingDate": "2023-08-23",
        "acceptedDate": "2023-08-23 16:06:54",
        "calendarYear": "2023",
        "period": "Q2",
        "revenue": 2686066000,
        "costOfRevenue": 1545611000,
        "grossProfit": 1140455000,
        "grossProfitRatio": 0.4245818978,
        "researchAndDevelopmentExpenses": 0,
        "generalAndAdministrativeExpenses": 0,
        "sellingAndMarketingExpenses": 0,
        "sellingGeneralAndAdministrativeExpenses": 1014495000,
        "otherExpenses": 0,
        "operatingExpenses": 1014495000,
        "costAndExpenses": 2560106000,
        "interestIncome": 0,
        "interestExpense": 20869000,
        "depreciationAndAmortization": 70420000,
        "ebitda": 198064000,
        "ebitdaratio": 0.0737375776,
        "operatingIncome": 125960000,
        "operatingIncomeRatio": 0.0468938589,
        "totalOtherIncomeExpensesNet": -19185000,
        "incomeBeforeTax": 106775000,
        "incomeBeforeTaxRatio": 0.0397514432,
        "incomeTaxExpense": 28198000,
        "netIncome": 78577000,
        "netIncomeRatio": 0.0292535626,
        "eps": 1.32,
        "epsdiluted": 1.32,
        "weightedAverageShsOut": 59451000,
        "weightedAverageShsOutDil": 59604000,
        "link": "https://www.sec.gov/Archives/edgar/data/1158449/000115844923000204/0001158449-23-000204-index.htm",
        "finalLink": "https://www.sec.gov/Archives/edgar/data/1158449/000115844923000204/aap-20230715.htm"
    },
    {
        "date": "2023-04-22",
        "symbol": "AAP",
        "reportedCurrency": "USD",
        "cik": "0001158449",
        "fillingDate": "2023-06-06",
        "acceptedDate": "2023-06-05 18:23:38",
        "calendarYear": "2023",
        "period": "Q1",
        "revenue": 3417594000,
        "costOfRevenue": 1955666000,
        "grossProfit": 1461928000,
        "grossProfitRatio": 0.4277652641,
        "researchAndDevelopmentExpenses": 0,
        "generalAndAdministrativeExpenses": 0,
        "sellingAndMarketingExpenses": 0,
        "sellingGeneralAndAdministrativeExpenses": 1363990000,
        "otherExpenses": 0,
        "operatingExpenses": 1363990000,
        "costAndExpenses": 3319656000,
        "interestIncome": 0,
        "interestExpense": 29718000,
        "depreciationAndAmortization": 92554000,
        "ebitda": 189818000,
        "ebitdaratio": 0.0555414131,
        "operatingIncome": 97938000,
        "operatingIncomeRatio": 0.0286570026,
        "totalOtherIncomeExpensesNet": -30392000,
        "incomeBeforeTax": 67546000,
        "incomeBeforeTaxRatio": 0.0197641967,
        "incomeTaxExpense": 19223000,
        "netIncome": 48323000,
        "netIncomeRatio": 0.0141394794,
        "eps": 0.81,
        "epsdiluted": 0.81,
        "weightedAverageShsOut": 59334000,
        "weightedAverageShsOutDil": 59544000,
        "link": "https://www.sec.gov/Archives/edgar/data/1158449/000115844923000142/0001158449-23-000142-index.htm",
        "finalLink": "https://www.sec.gov/Archives/edgar/data/1158449/000115844923000142/aap-20230422.htm"
    },
    {
        "date": "2022-12-31",
        "symbol": "AAP",
        "reportedCurrency": "USD",
        "cik": "0001158449",
        "fillingDate": "2023-02-28",
        "acceptedDate": "2023-02-28 16:27:41",
        "calendarYear": "2022",
        "period": "Q4",
        "revenue": 2473745000,
        "costOfRevenue": 1383734000,
        "grossProfit": 1090011000,
        "grossProfitRatio": 0.4406319164,
        "researchAndDevelopmentExpenses": 0,
        "generalAndAdministrativeExpenses": 0,
        "sellingAndMarketingExpenses": 0,
        "sellingGeneralAndAdministrativeExpenses": 958009000,
        "otherExpenses": 0,
        "operatingExpenses": 958009000,
        "costAndExpenses": 2341743000,
        "interestIncome": 0,
        "interestExpense": 15946000,
        "depreciationAndAmortization": 68576000,
        "ebitda": 211896000,
        "ebitdaratio": 0.0856579801,
        "operatingIncome": 132002000,
        "operatingIncomeRatio": 0.0533611993,
        "totalOtherIncomeExpensesNet": -4628000,
        "incomeBeforeTax": 127374000,
        "incomeBeforeTaxRatio": 0.0514903517,
        "incomeTaxExpense": 20678000,
        "netIncome": 106696000,
        "netIncomeRatio": 0.0431313656,
        "eps": 1.8,
        "epsdiluted": 1.79,
        "weightedAverageShsOut": 59333000,
        "weightedAverageShsOutDil": 59623000,
        "link": "https://www.sec.gov/Archives/edgar/data/1158449/000115844923000035/0001158449-23-000035-index.htm",
        "finalLink": "https://www.sec.gov/Archives/edgar/data/1158449/000115844923000035/aap-20221231.htm"
    },
    {
        "date": "2022-10-08",
        "symbol": "AAP",
        "reportedCurrency": "USD",
        "cik": "0001158449",
        "fillingDate": "2022-11-16",
        "acceptedDate": "2022-11-16 16:09:58",
        "calendarYear": "2022",
        "period": "Q3",
        "revenue": 2641341000,
        "costOfRevenue": 1462094000,
        "grossProfit": 1179247000,
        "grossProfitRatio": 0.4464576895,
        "researchAndDevelopmentExpenses": 0,
        "generalAndAdministrativeExpenses": 0,
        "sellingAndMarketingExpenses": 0,
        "sellingGeneralAndAdministrativeExpenses": 1008226000,
        "otherExpenses": 0,
        "operatingExpenses": 1008226000,
        "costAndExpenses": 2470320000,
        "interestIncome": 0,
        "interestExpense": 12039000,
        "depreciationAndAmortization": 66533000,
        "ebitda": 232500000,
        "ebitdaratio": 0.0880234699,
        "operatingIncome": 171021000,
        "operatingIncomeRatio": 0.0647477929,
        "totalOtherIncomeExpensesNet": -17093000,
        "incomeBeforeTax": 153928000,
        "incomeBeforeTaxRatio": 0.0582764588,
        "incomeTaxExpense": 38047000,
        "netIncome": 115881000,
        "netIncomeRatio": 0.0438720332,
        "eps": 1.85,
        "epsdiluted": 1.84,
        "weightedAverageShsOut": 60053000,
        "weightedAverageShsOutDil": 60384000,
        "link": "https://www.sec.gov/Archives/edgar/data/1158449/000115844922000268/0001158449-22-000268-index.htm",
        "finalLink": "https://www.sec.gov/Archives/edgar/data/1158449/000115844922000268/aap-20221008.htm"
    },
    {
        "date": "2022-07-16",
        "symbol": "AAP",
        "reportedCurrency": "USD",
        "cik": "0001158449",
        "fillingDate": "2022-08-24",
        "acceptedDate": "2022-08-24 16:18:18",
        "calendarYear": "2022",
        "period": "Q2",
        "revenue": 2665426000,
        "costOfRevenue": 1483509000,
        "grossProfit": 1181917000,
        "grossProfitRatio": 0.4434251786,
        "researchAndDevelopmentExpenses": 0,
        "generalAndAdministrativeExpenses": 0,
        "sellingAndMarketingExpenses": 0,
        "sellingGeneralAndAdministrativeExpenses": 967178000,
        "otherExpenses": 0,
        "operatingExpenses": 967178000,
        "costAndExpenses": 2450687000,
        "interestIncome": 0,
        "interestExpense": 10207000,
        "depreciationAndAmortization": 63110000,
        "ebitda": 264081000,
        "ebitdaratio": 0.0990764703,
        "operatingIncome": 214739000,
        "operatingIncomeRatio": 0.0805646077,
        "totalOtherIncomeExpensesNet": -23975000,
        "incomeBeforeTax": 190764000,
        "incomeBeforeTaxRatio": 0.0715697978,
        "incomeTaxExpense": 46362000,
        "netIncome": 144402000,
        "netIncomeRatio": 0.0541759554,
        "eps": 2.39,
        "epsdiluted": 2.38,
        "weightedAverageShsOut": 60452000,
        "weightedAverageShsOutDil": 60782000,
        "link": "https://www.sec.gov/Archives/edgar/data/1158449/000115844922000235/0001158449-22-000235-index.htm",
        "finalLink": "https://www.sec.gov/Archives/edgar/data/1158449/000115844922000235/aap-20220716.htm"
    },
    {
        "date": "2022-04-23",
        "symbol": "AAP",
        "reportedCurrency": "USD",
        "cik": "0001158449",
        "fillingDate": "2022-05-24",
        "acceptedDate": "2022-05-24 16:08:02",
        "calendarYear": "2022",
        "period": "Q1",
        "revenue": 3374210000,
        "costOfRevenue": 1876073000,
        "grossProfit": 1498137000,
        "grossProfitRatio": 0.4439963725,
        "researchAndDevelopmentExpenses": 0,
        "generalAndAdministrativeExpenses": 0,
        "sellingAndMarketingExpenses": 0,
        "sellingGeneralAndAdministrativeExpenses": 1284417000,
        "otherExpenses": 0,
        "operatingExpenses": 1284417000,
        "costAndExpenses": 3160490000,
        "interestIncome": 0,
        "interestExpense": 12868000,
        "depreciationAndAmortization": 85581000,
        "ebitda": 281579000,
        "ebitdaratio": 0.0834503484,
        "operatingIncome": 213720000,
        "operatingIncomeRatio": 0.0633392705,
        "totalOtherIncomeExpensesNet": -30590000,
        "incomeBeforeTax": 183130000,
        "incomeBeforeTaxRatio": 0.0542734447,
        "incomeTaxExpense": 43339000,
        "netIncome": 139791000,
        "netIncomeRatio": 0.0414292531,
        "eps": 2.28,
        "epsdiluted": 2.26,
        "weightedAverageShsOut": 61732000,
        "weightedAverageShsOutDil": 61732000,
        "link": "https://www.sec.gov/Archives/edgar/data/1158449/000115844922000176/0001158449-22-000176-index.htm",
        "finalLink": "https://www.sec.gov/Archives/edgar/data/1158449/000115844922000176/aap-20220423.htm"
    },
    {
        "date": "2021-12-31",
        "symbol": "AAP",
        "reportedCurrency": "USD",
        "cik": "0001158449",
        "fillingDate": "2022-02-15",
        "acceptedDate": "2022-02-15 16:20:02",
        "calendarYear": "2021",
        "period": "Q4",
        "revenue": 2396975000,
        "costOfRevenue": 1324858000,
        "grossProfit": 1072117000,
        "grossProfitRatio": 0.4472791748,
        "researchAndDevelopmentExpenses": 0,
        "generalAndAdministrativeExpenses": 0,
        "sellingAndMarketingExpenses": 0,
        "sellingGeneralAndAdministrativeExpenses": 959655000,
        "otherExpenses": 0,
        "operatingExpenses": 959655000,
        "costAndExpenses": 2284513000,
        "interestIncome": 0,
        "interestExpense": 9706000,
        "depreciationAndAmortization": 65196000,
        "ebitda": 174867000,
        "ebitdaratio": 0.0729532014,
        "operatingIncome": 112462000,
        "operatingIncomeRatio": 0.0469183033,
        "totalOtherIncomeExpensesNet": -12497000,
        "incomeBeforeTax": 99965000,
        "incomeBeforeTaxRatio": 0.0417046486,
        "incomeTaxExpense": 18296000,
        "netIncome": 81669000,
        "netIncomeRatio": 0.0340716945,
        "eps": 1.31,
        "epsdiluted": 1.3,
        "weightedAverageShsOut": 62272000,
        "weightedAverageShsOutDil": 62845000,
        "link": "https://www.sec.gov/Archives/edgar/data/1158449/000115844922000037/0001158449-22-000037-index.htm",
        "finalLink": "https://www.sec.gov/Archives/edgar/data/1158449/000115844922000037/aap-20220101.htm"
    },
    {
        "date": "2021-10-09",
        "symbol": "AAP",
        "reportedCurrency": "USD",
        "cik": "0001158449",
        "fillingDate": "2021-11-16",
        "acceptedDate": "2021-11-16 16:17:45",
        "calendarYear": "2021",
        "period": "Q3",
        "revenue": 2621229000,
        "costOfRevenue": 1438775000,
        "grossProfit": 1182454000,
        "grossProfitRatio": 0.4511067137,
        "researchAndDevelopmentExpenses": 0,
        "generalAndAdministrativeExpenses": 0,
        "sellingAndMarketingExpenses": 0,
        "sellingGeneralAndAdministrativeExpenses": 953256000,
        "otherExpenses": 0,
        "operatingExpenses": 953256000,
        "costAndExpenses": 2392031000,
        "interestIncome": 0,
        "interestExpense": 8587000,
        "depreciationAndAmortization": 59426000,
        "ebitda": 290434000,
        "ebitdaratio": 0.1108006969,
        "operatingIncome": 229198000,
        "operatingIncomeRatio": 0.0874391364,
        "totalOtherIncomeExpensesNet": -6777000,
        "incomeBeforeTax": 222421000,
        "incomeBeforeTaxRatio": 0.0848537079,
        "incomeTaxExpense": 52608000,
        "netIncome": 169813000,
        "netIncomeRatio": 0.0647837331,
        "eps": 2.7,
        "epsdiluted": 2.68,
        "weightedAverageShsOut": 62854000,
        "weightedAverageShsOutDil": 63348000,
        "link": "https://www.sec.gov/Archives/edgar/data/1158449/000115844921000213/0001158449-21-000213-index.htm",
        "finalLink": "https://www.sec.gov/Archives/edgar/data/1158449/000115844921000213/aap-20211009.htm"
    },
    {
        "date": "2021-07-17",
        "symbol": "AAP",
        "reportedCurrency": "USD",
        "cik": "0001158449",
        "fillingDate": "2021-08-24",
        "acceptedDate": "2021-08-24 16:08:56",
        "calendarYear": "2021",
        "period": "Q2",
        "revenue": 2649415000,
        "costOfRevenue": 1460164000,
        "grossProfit": 1189251000,
        "grossProfitRatio": 0.4488730531,
        "researchAndDevelopmentExpenses": 0,
        "generalAndAdministrativeExpenses": 0,
        "sellingAndMarketingExpenses": 0,
        "sellingGeneralAndAdministrativeExpenses": 944323000,
        "otherExpenses": 0,
        "operatingExpenses": 944323000,
        "costAndExpenses": 2404487000,
        "interestIncome": 0,
        "interestExpense": 8306000,
        "depreciationAndAmortization": 58058000,
        "ebitda": 304129000,
        "ebitdaratio": 0.114791001,
        "operatingIncome": 244928000,
        "operatingIncomeRatio": 0.0924460683,
        "totalOtherIncomeExpensesNet": -7163000,
        "incomeBeforeTax": 237765000,
        "incomeBeforeTaxRatio": 0.0897424526,
        "incomeTaxExpense": 59069000,
        "netIncome": 178696000,
        "netIncomeRatio": 0.0674473421,
        "eps": 2.76,
        "epsdiluted": 2.74,
        "weightedAverageShsOut": 64745000,
        "weightedAverageShsOutDil": 65210000,
        "link": "https://www.sec.gov/Archives/edgar/data/1158449/000115844921000176/0001158449-21-000176-index.htm",
        "finalLink": "https://www.sec.gov/Archives/edgar/data/1158449/000115844921000176/aap-20210717.htm"
    },
    {
        "date": "2021-04-24",
        "symbol": "AAP",
        "reportedCurrency": "USD",
        "cik": "0001158449",
        "fillingDate": "2021-06-02",
        "acceptedDate": "2021-06-02 16:29:38",
        "calendarYear": "2021",
        "period": "Q1",
        "revenue": 3330370000,
        "costOfRevenue": 1845444000,
        "grossProfit": 1484926000,
        "grossProfitRatio": 0.4458741821,
        "researchAndDevelopmentExpenses": 0,
        "generalAndAdministrativeExpenses": 0,
        "sellingAndMarketingExpenses": 0,
        "sellingGeneralAndAdministrativeExpenses": 1232797000,
        "otherExpenses": 0,
        "operatingExpenses": 1232797000,
        "costAndExpenses": 3078241000,
        "interestIncome": 0,
        "interestExpense": 11191000,
        "depreciationAndAmortization": 77253000,
        "ebitda": 334218000,
        "ebitdaratio": 0.1003546153,
        "operatingIncome": 252129000,
        "operatingIncomeRatio": 0.0757060026,
        "totalOtherIncomeExpensesNet": -6355000,
        "incomeBeforeTax": 245774000,
        "incomeBeforeTaxRatio": 0.0737978062,
        "incomeTaxExpense": 59844000,
        "netIncome": 185930000,
        "netIncomeRatio": 0.0558286317,
        "eps": 2.83,
        "epsdiluted": 2.81,
        "weightedAverageShsOut": 65688000,
        "weightedAverageShsOutDil": 66102000,
        "link": "https://www.sec.gov/Archives/edgar/data/1158449/000115844921000132/0001158449-21-000132-index.htm",
        "finalLink": "https://www.sec.gov/Archives/edgar/data/1158449/000115844921000132/aap-20210424.htm"
    },
    {
        "date": "2020-12-31",
        "symbol": "AAP",
        "reportedCurrency": "USD",
        "cik": "0001158449",
        "fillingDate": "2021-02-22",
        "acceptedDate": "2021-02-22 06:17:48",
        "calendarYear": "2020",
        "period": "Q4",
        "revenue": 2365131000,
        "costOfRevenue": 1281435000,
        "grossProfit": 1083696000,
        "grossProfitRatio": 0.4581970301,
        "researchAndDevelopmentExpenses": 0,
        "generalAndAdministrativeExpenses": 0,
        "sellingAndMarketingExpenses": 0,
        "sellingGeneralAndAdministrativeExpenses": 931870000,
        "otherExpenses": 0,
        "operatingExpenses": 931870000,
        "costAndExpenses": 2213305000,
        "interestIncome": 0,
        "interestExpense": 9296000,
        "depreciationAndAmortization": 57170000,
        "ebitda": 207210000,
        "ebitdaratio": 0.0876103692,
        "operatingIncome": 151826000,
        "operatingIncomeRatio": 0.0641934844,
        "totalOtherIncomeExpensesNet": -11082000,
        "incomeBeforeTax": 140744000,
        "incomeBeforeTaxRatio": 0.0595079089,
        "incomeTaxExpense": 28747000,
        "netIncome": 111997000,
        "netIncomeRatio": 0.0473534024,
        "eps": 1.66,
        "epsdiluted": 1.65,
        "weightedAverageShsOut": 67581000,
        "weightedAverageShsOutDil": 67929000,
        "link": "https://www.sec.gov/Archives/edgar/data/1158449/000115844921000036/0001158449-21-000036-index.htm",
        "finalLink": "https://www.sec.gov/Archives/edgar/data/1158449/000115844921000036/aap-20210102.htm"
    },
    {
        "date": "2020-10-03",
        "symbol": "AAP",
        "reportedCurrency": "USD",
        "cik": "0001158449",
        "fillingDate": "2020-11-10",
        "acceptedDate": "2020-11-10 16:09:51",
        "calendarYear": "2020",
        "period": "Q3",
        "revenue": 2541928000,
        "costOfRevenue": 1413457000,
        "grossProfit": 1128471000,
        "grossProfitRatio": 0.4439429441,
        "researchAndDevelopmentExpenses": 0,
        "generalAndAdministrativeExpenses": 0,
        "sellingAndMarketingExpenses": 0,
        "sellingGeneralAndAdministrativeExpenses": 871660000,
        "otherExpenses": 0,
        "operatingExpenses": 871660000,
        "costAndExpenses": 2285117000,
        "interestIncome": 0,
        "interestExpense": 11925000,
        "depreciationAndAmortization": 57690000,
        "ebitda": 267153000,
        "ebitdaratio": 0.1050985708,
        "operatingIncome": 256811000,
        "operatingIncomeRatio": 0.1010300056,
        "totalOtherIncomeExpensesNet": -59273000,
        "incomeBeforeTax": 197538000,
        "incomeBeforeTaxRatio": 0.0777118785,
        "incomeTaxExpense": 50062000,
        "netIncome": 147476000,
        "netIncomeRatio": 0.0580173789,
        "eps": 2.14,
        "epsdiluted": 2.13,
        "weightedAverageShsOut": 68965000,
        "weightedAverageShsOutDil": 69267000,
        "link": "https://www.sec.gov/Archives/edgar/data/1158449/000115844920000259/0001158449-20-000259-index.htm",
        "finalLink": "https://www.sec.gov/Archives/edgar/data/1158449/000115844920000259/aap-20201003.htm"
    },
    {
        "date": "2020-07-11",
        "symbol": "AAP",
        "reportedCurrency": "USD",
        "cik": "0001158449",
        "fillingDate": "2020-08-18",
        "acceptedDate": "2020-08-18 16:40:43",
        "calendarYear": "2020",
        "period": "Q2",
        "revenue": 2501380000,
        "costOfRevenue": 1404666000,
        "grossProfit": 1096714000,
        "grossProfitRatio": 0.4384435791,
        "researchAndDevelopmentExpenses": 0,
        "generalAndAdministrativeExpenses": 0,
        "sellingAndMarketingExpenses": 0,
        "sellingGeneralAndAdministrativeExpenses": 833869000,
        "otherExpenses": 0,
        "operatingExpenses": 833869000,
        "costAndExpenses": 2238535000,
        "interestIncome": 0,
        "interestExpense": 13422000,
        "depreciationAndAmortization": 56642000,
        "ebitda": 322604000,
        "ebitdaratio": 0.1289704083,
        "operatingIncome": 262845000,
        "operatingIncomeRatio": 0.1050799958,
        "totalOtherIncomeExpensesNet": -10305000,
        "incomeBeforeTax": 252540000,
        "incomeBeforeTaxRatio": 0.1009602699,
        "incomeTaxExpense": 62580000,
        "netIncome": 189960000,
        "netIncomeRatio": 0.07594208,
        "eps": 2.75,
        "epsdiluted": 2.74,
        "weightedAverageShsOut": 69118000,
        "weightedAverageShsOutDil": 69294000,
        "link": "https://www.sec.gov/Archives/edgar/data/1158449/000115844920000204/0001158449-20-000204-index.htm",
        "finalLink": "https://www.sec.gov/Archives/edgar/data/1158449/000115844920000204/aap-20200711.htm"
    },
    {
        "date": "2020-04-18",
        "symbol": "AAP",
        "reportedCurrency": "USD",
        "cik": "0001158449",
        "fillingDate": "2020-05-19",
        "acceptedDate": "2020-05-19 16:10:12",
        "calendarYear": "2020",
        "period": "Q1",
        "revenue": 2697882000,
        "costOfRevenue": 1525149000,
        "grossProfit": 1172733000,
        "grossProfitRatio": 0.434686543,
        "researchAndDevelopmentExpenses": 0,
        "generalAndAdministrativeExpenses": 0,
        "sellingAndMarketingExpenses": 0,
        "sellingGeneralAndAdministrativeExpenses": 1094308000,
        "otherExpenses": 0,
        "operatingExpenses": 1094308000,
        "costAndExpenses": 2619457000,
        "interestIncome": 0,
        "interestExpense": 12243000,
        "depreciationAndAmortization": 78579000,
        "ebitda": 151015000,
        "ebitdaratio": 0.0559753911,
        "operatingIncome": 78425000,
        "operatingIncomeRatio": 0.0290690994,
        "totalOtherIncomeExpensesNet": -18232000,
        "incomeBeforeTax": 60193000,
        "incomeBeforeTaxRatio": 0.0223112056,
        "incomeTaxExpense": 16605000,
        "netIncome": 43588000,
        "netIncomeRatio": 0.0161563775,
        "eps": 0.63,
        "epsdiluted": 0.63,
        "weightedAverageShsOut": 69181000,
        "weightedAverageShsOutDil": 69392000,
        "link": "https://www.sec.gov/Archives/edgar/data/1158449/000115844920000149/0001158449-20-000149-index.htm",
        "finalLink": "https://www.sec.gov/Archives/edgar/data/1158449/000115844920000149/aap-20200418.htm"
    },
    {
        "date": "2019-12-31",
        "symbol": "AAP",
        "reportedCurrency": "USD",
        "cik": "0001158449",
        "fillingDate": "2020-02-18",
        "acceptedDate": "2020-02-18 16:33:41",
        "calendarYear": "2019",
        "period": "Q4",
        "revenue": 2112614000,
        "costOfRevenue": 1183845000,
        "grossProfit": 928769000,
        "grossProfitRatio": 0.4396302401,
        "researchAndDevelopmentExpenses": 0,
        "generalAndAdministrativeExpenses": 0,
        "sellingAndMarketingExpenses": 0,
        "sellingGeneralAndAdministrativeExpenses": 802630000,
        "otherExpenses": 0,
        "operatingExpenses": 802630000,
        "costAndExpenses": 1986475000,
        "interestIncome": 0,
        "interestExpense": 7836000,
        "depreciationAndAmortization": 58806000,
        "ebitda": 186681000,
        "ebitdaratio": 0.0883649356,
        "operatingIncome": 126139000,
        "operatingIncomeRatio": 0.0597075471,
        "totalOtherIncomeExpensesNet": -6100000,
        "incomeBeforeTax": 120039000,
        "incomeBeforeTaxRatio": 0.056820129,
        "incomeTaxExpense": 24132000,
        "netIncome": 95907000,
        "netIncomeRatio": 0.0453973135,
        "eps": 1.39,
        "epsdiluted": 1.38,
        "weightedAverageShsOut": 69262000,
        "weightedAverageShsOutDil": 69570000,
        "link": "https://www.sec.gov/Archives/edgar/data/1158449/000115844920000035/0001158449-20-000035-index.htm",
        "finalLink": "https://www.sec.gov/Archives/edgar/data/1158449/000115844920000035/aap10k12282019secreport.htm"
    },
    {
        "date": "2019-10-05",
        "symbol": "AAP",
        "reportedCurrency": "USD",
        "cik": "0001158449",
        "fillingDate": "2019-11-12",
        "acceptedDate": "2019-11-12 16:03:10",
        "calendarYear": "2019",
        "period": "Q3",
        "revenue": 2312106000,
        "costOfRevenue": 1300180000,
        "grossProfit": 1011926000,
        "grossProfitRatio": 0.4376641901,
        "researchAndDevelopmentExpenses": 0,
        "generalAndAdministrativeExpenses": 0,
        "sellingAndMarketingExpenses": 0,
        "sellingGeneralAndAdministrativeExpenses": 839598000,
        "otherExpenses": 0,
        "operatingExpenses": 839598000,
        "costAndExpenses": 2139778000,
        "interestIncome": 0,
        "interestExpense": 8443000,
        "depreciationAndAmortization": 56308000,
        "ebitda": 225491000,
        "ebitdaratio": 0.097526238,
        "operatingIncome": 172328000,
        "operatingIncomeRatio": 0.074532915,
        "totalOtherIncomeExpensesNet": -11588000,
        "incomeBeforeTax": 160740000,
        "incomeBeforeTaxRatio": 0.0695210341,
        "incomeTaxExpense": 37071000,
        "netIncome": 123669000,
        "netIncomeRatio": 0.0534875996,
        "eps": 1.76,
        "epsdiluted": 1.75,
        "weightedAverageShsOut": 70381000,
        "weightedAverageShsOutDil": 70664000,
        "link": "https://www.sec.gov/Archives/edgar/data/1158449/000115844919000199/0001158449-19-000199-index.htm",
        "finalLink": "https://www.sec.gov/Archives/edgar/data/1158449/000115844919000199/aap10q10519secreport.htm"
    },
    {
        "date": "2019-07-13",
        "symbol": "AAP",
        "reportedCurrency": "USD",
        "cik": "0001158449",
        "fillingDate": "2019-08-13",
        "acceptedDate": "2019-08-13 16:03:47",
        "calendarYear": "2019",
        "period": "Q2",
        "revenue": 2332246000,
        "costOfRevenue": 1322808000,
        "grossProfit": 1009438000,
        "grossProfitRatio": 0.4328179789,
        "researchAndDevelopmentExpenses": 0,
        "generalAndAdministrativeExpenses": 0,
        "sellingAndMarketingExpenses": 0,
        "sellingGeneralAndAdministrativeExpenses": 838666000,
        "otherExpenses": 0,
        "operatingExpenses": 838666000,
        "costAndExpenses": 2161474000,
        "interestIncome": 0,
        "interestExpense": 8675000,
        "depreciationAndAmortization": 53372000,
        "ebitda": 228257000,
        "ebitdaratio": 0.097870036,
        "operatingIncome": 170772000,
        "operatingIncomeRatio": 0.0732221215,
        "totalOtherIncomeExpensesNet": -4562000,
        "incomeBeforeTax": 166210000,
        "incomeBeforeTaxRatio": 0.0712660671,
        "incomeTaxExpense": 41390000,
        "netIncome": 124820000,
        "netIncomeRatio": 0.0535192257,
        "eps": 1.74,
        "epsdiluted": 1.73,
        "weightedAverageShsOut": 71738000,
        "weightedAverageShsOutDil": 72008000,
        "link": "https://www.sec.gov/Archives/edgar/data/1158449/000115844919000165/0001158449-19-000165-index.htm",
        "finalLink": "https://www.sec.gov/Archives/edgar/data/1158449/000115844919000165/aap10q71319secreport.htm"
    },
    {
        "date": "2019-04-20",
        "symbol": "AAP",
        "reportedCurrency": "USD",
        "cik": "0001158449",
        "fillingDate": "2019-05-22",
        "acceptedDate": "2019-05-22 16:01:54",
        "calendarYear": "2019",
        "period": "Q1",
        "revenue": 2952036000,
        "costOfRevenue": 1647424000,
        "grossProfit": 1304612000,
        "grossProfitRatio": 0.4419363449,
        "researchAndDevelopmentExpenses": 0,
        "generalAndAdministrativeExpenses": 0,
        "sellingAndMarketingExpenses": 0,
        "sellingGeneralAndAdministrativeExpenses": 1096672000,
        "otherExpenses": 0,
        "operatingExpenses": 1096672000,
        "costAndExpenses": 2744096000,
        "interestIncome": 0,
        "interestExpense": 14944000,
        "depreciationAndAmortization": 69885000,
        "ebitda": 275587000,
        "ebitdaratio": 0.0933548913,
        "operatingIncome": 207940000,
        "operatingIncomeRatio": 0.0704395204,
        "totalOtherIncomeExpensesNet": -17182000,
        "incomeBeforeTax": 190758000,
        "incomeBeforeTaxRatio": 0.0646191307,
        "incomeTaxExpense": 48258000,
        "netIncome": 142500000,
        "netIncomeRatio": 0.048271769,
        "eps": 1.99,
        "epsdiluted": 1.98,
        "weightedAverageShsOut": 71787000,
        "weightedAverageShsOutDil": 72103000,
        "link": "https://www.sec.gov/Archives/edgar/data/1158449/000115844919000119/0001158449-19-000119-index.htm",
        "finalLink": "https://www.sec.gov/Archives/edgar/data/1158449/000115844919000119/aap_10q42019secreport.htm"
    },
    {
        "date": "2018-12-31",
        "symbol": "AAP",
        "reportedCurrency": "USD",
        "cik": "0001158449",
        "fillingDate": "2019-02-19",
        "acceptedDate": "2019-02-19 16:04:12",
        "calendarYear": "2018",
        "period": "Q4",
        "revenue": 2105072000,
        "costOfRevenue": 1176428000,
        "grossProfit": 928644000,
        "grossProfitRatio": 0.4411459561,
        "researchAndDevelopmentExpenses": 0,
        "generalAndAdministrativeExpenses": 0,
        "sellingAndMarketingExpenses": 0,
        "sellingGeneralAndAdministrativeExpenses": 844391000,
        "otherExpenses": 0,
        "operatingExpenses": 844391000,
        "costAndExpenses": 2020819000,
        "interestIncome": 0,
        "interestExpense": 12975000,
        "depreciationAndAmortization": 54600000,
        "ebitda": 137432000,
        "ebitdaratio": 0.065286128,
        "operatingIncome": 84253000,
        "operatingIncomeRatio": 0.0400238092,
        "totalOtherIncomeExpensesNet": -14396000,
        "incomeBeforeTax": 69857000,
        "incomeBeforeTaxRatio": 0.0331850882,
        "incomeTaxExpense": 16415000,
        "netIncome": 53442000,
        "netIncomeRatio": 0.0253872552,
        "eps": 0.74,
        "epsdiluted": 0.74,
        "weightedAverageShsOut": 72906000,
        "weightedAverageShsOutDil": 73254000,
        "link": "https://www.sec.gov/Archives/edgar/data/1158449/000115844919000043/0001158449-19-000043-index.htm",
        "finalLink": "https://www.sec.gov/Archives/edgar/data/1158449/000115844919000043/aap_10kx12292018secreport.htm"
    },
    {
        "date": "2018-10-06",
        "symbol": "AAP",
        "reportedCurrency": "USD",
        "cik": "0001158449",
        "fillingDate": "2018-11-13",
        "acceptedDate": "2018-11-13 16:04:48",
        "calendarYear": "2018",
        "period": "Q3",
        "revenue": 2274982000,
        "costOfRevenue": 1268055000,
        "grossProfit": 1006927000,
        "grossProfitRatio": 0.4426087767,
        "researchAndDevelopmentExpenses": 0,
        "generalAndAdministrativeExpenses": 0,
        "sellingAndMarketingExpenses": 0,
        "sellingGeneralAndAdministrativeExpenses": 852686000,
        "otherExpenses": 0,
        "operatingExpenses": 852686000,
        "costAndExpenses": 2120741000,
        "interestIncome": 0,
        "interestExpense": 13076000,
        "depreciationAndAmortization": 55340000,
        "ebitda": 215336000,
        "ebitdaratio": 0.0946539357,
        "operatingIncome": 154241000,
        "operatingIncomeRatio": 0.0677987782,
        "totalOtherIncomeExpensesNet": -7321000,
        "incomeBeforeTax": 146920000,
        "incomeBeforeTaxRatio": 0.0645807307,
        "incomeTaxExpense": 31077000,
        "netIncome": 115843000,
        "netIncomeRatio": 0.0509204029,
        "eps": 1.57,
        "epsdiluted": 1.56,
        "weightedAverageShsOut": 73888000,
        "weightedAverageShsOutDil": 74190000,
        "link": "https://www.sec.gov/Archives/edgar/data/1158449/000115844918000204/0001158449-18-000204-index.htm",
        "finalLink": "https://www.sec.gov/Archives/edgar/data/1158449/000115844918000204/aap_10q10062018secreport.htm"
    },
    {
        "date": "2018-07-14",
        "symbol": "AAP",
        "reportedCurrency": "USD",
        "cik": "0001158449",
        "fillingDate": "2018-08-14",
        "acceptedDate": "2018-08-14 16:03:50",
        "calendarYear": "2018",
        "period": "Q2",
        "revenue": 2326652000,
        "costOfRevenue": 1315093000,
        "grossProfit": 1011559000,
        "grossProfitRatio": 0.4347702192,
        "researchAndDevelopmentExpenses": 0,
        "generalAndAdministrativeExpenses": 0,
        "sellingAndMarketingExpenses": 0,
        "sellingGeneralAndAdministrativeExpenses": 844018000,
        "otherExpenses": 0,
        "operatingExpenses": 844018000,
        "costAndExpenses": 2159111000,
        "interestIncome": 0,
        "interestExpense": 12855000,
        "depreciationAndAmortization": 56552000,
        "ebitda": 226878000,
        "ebitdaratio": 0.0975126491,
        "operatingIncome": 167541000,
        "operatingIncomeRatio": 0.0720094797,
        "totalOtherIncomeExpensesNet": -10070000,
        "incomeBeforeTax": 157471000,
        "incomeBeforeTaxRatio": 0.0676813722,
        "incomeTaxExpense": 39635000,
        "netIncome": 117836000,
        "netIncomeRatio": 0.0506461645,
        "eps": 1.59,
        "epsdiluted": 1.59,
        "weightedAverageShsOut": 74054000,
        "weightedAverageShsOutDil": 74244000,
        "link": "https://www.sec.gov/Archives/edgar/data/1158449/000115844918000160/0001158449-18-000160-index.htm",
        "finalLink": "https://www.sec.gov/Archives/edgar/data/1158449/000115844918000160/aap_10q7142018.htm"
    },
    {
        "date": "2018-04-21",
        "symbol": "AAP",
        "reportedCurrency": "USD",
        "cik": "0001158449",
        "fillingDate": "2018-05-22",
        "acceptedDate": "2018-05-22 16:04:55",
        "calendarYear": "2018",
        "period": "Q1",
        "revenue": 2873848000,
        "costOfRevenue": 1601564000,
        "grossProfit": 1272284000,
        "grossProfitRatio": 0.4427109576,
        "researchAndDevelopmentExpenses": 0,
        "generalAndAdministrativeExpenses": 0,
        "sellingAndMarketingExpenses": 0,
        "sellingGeneralAndAdministrativeExpenses": 1074043000,
        "otherExpenses": 0,
        "operatingExpenses": 1074043000,
        "costAndExpenses": 2675607000,
        "interestIncome": 0,
        "interestExpense": 17682000,
        "depreciationAndAmortization": 71692000,
        "ebitda": 270391000,
        "ebitdaratio": 0.0940867436,
        "operatingIncome": 198241000,
        "operatingIncomeRatio": 0.0689810317,
        "totalOtherIncomeExpensesNet": -17224000,
        "incomeBeforeTax": 181017000,
        "incomeBeforeTaxRatio": 0.0629876737,
        "incomeTaxExpense": 44290000,
        "netIncome": 136727000,
        "netIncomeRatio": 0.047576281,
        "eps": 1.85,
        "epsdiluted": 1.84,
        "weightedAverageShsOut": 73979000,
        "weightedAverageShsOutDil": 74205000,
        "link": "https://www.sec.gov/Archives/edgar/data/1158449/000115844918000100/0001158449-18-000100-index.htm",
        "finalLink": "https://www.sec.gov/Archives/edgar/data/1158449/000115844918000100/aap_10q4212018.htm"
    },
    {
        "date": "2017-12-31",
        "symbol": "AAP",
        "reportedCurrency": "USD",
        "cik": "0001158449",
        "fillingDate": "2018-02-21",
        "acceptedDate": "2018-02-21 16:17:10",
        "calendarYear": "2017",
        "period": "Q4",
        "revenue": 2036986000,
        "costOfRevenue": 1163417000,
        "grossProfit": 873569000,
        "grossProfitRatio": 0.4288537084,
        "researchAndDevelopmentExpenses": 0,
        "generalAndAdministrativeExpenses": 0,
        "sellingAndMarketingExpenses": 0,
        "sellingGeneralAndAdministrativeExpenses": 786417000,
        "otherExpenses": 0,
        "operatingExpenses": 786417000,
        "costAndExpenses": 1949834000,
        "interestIncome": 0,
        "interestExpense": 13136000,
        "depreciationAndAmortization": 56507000,
        "ebitda": 143780000,
        "ebitdaratio": 0.0705846776,
        "operatingIncome": 87152000,
        "operatingIncomeRatio": 0.042784781,
        "totalOtherIncomeExpensesNet": -13015000,
        "incomeBeforeTax": 74137000,
        "incomeBeforeTaxRatio": 0.0363954391,
        "incomeTaxExpense": -110363000,
        "netIncome": 184500000,
        "netIncomeRatio": 0.0905749966,
        "eps": 2.5,
        "epsdiluted": 2.49,
        "weightedAverageShsOut": 73909000,
        "weightedAverageShsOutDil": 74156000,
        "link": "https://www.sec.gov/Archives/edgar/data/1158449/000115844918000039/0001158449-18-000039-index.htm",
        "finalLink": "https://www.sec.gov/Archives/edgar/data/1158449/000115844918000039/aap_10kx12302017.htm"
    },
    {
        "date": "2017-10-07",
        "symbol": "AAP",
        "reportedCurrency": "USD",
        "cik": "0001158449",
        "fillingDate": "2017-11-14",
        "acceptedDate": "2017-11-14 17:17:24",
        "calendarYear": "2017",
        "period": "Q3",
        "revenue": 2182233000,
        "costOfRevenue": 1234525000,
        "grossProfit": 947708000,
        "grossProfitRatio": 0.4342835985,
        "researchAndDevelopmentExpenses": 0,
        "generalAndAdministrativeExpenses": 0,
        "sellingAndMarketingExpenses": 0,
        "sellingGeneralAndAdministrativeExpenses": 791139000,
        "otherExpenses": 0,
        "operatingExpenses": 791139000,
        "costAndExpenses": 2025664000,
        "interestIncome": 0,
        "interestExpense": 13314000,
        "depreciationAndAmortization": 57553000,
        "ebitda": 214867000,
        "ebitdaratio": 0.0984619882,
        "operatingIncome": 156569000,
        "operatingIncomeRatio": 0.0717471507,
        "totalOtherIncomeExpensesNet": -12569000,
        "incomeBeforeTax": 144000000,
        "incomeBeforeTaxRatio": 0.0659874541,
        "incomeTaxExpense": 48004000,
        "netIncome": 95996000,
        "netIncomeRatio": 0.0439898031,
        "eps": 1.3,
        "epsdiluted": 1.3,
        "weightedAverageShsOut": 73866000,
        "weightedAverageShsOutDil": 74106000,
        "link": "https://www.sec.gov/Archives/edgar/data/1158449/000115844917000180/0001158449-17-000180-index.htm",
        "finalLink": "https://www.sec.gov/Archives/edgar/data/1158449/000115844917000180/aap_10q1072017.htm"
    },
    {
        "date": "2017-07-15",
        "symbol": "AAP",
        "reportedCurrency": "USD",
        "cik": "0001158449",
        "fillingDate": "2017-08-15",
        "acceptedDate": "2017-08-15 17:18:50",
        "calendarYear": "2017",
        "period": "Q2",
        "revenue": 2263727000,
        "costOfRevenue": 1270639000,
        "grossProfit": 993088000,
        "grossProfitRatio": 0.4386960088,
        "researchAndDevelopmentExpenses": 0,
        "generalAndAdministrativeExpenses": 0,
        "sellingAndMarketingExpenses": 0,
        "sellingGeneralAndAdministrativeExpenses": 846377000,
        "otherExpenses": 0,
        "operatingExpenses": 846377000,
        "costAndExpenses": 2117016000,
        "interestIncome": 0,
        "interestExpense": 13921000,
        "depreciationAndAmortization": 57770000,
        "ebitda": 207650000,
        "ebitdaratio": 0.0917292589,
        "operatingIncome": 146711000,
        "operatingIncomeRatio": 0.0648094934,
        "totalOtherIncomeExpensesNet": -10752000,
        "incomeBeforeTax": 135959000,
        "incomeBeforeTaxRatio": 0.060059804,
        "incomeTaxExpense": 48910000,
        "netIncome": 87049000,
        "netIncomeRatio": 0.0384538418,
        "eps": 1.18,
        "epsdiluted": 1.17,
        "weightedAverageShsOut": 73848000,
        "weightedAverageShsOutDil": 74093000,
        "link": "https://www.sec.gov/Archives/edgar/data/1158449/000115844917000160/0001158449-17-000160-index.htm",
        "finalLink": "https://www.sec.gov/Archives/edgar/data/1158449/000115844917000160/aap_10q7152017.htm"
    },
    {
        "date": "2017-04-22",
        "symbol": "AAP",
        "reportedCurrency": "USD",
        "cik": "0001158449",
        "fillingDate": "2017-05-24",
        "acceptedDate": "2017-05-24 17:08:13",
        "calendarYear": "2017",
        "period": "Q1",
        "revenue": 2890838000,
        "costOfRevenue": 1620154000,
        "grossProfit": 1270684000,
        "grossProfitRatio": 0.4395555891,
        "researchAndDevelopmentExpenses": 0,
        "generalAndAdministrativeExpenses": 0,
        "sellingAndMarketingExpenses": 0,
        "sellingGeneralAndAdministrativeExpenses": 1090904000,
        "otherExpenses": 0,
        "operatingExpenses": 1090904000,
        "costAndExpenses": 2711058000,
        "interestIncome": 0,
        "interestExpense": 18430000,
        "depreciationAndAmortization": 77430000,
        "ebitda": 262023000,
        "ebitdaratio": 0.0906391157,
        "operatingIncome": 179780000,
        "operatingIncomeRatio": 0.0621895796,
        "totalOtherIncomeExpensesNet": -13617000,
        "incomeBeforeTax": 166163000,
        "incomeBeforeTaxRatio": 0.0574791808,
        "incomeTaxExpense": 58203000,
        "netIncome": 107960000,
        "netIncomeRatio": 0.0373455725,
        "eps": 1.46,
        "epsdiluted": 1.46,
        "weightedAverageShsOut": 73782000,
        "weightedAverageShsOutDil": 74093000,
        "link": "https://www.sec.gov/Archives/edgar/data/1158449/000115844917000105/0001158449-17-000105-index.htm",
        "finalLink": "https://www.sec.gov/Archives/edgar/data/1158449/000115844917000105/aap_10q4222017.htm"
    },
    {
        "date": "2016-12-31",
        "symbol": "AAP",
        "reportedCurrency": "USD",
        "cik": "0001158449",
        "fillingDate": "2017-02-28",
        "acceptedDate": "2017-02-28 17:08:31",
        "calendarYear": "2016",
        "period": "Q4",
        "revenue": 2082891000,
        "costOfRevenue": 1175327000,
        "grossProfit": 907564000,
        "grossProfitRatio": 0.4357232328,
        "researchAndDevelopmentExpenses": 0,
        "generalAndAdministrativeExpenses": 0,
        "sellingAndMarketingExpenses": 0,
        "sellingGeneralAndAdministrativeExpenses": 801417000,
        "otherExpenses": 0,
        "operatingExpenses": 801417000,
        "costAndExpenses": 1976744000,
        "interestIncome": 0,
        "interestExpense": 13365000,
        "depreciationAndAmortization": 59125000,
        "ebitda": 169401000,
        "ebitdaratio": 0.0813297479,
        "operatingIncome": 106147000,
        "operatingIncomeRatio": 0.0509613801,
        "totalOtherIncomeExpensesNet": -9236000,
        "incomeBeforeTax": 96911000,
        "incomeBeforeTaxRatio": 0.0465271586,
        "incomeTaxExpense": 34546000,
        "netIncome": 62365000,
        "netIncomeRatio": 0.0299415572,
        "eps": 0.84,
        "epsdiluted": 0.84,
        "weightedAverageShsOut": 73685000,
        "weightedAverageShsOutDil": 73886000,
        "link": "https://www.sec.gov/Archives/edgar/data/1158449/000115844917000034/0001158449-17-000034-index.htm",
        "finalLink": "https://www.sec.gov/Archives/edgar/data/1158449/000115844917000034/aap_10kx12312016.htm"
    },
    {
        "date": "2016-10-08",
        "symbol": "AAP",
        "reportedCurrency": "USD",
        "cik": "0001158449",
        "fillingDate": "2016-11-15",
        "acceptedDate": "2016-11-15 16:19:37",
        "calendarYear": "2016",
        "period": "Q3",
        "revenue": 2248855000,
        "costOfRevenue": 1260650000,
        "grossProfit": 988205000,
        "grossProfitRatio": 0.4394258412,
        "researchAndDevelopmentExpenses": 0,
        "generalAndAdministrativeExpenses": 0,
        "sellingAndMarketingExpenses": 0,
        "sellingGeneralAndAdministrativeExpenses": 794437000,
        "otherExpenses": 0,
        "operatingExpenses": 794437000,
        "costAndExpenses": 2055087000,
        "interestIncome": 0,
        "interestExpense": 13581000,
        "depreciationAndAmortization": 59997000,
        "ebitda": 251416000,
        "ebitdaratio": 0.1117973369,
        "operatingIncome": 193768000,
        "operatingIncomeRatio": 0.0861629585,
        "totalOtherIncomeExpensesNet": -15930000,
        "incomeBeforeTax": 177838000,
        "incomeBeforeTaxRatio": 0.0790793537,
        "incomeTaxExpense": 63994000,
        "netIncome": 113844000,
        "netIncomeRatio": 0.0506230949,
        "eps": 1.54,
        "epsdiluted": 1.53,
        "weightedAverageShsOut": 73638000,
        "weightedAverageShsOutDil": 73860000,
        "link": "https://www.sec.gov/Archives/edgar/data/1158449/000115844916000512/0001158449-16-000512-index.htm",
        "finalLink": "https://www.sec.gov/Archives/edgar/data/1158449/000115844916000512/aap_10q1082016.htm"
    },
    {
        "date": "2016-07-16",
        "symbol": "AAP",
        "reportedCurrency": "USD",
        "cik": "0001158449",
        "fillingDate": "2016-08-25",
        "acceptedDate": "2016-08-25 12:01:33",
        "calendarYear": "2016",
        "period": "Q2",
        "revenue": 2256155000,
        "costOfRevenue": 1245898000,
        "grossProfit": 1010257000,
        "grossProfitRatio": 0.447778189,
        "researchAndDevelopmentExpenses": 0,
        "generalAndAdministrativeExpenses": 0,
        "sellingAndMarketingExpenses": 0,
        "sellingGeneralAndAdministrativeExpenses": 793573000,
        "otherExpenses": 0,
        "operatingExpenses": 793573000,
        "costAndExpenses": 2039471000,
        "interestIncome": 0,
        "interestExpense": 14021000,
        "depreciationAndAmortization": 59945000,
        "ebitda": 282873000,
        "ebitdaratio": 0.1253783539,
        "operatingIncome": 216684000,
        "operatingIncomeRatio": 0.0960412738,
        "totalOtherIncomeExpensesNet": -7777000,
        "incomeBeforeTax": 208907000,
        "incomeBeforeTaxRatio": 0.0925942588,
        "incomeTaxExpense": 84307000,
        "netIncome": 124600000,
        "netIncomeRatio": 0.0552267021,
        "eps": 1.69,
        "epsdiluted": 1.68,
        "weightedAverageShsOut": 73576000,
        "weightedAverageShsOutDil": 73835000,
        "link": "https://www.sec.gov/Archives/edgar/data/1158449/000115844916000474/0001158449-16-000474-index.htm",
        "finalLink": "https://www.sec.gov/Archives/edgar/data/1158449/000115844916000474/aap_10q7162016.htm"
    },
    {
        "date": "2016-04-23",
        "symbol": "AAP",
        "reportedCurrency": "USD",
        "cik": "0001158449",
        "fillingDate": "2016-05-31",
        "acceptedDate": "2016-05-31 17:00:53",
        "calendarYear": "2016",
        "period": "Q1",
        "revenue": 2979778000,
        "costOfRevenue": 1629889000,
        "grossProfit": 1349889000,
        "grossProfitRatio": 0.4530166341,
        "researchAndDevelopmentExpenses": 0,
        "generalAndAdministrativeExpenses": 0,
        "sellingAndMarketingExpenses": 0,
        "sellingGeneralAndAdministrativeExpenses": 1078890000,
        "otherExpenses": 0,
        "operatingExpenses": 1078890000,
        "costAndExpenses": 2708779000,
        "interestIncome": 0,
        "interestExpense": 18943000,
        "depreciationAndAmortization": 79320000,
        "ebitda": 353442000,
        "ebitdaratio": 0.1186135343,
        "operatingIncome": 270999000,
        "operatingIncomeRatio": 0.0909460369,
        "totalOtherIncomeExpensesNet": -15820000,
        "incomeBeforeTax": 255179000,
        "incomeBeforeTaxRatio": 0.0856369166,
        "incomeTaxExpense": 96366000,
        "netIncome": 158813000,
        "netIncomeRatio": 0.0532969235,
        "eps": 2.16,
        "epsdiluted": 2.14,
        "weightedAverageShsOut": 73401000,
        "weightedAverageShsOutDil": 73847000,
        "link": "https://www.sec.gov/Archives/edgar/data/1158449/000115844916000418/0001158449-16-000418-index.htm",
        "finalLink": "https://www.sec.gov/Archives/edgar/data/1158449/000115844916000418/aap_10q4232016.htm"
    },
    {
        "date": "2015-12-31",
        "symbol": "AAP",
        "reportedCurrency": "USD",
        "cik": "0001158449",
        "fillingDate": "2016-03-01",
        "acceptedDate": "2016-03-01 17:29:32",
        "calendarYear": "2015",
        "period": "Q4",
        "revenue": 2033545000,
        "costOfRevenue": 1124373000,
        "grossProfit": 909172000,
        "grossProfitRatio": 0.4470872294,
        "researchAndDevelopmentExpenses": 0,
        "generalAndAdministrativeExpenses": 0,
        "sellingAndMarketingExpenses": 0,
        "sellingGeneralAndAdministrativeExpenses": 808494000,
        "otherExpenses": 0,
        "operatingExpenses": 808494000,
        "costAndExpenses": 1932867000,
        "interestIncome": 0,
        "interestExpense": 13809000,
        "depreciationAndAmortization": 61980000,
        "ebitda": 159614000,
        "ebitdaratio": 0.0784905178,
        "operatingIncome": 100678000,
        "operatingIncomeRatio": 0.0495086167,
        "totalOtherIncomeExpensesNet": -16853000,
        "incomeBeforeTax": 83825000,
        "incomeBeforeTaxRatio": 0.0412211188,
        "incomeTaxExpense": 29006000,
        "netIncome": 54819000,
        "netIncomeRatio": 0.0269573577,
        "eps": 0.75,
        "epsdiluted": 0.74,
        "weightedAverageShsOut": 73263000,
        "weightedAverageShsOutDil": 73861000,
        "link": "https://www.sec.gov/Archives/edgar/data/1158449/000115844916000299/0001158449-16-000299-index.htm",
        "finalLink": "https://www.sec.gov/Archives/edgar/data/1158449/000115844916000299/aap_10kx122016.htm"
    },
    {
        "date": "2015-10-10",
        "symbol": "AAP",
        "reportedCurrency": "USD",
        "cik": "0001158449",
        "fillingDate": "2015-11-17",
        "acceptedDate": "2015-11-17 17:06:56",
        "calendarYear": "2015",
        "period": "Q3",
        "revenue": 2295203000,
        "costOfRevenue": 1262816000,
        "grossProfit": 1032387000,
        "grossProfitRatio": 0.4498020437,
        "researchAndDevelopmentExpenses": 0,
        "generalAndAdministrativeExpenses": 0,
        "sellingAndMarketingExpenses": 0,
        "sellingGeneralAndAdministrativeExpenses": 826862000,
        "otherExpenses": 0,
        "operatingExpenses": 826862000,
        "costAndExpenses": 2089678000,
        "interestIncome": 0,
        "interestExpense": 14384000,
        "depreciationAndAmortization": 61636000,
        "ebitda": 268437000,
        "ebitdaratio": 0.116955668,
        "operatingIncome": 205525000,
        "operatingIncomeRatio": 0.0895454563,
        "totalOtherIncomeExpensesNet": -13108000,
        "incomeBeforeTax": 192417000,
        "incomeBeforeTaxRatio": 0.0838344146,
        "incomeTaxExpense": 71948000,
        "netIncome": 120469000,
        "netIncomeRatio": 0.0524872963,
        "eps": 1.64,
        "epsdiluted": 1.63,
        "weightedAverageShsOut": 73215000,
        "weightedAverageShsOutDil": 73763000,
        "link": "https://www.sec.gov/Archives/edgar/data/1158449/000115844915000190/0001158449-15-000190-index.htm",
        "finalLink": "https://www.sec.gov/Archives/edgar/data/1158449/000115844915000190/aap_10q10102015.htm"
    },
    {
        "date": "2015-07-18",
        "symbol": "AAP",
        "reportedCurrency": "USD",
        "cik": "0001158449",
        "fillingDate": "2015-08-25",
        "acceptedDate": "2015-08-25 16:17:01",
        "calendarYear": "2015",
        "period": "Q2",
        "revenue": 2370037000,
        "costOfRevenue": 1282748000,
        "grossProfit": 1087289000,
        "grossProfitRatio": 0.4587645678,
        "researchAndDevelopmentExpenses": 0,
        "generalAndAdministrativeExpenses": 0,
        "sellingAndMarketingExpenses": 0,
        "sellingGeneralAndAdministrativeExpenses": 830240000,
        "otherExpenses": 0,
        "operatingExpenses": 830240000,
        "costAndExpenses": 2112988000,
        "interestIncome": 0,
        "interestExpense": 15438000,
        "depreciationAndAmortization": 62613000,
        "ebitda": 315854000,
        "ebitdaratio": 0.1332696494,
        "operatingIncome": 257049000,
        "operatingIncomeRatio": 0.1084578004,
        "totalOtherIncomeExpensesNet": -19246000,
        "incomeBeforeTax": 237803000,
        "incomeBeforeTaxRatio": 0.1003372521,
        "incomeTaxExpense": 87805000,
        "netIncome": 149998000,
        "netIncomeRatio": 0.0632893073,
        "eps": 2.04,
        "epsdiluted": 2.03,
        "weightedAverageShsOut": 73183000,
        "weightedAverageShsOutDil": 73682000,
        "link": "https://www.sec.gov/Archives/edgar/data/1158449/000115844915000167/0001158449-15-000167-index.htm",
        "finalLink": "https://www.sec.gov/Archives/edgar/data/1158449/000115844915000167/aap_10q7182015.htm"
    },
    {
        "date": "2015-04-25",
        "symbol": "AAP",
        "reportedCurrency": "USD",
        "cik": "0001158449",
        "fillingDate": "2015-06-02",
        "acceptedDate": "2015-06-02 16:47:16",
        "calendarYear": "2015",
        "period": "Q1",
        "revenue": 3038233000,
        "costOfRevenue": 1644309000,
        "grossProfit": 1393924000,
        "grossProfitRatio": 0.4587943058,
        "researchAndDevelopmentExpenses": 0,
        "generalAndAdministrativeExpenses": 0,
        "sellingAndMarketingExpenses": 0,
        "sellingGeneralAndAdministrativeExpenses": 1131396000,
        "otherExpenses": 0,
        "operatingExpenses": 1131396000,
        "costAndExpenses": 2775705000,
        "interestIncome": 0,
        "interestExpense": 21777000,
        "depreciationAndAmortization": 83247000,
        "ebitda": 343867000,
        "ebitdaratio": 0.1131799306,
        "operatingIncome": 262528000,
        "operatingIncomeRatio": 0.0864081195,
        "totalOtherIncomeExpensesNet": -23685000,
        "incomeBeforeTax": 238843000,
        "incomeBeforeTaxRatio": 0.0786124698,
        "incomeTaxExpense": 90731000,
        "netIncome": 148112000,
        "netIncomeRatio": 0.0487493882,
        "eps": 2.02,
        "epsdiluted": 2,
        "weightedAverageShsOut": 73122000,
        "weightedAverageShsOutDil": 73653000,
        "link": "https://www.sec.gov/Archives/edgar/data/1158449/000115844915000127/0001158449-15-000127-index.htm",
        "finalLink": "https://www.sec.gov/Archives/edgar/data/1158449/000115844915000127/aap_10q4252015.htm"
    },
    {
        "date": "2014-12-31",
        "symbol": "AAP",
        "reportedCurrency": "USD",
        "cik": "0001158449",
        "fillingDate": "2015-03-03",
        "acceptedDate": "2015-03-03 17:23:49",
        "calendarYear": "2014",
        "period": "Q4",
        "revenue": 2237209000,
        "costOfRevenue": 1233268000,
        "grossProfit": 1003941000,
        "grossProfitRatio": 0.4487470773,
        "researchAndDevelopmentExpenses": 0,
        "generalAndAdministrativeExpenses": 0,
        "sellingAndMarketingExpenses": 0,
        "sellingGeneralAndAdministrativeExpenses": 857864000,
        "otherExpenses": 0,
        "operatingExpenses": 857864000,
        "costAndExpenses": 2091132000,
        "interestIncome": 0,
        "interestExpense": 17002000,
        "depreciationAndAmortization": 66078000,
        "ebitda": 214038000,
        "ebitdaratio": 0.095671884,
        "operatingIncome": 146077000,
        "operatingIncomeRatio": 0.065294302,
        "totalOtherIncomeExpensesNet": -15119000,
        "incomeBeforeTax": 130958000,
        "incomeBeforeTaxRatio": 0.0585363281,
        "incomeTaxExpense": 46524000,
        "netIncome": 84434000,
        "netIncomeRatio": 0.0377407743,
        "eps": 1.15,
        "epsdiluted": 1.15,
        "weightedAverageShsOut": 72997000,
        "weightedAverageShsOutDil": 73494000,
        "link": "https://www.sec.gov/Archives/edgar/data/1158449/000115844915000063/0001158449-15-000063-index.htm",
        "finalLink": "https://www.sec.gov/Archives/edgar/data/1158449/000115844915000063/aap_10kx132015.htm"
    },
    {
        "date": "2014-10-04",
        "symbol": "AAP",
        "reportedCurrency": "USD",
        "cik": "0001158449",
        "fillingDate": "2014-11-12",
        "acceptedDate": "2014-11-12 17:22:12",
        "calendarYear": "2014",
        "period": "Q3",
        "revenue": 2289456000,
        "costOfRevenue": 1255014000,
        "grossProfit": 1034442000,
        "grossProfitRatio": 0.4518287314,
        "researchAndDevelopmentExpenses": 0,
        "generalAndAdministrativeExpenses": 0,
        "sellingAndMarketingExpenses": 0,
        "sellingGeneralAndAdministrativeExpenses": 825284000,
        "otherExpenses": 0,
        "operatingExpenses": 825284000,
        "costAndExpenses": 2080298000,
        "interestIncome": 0,
        "interestExpense": 15903000,
        "depreciationAndAmortization": 65912000,
        "ebitda": 275468000,
        "ebitdaratio": 0.1203202857,
        "operatingIncome": 209158000,
        "operatingIncomeRatio": 0.0913570735,
        "totalOtherIncomeExpensesNet": -15505000,
        "incomeBeforeTax": 193653000,
        "incomeBeforeTaxRatio": 0.0845847223,
        "incomeTaxExpense": 71476000,
        "netIncome": 122177000,
        "netIncomeRatio": 0.0533650789,
        "eps": 1.67,
        "epsdiluted": 1.66,
        "weightedAverageShsOut": 72955000,
        "weightedAverageShsOutDil": 73427000,
        "link": "https://www.sec.gov/Archives/edgar/data/1158449/000115844914000185/0001158449-14-000185-index.htm",
        "finalLink": "https://www.sec.gov/Archives/edgar/data/1158449/000115844914000185/aap_10q1042014.htm"
    },
    {
        "date": "2014-07-12",
        "symbol": "AAP",
        "reportedCurrency": "USD",
        "cik": "0001158449",
        "fillingDate": "2014-08-20",
        "acceptedDate": "2014-08-20 16:21:38",
        "calendarYear": "2014",
        "period": "Q2",
        "revenue": 2347697000,
        "costOfRevenue": 1285589000,
        "grossProfit": 1062108000,
        "grossProfitRatio": 0.4524042072,
        "researchAndDevelopmentExpenses": 0,
        "generalAndAdministrativeExpenses": 0,
        "sellingAndMarketingExpenses": 0,
        "sellingGeneralAndAdministrativeExpenses": 821435000,
        "otherExpenses": 0,
        "operatingExpenses": 821435000,
        "costAndExpenses": 2107024000,
        "interestIncome": 0,
        "interestExpense": 16861000,
        "depreciationAndAmortization": 64498000,
        "ebitda": 305379000,
        "ebitdaratio": 0.1300759851,
        "operatingIncome": 240673000,
        "operatingIncomeRatio": 0.1025145068,
        "totalOtherIncomeExpensesNet": -16653000,
        "incomeBeforeTax": 224020000,
        "incomeBeforeTaxRatio": 0.0954211723,
        "incomeTaxExpense": 84532000,
        "netIncome": 139488000,
        "netIncomeRatio": 0.0594148223,
        "eps": 1.91,
        "epsdiluted": 1.89,
        "weightedAverageShsOut": 72930000,
        "weightedAverageShsOutDil": 73399000,
        "link": "https://www.sec.gov/Archives/edgar/data/1158449/000115844914000151/0001158449-14-000151-index.htm",
        "finalLink": "https://www.sec.gov/Archives/edgar/data/1158449/000115844914000151/aap_10q7122014.htm"
    },
    {
        "date": "2014-04-19",
        "symbol": "AAP",
        "reportedCurrency": "USD",
        "cik": "0001158449",
        "fillingDate": "2014-05-28",
        "acceptedDate": "2014-05-28 17:10:47",
        "calendarYear": "2014",
        "period": "Q1",
        "revenue": 2969499000,
        "costOfRevenue": 1616377000,
        "grossProfit": 1353122000,
        "grossProfitRatio": 0.4556734991,
        "researchAndDevelopmentExpenses": 0,
        "generalAndAdministrativeExpenses": 0,
        "sellingAndMarketingExpenses": 0,
        "sellingGeneralAndAdministrativeExpenses": 1097320000,
        "otherExpenses": 0,
        "operatingExpenses": 1097320000,
        "costAndExpenses": 2713697000,
        "interestIncome": 0,
        "interestExpense": 23642000,
        "depreciationAndAmortization": 88205000,
        "ebitda": 344610000,
        "ebitdaratio": 0.1160498791,
        "operatingIncome": 255802000,
        "operatingIncomeRatio": 0.0861431507,
        "totalOtherIncomeExpensesNet": -23039000,
        "incomeBeforeTax": 232763000,
        "incomeBeforeTaxRatio": 0.0783846029,
        "incomeTaxExpense": 85037000,
        "netIncome": 147726000,
        "netIncomeRatio": 0.0497477857,
        "eps": 2.02,
        "epsdiluted": 2.01,
        "weightedAverageShsOut": 72869000,
        "weightedAverageShsOutDil": 73355000,
        "link": "https://www.sec.gov/Archives/edgar/data/1158449/000115844914000095/0001158449-14-000095-index.htm",
        "finalLink": "https://www.sec.gov/Archives/edgar/data/1158449/000115844914000095/aap_10q4192014.htm"
    },
    {
        "date": "2013-12-31",
        "symbol": "AAP",
        "reportedCurrency": "USD",
        "cik": "0001158449",
        "fillingDate": "2014-02-25",
        "acceptedDate": "2014-02-25 17:13:25",
        "calendarYear": "2013",
        "period": "Q4",
        "revenue": 1408813000,
        "costOfRevenue": 707036000,
        "grossProfit": 701777000,
        "grossProfitRatio": 0.4981335351,
        "researchAndDevelopmentExpenses": 0,
        "generalAndAdministrativeExpenses": 0,
        "sellingAndMarketingExpenses": 0,
        "sellingGeneralAndAdministrativeExpenses": 610933000,
        "otherExpenses": 0,
        "operatingExpenses": 610933000,
        "costAndExpenses": 1317969000,
        "interestIncome": 0,
        "interestExpense": 9986000,
        "depreciationAndAmortization": 47736000,
        "ebitda": 139589000,
        "ebitdaratio": 0.099082703,
        "operatingIncome": 90844000,
        "operatingIncomeRatio": 0.0644826531,
        "totalOtherIncomeExpensesNet": -8977000,
        "incomeBeforeTax": 81867000,
        "incomeBeforeTaxRatio": 0.0581106222,
        "incomeTaxExpense": 32600000,
        "netIncome": 49267000,
        "netIncomeRatio": 0.0349705745,
        "eps": 0.68,
        "epsdiluted": 0.67,
        "weightedAverageShsOut": 72761000,
        "weightedAverageShsOutDil": 73248000,
        "link": "https://www.sec.gov/Archives/edgar/data/1158449/000115844914000058/0001158449-14-000058-index.htm",
        "finalLink": "https://www.sec.gov/Archives/edgar/data/1158449/000115844914000058/aap_10kx12282013.htm"
    },
    {
        "date": "2013-10-05",
        "symbol": "AAP",
        "reportedCurrency": "USD",
        "cik": "0001158449",
        "fillingDate": "2013-11-12",
        "acceptedDate": "2013-11-12 14:31:11",
        "calendarYear": "2013",
        "period": "Q3",
        "revenue": 1520144000,
        "costOfRevenue": 757204000,
        "grossProfit": 762940000,
        "grossProfitRatio": 0.5018866634,
        "researchAndDevelopmentExpenses": 0,
        "generalAndAdministrativeExpenses": 0,
        "sellingAndMarketingExpenses": 0,
        "sellingGeneralAndAdministrativeExpenses": 592216000,
        "otherExpenses": 0,
        "operatingExpenses": 592216000,
        "costAndExpenses": 1349420000,
        "interestIncome": 0,
        "interestExpense": 7948000,
        "depreciationAndAmortization": 47987000,
        "ebitda": 219077000,
        "ebitdaratio": 0.1441159522,
        "operatingIncome": 170724000,
        "operatingIncomeRatio": 0.1123077814,
        "totalOtherIncomeExpensesNet": -7582000,
        "incomeBeforeTax": 163142000,
        "incomeBeforeTaxRatio": 0.107320096,
        "incomeTaxExpense": 59312000,
        "netIncome": 103830000,
        "netIncomeRatio": 0.0683027397,
        "eps": 1.42,
        "epsdiluted": 1.42,
        "weightedAverageShsOut": 72747000,
        "weightedAverageShsOutDil": 73128000,
        "link": "https://www.sec.gov/Archives/edgar/data/1158449/000115844913000270/0001158449-13-000270-index.htm",
        "finalLink": "https://www.sec.gov/Archives/edgar/data/1158449/000115844913000270/aap_10q1052013.htm"
    },
    {
        "date": "2013-07-13",
        "symbol": "AAP",
        "reportedCurrency": "USD",
        "cik": "0001158449",
        "fillingDate": "2013-08-19",
        "acceptedDate": "2013-08-19 16:54:14",
        "calendarYear": "2013",
        "period": "Q2",
        "revenue": 1549553000,
        "costOfRevenue": 770330000,
        "grossProfit": 779223000,
        "grossProfitRatio": 0.5028695372,
        "researchAndDevelopmentExpenses": 0,
        "generalAndAdministrativeExpenses": 0,
        "sellingAndMarketingExpenses": 0,
        "sellingGeneralAndAdministrativeExpenses": 584541000,
        "otherExpenses": 0,
        "operatingExpenses": 584541000,
        "costAndExpenses": 1354871000,
        "interestIncome": 0,
        "interestExpense": 8024000,
        "depreciationAndAmortization": 48045000,
        "ebitda": 243092000,
        "ebitdaratio": 0.1568787902,
        "operatingIncome": 194682000,
        "operatingIncomeRatio": 0.1256375226,
        "totalOtherIncomeExpensesNet": -7659000,
        "incomeBeforeTax": 187023000,
        "incomeBeforeTaxRatio": 0.1206948068,
        "incomeTaxExpense": 70152000,
        "netIncome": 116871000,
        "netIncomeRatio": 0.075422396,
        "eps": 1.6,
        "epsdiluted": 1.59,
        "weightedAverageShsOut": 72930000,
        "weightedAverageShsOutDil": 73343000,
        "link": "https://www.sec.gov/Archives/edgar/data/1158449/000115844913000226/0001158449-13-000226-index.htm",
        "finalLink": "https://www.sec.gov/Archives/edgar/data/1158449/000115844913000226/aap_10q7132013.htm"
    },
    {
        "date": "2013-04-20",
        "symbol": "AAP",
        "reportedCurrency": "USD",
        "cik": "0001158449",
        "fillingDate": "2013-05-28",
        "acceptedDate": "2013-05-28 16:43:09",
        "calendarYear": "2013",
        "period": "Q1",
        "revenue": 2015304000,
        "costOfRevenue": 1007098000,
        "grossProfit": 1008206000,
        "grossProfitRatio": 0.5002748965,
        "researchAndDevelopmentExpenses": 0,
        "generalAndAdministrativeExpenses": 0,
        "sellingAndMarketingExpenses": 0,
        "sellingGeneralAndAdministrativeExpenses": 804138000,
        "otherExpenses": 0,
        "operatingExpenses": 804138000,
        "costAndExpenses": 1811236000,
        "interestIncome": 0,
        "interestExpense": 10660000,
        "depreciationAndAmortization": 64027000,
        "ebitda": 269053000,
        "ebitdaratio": 0.1335049203,
        "operatingIncome": 204068000,
        "operatingIncomeRatio": 0.1012591649,
        "totalOtherIncomeExpensesNet": -9702000,
        "incomeBeforeTax": 194366000,
        "incomeBeforeTaxRatio": 0.0964450028,
        "incomeTaxExpense": 72576000,
        "netIncome": 121790000,
        "netIncomeRatio": 0.06043257,
        "eps": 1.66,
        "epsdiluted": 1.65,
        "weightedAverageShsOut": 73194000,
        "weightedAverageShsOutDil": 73806000,
        "link": "https://www.sec.gov/Archives/edgar/data/1158449/000115844913000157/0001158449-13-000157-index.htm",
        "finalLink": "https://www.sec.gov/Archives/edgar/data/1158449/000115844913000157/aap_10q4202013.htm"
    },
    {
        "date": "2012-12-31",
        "symbol": "AAP",
        "reportedCurrency": "USD",
        "cik": "0001158449",
        "fillingDate": "2013-02-25",
        "acceptedDate": "2013-02-25 17:17:15",
        "calendarYear": "2012",
        "period": "Q4",
        "revenue": 1329201000,
        "costOfRevenue": 666046000,
        "grossProfit": 663155000,
        "grossProfitRatio": 0.4989125046,
        "researchAndDevelopmentExpenses": 0,
        "generalAndAdministrativeExpenses": 0,
        "sellingAndMarketingExpenses": 0,
        "sellingGeneralAndAdministrativeExpenses": 549959000,
        "otherExpenses": 0,
        "operatingExpenses": 549959000,
        "costAndExpenses": 1216005000,
        "interestIncome": 0,
        "interestExpense": 7992000,
        "depreciationAndAmortization": 45777000,
        "ebitda": 158814000,
        "ebitdaratio": 0.1194808009,
        "operatingIncome": 113196000,
        "operatingIncomeRatio": 0.085160935,
        "totalOtherIncomeExpensesNet": -8151000,
        "incomeBeforeTax": 105045000,
        "incomeBeforeTaxRatio": 0.0790286796,
        "incomeTaxExpense": 39990000,
        "netIncome": 65055000,
        "netIncomeRatio": 0.0489429364,
        "eps": 0.89,
        "epsdiluted": 0.88,
        "weightedAverageShsOut": 73221000,
        "weightedAverageShsOutDil": 74002000,
        "link": "https://www.sec.gov/Archives/edgar/data/1158449/000115844913000069/0001158449-13-000069-index.htm",
        "finalLink": "https://www.sec.gov/Archives/edgar/data/1158449/000115844913000069/aap_10kx12292012.htm"
    },
    {
        "date": "2012-10-06",
        "symbol": "AAP",
        "reportedCurrency": "USD",
        "cik": "0001158449",
        "fillingDate": "2012-11-13",
        "acceptedDate": "2012-11-13 09:10:10",
        "calendarYear": "2012",
        "period": "Q3",
        "revenue": 1457527000,
        "costOfRevenue": 732177000,
        "grossProfit": 725350000,
        "grossProfitRatio": 0.4976580194,
        "researchAndDevelopmentExpenses": 0,
        "generalAndAdministrativeExpenses": 0,
        "sellingAndMarketingExpenses": 0,
        "sellingGeneralAndAdministrativeExpenses": 574990000,
        "otherExpenses": 0,
        "operatingExpenses": 574990000,
        "costAndExpenses": 1307167000,
        "interestIncome": 0,
        "interestExpense": 8048000,
        "depreciationAndAmortization": 45240000,
        "ebitda": 195912000,
        "ebitdaratio": 0.1344139766,
        "operatingIncome": 150360000,
        "operatingIncomeRatio": 0.1031610392,
        "totalOtherIncomeExpensesNet": -7736000,
        "incomeBeforeTax": 142624000,
        "incomeBeforeTaxRatio": 0.0978534188,
        "incomeTaxExpense": 53121000,
        "netIncome": 89503000,
        "netIncomeRatio": 0.0614074388,
        "eps": 1.22,
        "epsdiluted": 1.21,
        "weightedAverageShsOut": 73166000,
        "weightedAverageShsOutDil": 73992000,
        "link": "https://www.sec.gov/Archives/edgar/data/1158449/000115844912000192/0001158449-12-000192-index.htm",
        "finalLink": "https://www.sec.gov/Archives/edgar/data/1158449/000115844912000192/aap_10qx1062012.htm"
    },
    {
        "date": "2012-07-14",
        "symbol": "AAP",
        "reportedCurrency": "USD",
        "cik": "0001158449",
        "fillingDate": "2012-08-20",
        "acceptedDate": "2012-08-20 17:28:53",
        "calendarYear": "2012",
        "period": "Q2",
        "revenue": 1460983000,
        "costOfRevenue": 732125000,
        "grossProfit": 728858000,
        "grossProfitRatio": 0.4988819172,
        "researchAndDevelopmentExpenses": 0,
        "generalAndAdministrativeExpenses": 0,
        "sellingAndMarketingExpenses": 0,
        "sellingGeneralAndAdministrativeExpenses": 559663000,
        "otherExpenses": 0,
        "operatingExpenses": 559663000,
        "costAndExpenses": 1291788000,
        "interestIncome": 0,
        "interestExpense": 7947000,
        "depreciationAndAmortization": 42728000,
        "ebitda": 211868000,
        "ebitdaratio": 0.14501743,
        "operatingIncome": 169195000,
        "operatingIncomeRatio": 0.1158090135,
        "totalOtherIncomeExpensesNet": -8002000,
        "incomeBeforeTax": 161193000,
        "incomeBeforeTaxRatio": 0.1103318793,
        "incomeTaxExpense": 61587000,
        "netIncome": 99606000,
        "netIncomeRatio": 0.0681773847,
        "eps": 1.36,
        "epsdiluted": 1.34,
        "weightedAverageShsOut": 73150000,
        "weightedAverageShsOutDil": 74084000,
        "link": "https://www.sec.gov/Archives/edgar/data/1158449/000115844912000141/0001158449-12-000141-index.htm",
        "finalLink": "https://www.sec.gov/Archives/edgar/data/1158449/000115844912000141/aap_10qx7142012.htm"
    },
    {
        "date": "2012-04-21",
        "symbol": "AAP",
        "reportedCurrency": "USD",
        "cik": "0001158449",
        "fillingDate": "2012-05-29",
        "acceptedDate": "2012-05-29 16:27:22",
        "calendarYear": "2012",
        "period": "Q1",
        "revenue": 1957292000,
        "costOfRevenue": 976619000,
        "grossProfit": 980673000,
        "grossProfitRatio": 0.5010356145,
        "researchAndDevelopmentExpenses": 0,
        "generalAndAdministrativeExpenses": 0,
        "sellingAndMarketingExpenses": 0,
        "sellingGeneralAndAdministrativeExpenses": 756109000,
        "otherExpenses": 0,
        "operatingExpenses": 756109000,
        "costAndExpenses": 1732728000,
        "interestIncome": 0,
        "interestExpense": 9854000,
        "depreciationAndAmortization": 55799000,
        "ebitda": 280865000,
        "ebitdaratio": 0.1434967292,
        "operatingIncome": 224564000,
        "operatingIncomeRatio": 0.1147319868,
        "totalOtherIncomeExpensesNet": -9352000,
        "incomeBeforeTax": 215212000,
        "incomeBeforeTaxRatio": 0.1099539568,
        "incomeTaxExpense": 81706000,
        "netIncome": 133506000,
        "netIncomeRatio": 0.0682095467,
        "eps": 1.83,
        "epsdiluted": 1.79,
        "weightedAverageShsOut": 72888000,
        "weightedAverageShsOutDil": 74223000,
        "link": "https://www.sec.gov/Archives/edgar/data/1158449/000115844912000091/0001158449-12-000091-index.htm",
        "finalLink": "https://www.sec.gov/Archives/edgar/data/1158449/000115844912000091/aap_10qx4212012.htm"
    },
    {
        "date": "2011-12-31",
        "symbol": "AAP",
        "reportedCurrency": "USD",
        "cik": "0001158449",
        "fillingDate": "2012-02-28",
        "acceptedDate": "2012-02-28 17:19:13",
        "calendarYear": "2011",
        "period": "Q4",
        "revenue": 1327572000,
        "costOfRevenue": 676834000,
        "grossProfit": 650738000,
        "grossProfitRatio": 0.4901715312,
        "researchAndDevelopmentExpenses": 0,
        "generalAndAdministrativeExpenses": 0,
        "sellingAndMarketingExpenses": 0,
        "sellingGeneralAndAdministrativeExpenses": 538820000,
        "otherExpenses": 0,
        "operatingExpenses": 538820000,
        "costAndExpenses": 1215654000,
        "interestIncome": 0,
        "interestExpense": 5073000,
        "depreciationAndAmortization": 41469000,
        "ebitda": 153701000,
        "ebitdaratio": 0.1157760182,
        "operatingIncome": 111918000,
        "operatingIncomeRatio": 0.0843027723,
        "totalOtherIncomeExpensesNet": -4759000,
        "incomeBeforeTax": 107159000,
        "incomeBeforeTaxRatio": 0.0807180326,
        "incomeTaxExpense": 40720000,
        "netIncome": 66439000,
        "netIncomeRatio": 0.0500454966,
        "eps": 0.91,
        "epsdiluted": 0.9,
        "weightedAverageShsOut": 72888000,
        "weightedAverageShsOutDil": 74223000,
        "link": "https://www.sec.gov/Archives/edgar/data/1158449/000115844912000029/0001158449-12-000029-index.htm",
        "finalLink": "https://www.sec.gov/Archives/edgar/data/1158449/000115844912000029/aap_10kx12312011.htm"
    },
    {
        "date": "2011-10-08",
        "symbol": "AAP",
        "reportedCurrency": "USD",
        "cik": "0001158449",
        "fillingDate": "2011-11-16",
        "acceptedDate": "2011-11-16 17:03:47",
        "calendarYear": "2011",
        "period": "Q3",
        "revenue": 1464988000,
        "costOfRevenue": 740485000,
        "grossProfit": 724503000,
        "grossProfitRatio": 0.4945453478,
        "researchAndDevelopmentExpenses": 0,
        "generalAndAdministrativeExpenses": 0,
        "sellingAndMarketingExpenses": 0,
        "sellingGeneralAndAdministrativeExpenses": 546683000,
        "otherExpenses": 0,
        "operatingExpenses": 546683000,
        "costAndExpenses": 1287168000,
        "interestIncome": 0,
        "interestExpense": 8150000,
        "depreciationAndAmortization": 41507000,
        "ebitda": 218713000,
        "ebitdaratio": 0.1492933731,
        "operatingIncome": 177820000,
        "operatingIncomeRatio": 0.1213798338,
        "totalOtherIncomeExpensesNet": -8764000,
        "incomeBeforeTax": 169056000,
        "incomeBeforeTaxRatio": 0.1153975323,
        "incomeTaxExpense": 63503000,
        "netIncome": 105553000,
        "netIncomeRatio": 0.0720504195,
        "eps": 1.43,
        "epsdiluted": 1.41,
        "weightedAverageShsOut": 73381000,
        "weightedAverageShsOutDil": 74730000,
        "link": "https://www.sec.gov/Archives/edgar/data/1158449/000115844911000042/0001158449-11-000042-index.htm",
        "finalLink": "https://www.sec.gov/Archives/edgar/data/1158449/000115844911000042/aap_10qx10082011.htm"
    },
    {
        "date": "2011-07-16",
        "symbol": "AAP",
        "reportedCurrency": "USD",
        "cik": "0001158449",
        "fillingDate": "2011-08-24",
        "acceptedDate": "2011-08-24 13:44:09",
        "calendarYear": "2011",
        "period": "Q2",
        "revenue": 1479839000,
        "costOfRevenue": 743991000,
        "grossProfit": 735848000,
        "grossProfitRatio": 0.4972486872,
        "researchAndDevelopmentExpenses": 0,
        "generalAndAdministrativeExpenses": 0,
        "sellingAndMarketingExpenses": 0,
        "sellingGeneralAndAdministrativeExpenses": 546921000,
        "otherExpenses": 0,
        "operatingExpenses": 546921000,
        "costAndExpenses": 1290912000,
        "interestIncome": 0,
        "interestExpense": 8007000,
        "depreciationAndAmortization": 40434000,
        "ebitda": 229149000,
        "ebitdaratio": 0.1548472503,
        "operatingIncome": 188927000,
        "operatingIncomeRatio": 0.1276672665,
        "totalOtherIncomeExpensesNet": -8219000,
        "incomeBeforeTax": 180708000,
        "incomeBeforeTaxRatio": 0.1221132839,
        "incomeTaxExpense": 67601000,
        "netIncome": 113107000,
        "netIncomeRatio": 0.0764319632,
        "eps": 1.48,
        "epsdiluted": 1.46,
        "weightedAverageShsOut": 75979000,
        "weightedAverageShsOutDil": 77426000,
        "link": "https://www.sec.gov/Archives/edgar/data/1158449/000115844911000033/0001158449-11-000033-index.htm",
        "finalLink": "https://www.sec.gov/Archives/edgar/data/1158449/000115844911000033/aap_10qx6302011.htm"
    },
    {
        "date": "2011-04-23",
        "symbol": "AAP",
        "reportedCurrency": "USD",
        "cik": "0001158449",
        "fillingDate": "2011-06-01",
        "acceptedDate": "2011-06-01 14:40:17",
        "calendarYear": "2011",
        "period": "Q1",
        "revenue": 1898063000,
        "costOfRevenue": 939862000,
        "grossProfit": 958201000,
        "grossProfitRatio": 0.5048309777,
        "researchAndDevelopmentExpenses": 0,
        "generalAndAdministrativeExpenses": 0,
        "sellingAndMarketingExpenses": 0,
        "sellingGeneralAndAdministrativeExpenses": 772224000,
        "otherExpenses": 0,
        "operatingExpenses": 772224000,
        "costAndExpenses": 1712086000,
        "interestIncome": 0,
        "interestExpense": 9719000,
        "depreciationAndAmortization": 52539000,
        "ebitda": 238571000,
        "ebitdaratio": 0.1256918237,
        "operatingIncome": 185977000,
        "operatingIncomeRatio": 0.0979825222,
        "totalOtherIncomeExpensesNet": -9664000,
        "incomeBeforeTax": 176313000,
        "incomeBeforeTaxRatio": 0.0928910157,
        "incomeTaxExpense": 66730000,
        "netIncome": 109583000,
        "netIncomeRatio": 0.0577341216,
        "eps": 1.37,
        "epsdiluted": 1.35,
        "weightedAverageShsOut": 79468000,
        "weightedAverageShsOutDil": 81019000,
        "link": "https://www.sec.gov/Archives/edgar/data/1158449/000115844911000017/0001158449-11-000017-index.htm",
        "finalLink": "https://www.sec.gov/Archives/edgar/data/1158449/000115844911000017/aap10q.htm"
    },
    {
        "date": "2010-12-31",
        "symbol": "AAP",
        "reportedCurrency": "USD",
        "cik": "0001158449",
        "fillingDate": "2011-03-01",
        "acceptedDate": "2011-03-01 17:04:56",
        "calendarYear": "2010",
        "period": "Q4",
        "revenue": 1270130000,
        "costOfRevenue": 642645000,
        "grossProfit": 627485000,
        "grossProfitRatio": 0.4940321069,
        "researchAndDevelopmentExpenses": 0,
        "generalAndAdministrativeExpenses": 0,
        "sellingAndMarketingExpenses": 0,
        "sellingGeneralAndAdministrativeExpenses": 543548000,
        "otherExpenses": 0,
        "operatingExpenses": 543548000,
        "costAndExpenses": 1186193000,
        "interestIncome": 0,
        "interestExpense": 6727000,
        "depreciationAndAmortization": 38996000,
        "ebitda": 123387000,
        "ebitdaratio": 0.0971451741,
        "operatingIncome": 83937000,
        "operatingIncomeRatio": 0.0660853613,
        "totalOtherIncomeExpensesNet": -6273000,
        "incomeBeforeTax": 77664000,
        "incomeBeforeTaxRatio": 0.0611464968,
        "incomeTaxExpense": 29551000,
        "netIncome": 48113000,
        "netIncomeRatio": 0.0378803744,
        "eps": 0.61,
        "epsdiluted": 0.59,
        "weightedAverageShsOut": 79468000,
        "weightedAverageShsOutDil": 81019000,
        "link": "https://www.sec.gov/Archives/edgar/data/1158449/000115844911000008/0001158449-11-000008-index.htm",
        "finalLink": "https://www.sec.gov/Archives/edgar/data/1158449/000115844911000008/aap10k.htm"
    },
    {
        "date": "2010-10-09",
        "symbol": "AAP",
        "reportedCurrency": "USD",
        "cik": "0001158449",
        "fillingDate": "2010-11-17",
        "acceptedDate": "2010-11-17 15:14:56",
        "calendarYear": "2010",
        "period": "Q3",
        "revenue": 1406511000,
        "costOfRevenue": 698726000,
        "grossProfit": 707785000,
        "grossProfitRatio": 0.5032203801,
        "researchAndDevelopmentExpenses": 0,
        "generalAndAdministrativeExpenses": 0,
        "sellingAndMarketingExpenses": 0,
        "sellingGeneralAndAdministrativeExpenses": 560563000,
        "otherExpenses": 0,
        "operatingExpenses": 560563000,
        "costAndExpenses": 1259289000,
        "interestIncome": 0,
        "interestExpense": 7002000,
        "depreciationAndAmortization": 38508000,
        "ebitda": 185437000,
        "ebitdaratio": 0.1318418413,
        "operatingIncome": 147222000,
        "operatingIncomeRatio": 0.1046717729,
        "totalOtherIncomeExpensesNet": -7295000,
        "incomeBeforeTax": 139927000,
        "incomeBeforeTaxRatio": 0.09948518,
        "incomeTaxExpense": 52329000,
        "netIncome": 87598000,
        "netIncomeRatio": 0.0622803519,
        "eps": 1.04,
        "epsdiluted": 1.03,
        "weightedAverageShsOut": 83695000,
        "weightedAverageShsOutDil": 84802000,
        "link": "https://www.sec.gov/Archives/edgar/data/1158449/000115844910000101/0001158449-10-000101-index.htm",
        "finalLink": "https://www.sec.gov/Archives/edgar/data/1158449/000115844910000101/aap10q.htm"
    },
    {
        "date": "2010-07-17",
        "symbol": "AAP",
        "reportedCurrency": "USD",
        "cik": "0001158449",
        "fillingDate": "2010-08-25",
        "acceptedDate": "2010-08-25 17:27:09",
        "calendarYear": "2010",
        "period": "Q2",
        "revenue": 1417956000,
        "costOfRevenue": 702688000,
        "grossProfit": 715268000,
        "grossProfitRatio": 0.5044359628,
        "researchAndDevelopmentExpenses": 0,
        "generalAndAdministrativeExpenses": 0,
        "sellingAndMarketingExpenses": 0,
        "sellingGeneralAndAdministrativeExpenses": 543666000,
        "otherExpenses": 0,
        "operatingExpenses": 543666000,
        "costAndExpenses": 1246354000,
        "interestIncome": 0,
        "interestExpense": 7176000,
        "depreciationAndAmortization": 37250000,
        "ebitda": 207150000,
        "ebitdaratio": 0.1460905698,
        "operatingIncome": 171602000,
        "operatingIncomeRatio": 0.1210206805,
        "totalOtherIncomeExpensesNet": -8878000,
        "incomeBeforeTax": 162724000,
        "incomeBeforeTaxRatio": 0.1147595553,
        "incomeTaxExpense": 61813000,
        "netIncome": 100911000,
        "netIncomeRatio": 0.0711665242,
        "eps": 1.18,
        "epsdiluted": 1.16,
        "weightedAverageShsOut": 85394000,
        "weightedAverageShsOutDil": 86410000,
        "link": "https://www.sec.gov/Archives/edgar/data/1158449/000115844910000091/0001158449-10-000091-index.htm",
        "finalLink": "https://www.sec.gov/Archives/edgar/data/1158449/000115844910000091/aap10q.htm"
    },
    {
        "date": "2010-04-24",
        "symbol": "AAP",
        "reportedCurrency": "USD",
        "cik": "0001158449",
        "fillingDate": "2010-06-02",
        "acceptedDate": "2010-06-02 16:53:15",
        "calendarYear": "2010",
        "period": "Q1",
        "revenue": 1830606000,
        "costOfRevenue": 919829000,
        "grossProfit": 910777000,
        "grossProfitRatio": 0.4975275947,
        "researchAndDevelopmentExpenses": 0,
        "generalAndAdministrativeExpenses": 0,
        "sellingAndMarketingExpenses": 0,
        "sellingGeneralAndAdministrativeExpenses": 728605000,
        "otherExpenses": 0,
        "operatingExpenses": 728605000,
        "costAndExpenses": 1648434000,
        "interestIncome": 0,
        "interestExpense": 5956000,
        "depreciationAndAmortization": 49683000,
        "ebitda": 232379000,
        "ebitdaratio": 0.1269410239,
        "operatingIncome": 182172000,
        "operatingIncomeRatio": 0.099514587,
        "totalOtherIncomeExpensesNet": -5432000,
        "incomeBeforeTax": 176740000,
        "incomeBeforeTaxRatio": 0.0965472636,
        "incomeTaxExpense": 67309000,
        "netIncome": 109431000,
        "netIncomeRatio": 0.0597785651,
        "eps": 1.2,
        "epsdiluted": 1.19,
        "weightedAverageShsOut": 90712000,
        "weightedAverageShsOutDil": 91473000,
        "link": "https://www.sec.gov/Archives/edgar/data/1158449/000115844910000069/0001158449-10-000069-index.htm",
        "finalLink": "https://www.sec.gov/Archives/edgar/data/1158449/000115844910000069/aap10q.htm"
    },
    {
        "date": "2009-12-31",
        "symbol": "AAP",
        "reportedCurrency": "USD",
        "cik": "0001158449",
        "fillingDate": "2010-03-02",
        "acceptedDate": "2010-03-02 17:19:32",
        "calendarYear": "2009",
        "period": "Q4",
        "revenue": 1143567000,
        "costOfRevenue": 595438000,
        "grossProfit": 548129000,
        "grossProfitRatio": 0.4793151604,
        "researchAndDevelopmentExpenses": 0,
        "generalAndAdministrativeExpenses": 0,
        "sellingAndMarketingExpenses": 0,
        "sellingGeneralAndAdministrativeExpenses": 490956000,
        "otherExpenses": 0,
        "operatingExpenses": 490956000,
        "costAndExpenses": 1086394000,
        "interestIncome": 0,
        "interestExpense": 4907000,
        "depreciationAndAmortization": 36061000,
        "ebitda": 93208000,
        "ebitdaratio": 0.0815063744,
        "operatingIncome": 57173000,
        "operatingIncomeRatio": 0.0499953217,
        "totalOtherIncomeExpensesNet": -4933000,
        "incomeBeforeTax": 52240000,
        "incomeBeforeTaxRatio": 0.045681626,
        "incomeTaxExpense": 17761000,
        "netIncome": 34479000,
        "netIncomeRatio": 0.0301503978,
        "eps": 0.38,
        "epsdiluted": 0.38,
        "weightedAverageShsOut": 90712000,
        "weightedAverageShsOutDil": 91473000,
        "link": "https://www.sec.gov/Archives/edgar/data/1158449/000115844910000032/0001158449-10-000032-index.htm",
        "finalLink": "https://www.sec.gov/Archives/edgar/data/1158449/000115844910000032/aap10k.htm"
    },
    {
        "date": "2009-10-10",
        "symbol": "AAP",
        "reportedCurrency": "USD",
        "cik": "0001158449",
        "fillingDate": "2009-11-19",
        "acceptedDate": "2009-11-19 17:02:32",
        "calendarYear": "2009",
        "period": "Q3",
        "revenue": 1262576000,
        "costOfRevenue": 641117000,
        "grossProfit": 621459000,
        "grossProfitRatio": 0.4922151221,
        "researchAndDevelopmentExpenses": 0,
        "generalAndAdministrativeExpenses": 0,
        "sellingAndMarketingExpenses": 0,
        "sellingGeneralAndAdministrativeExpenses": 516604000,
        "otherExpenses": 0,
        "operatingExpenses": 516604000,
        "costAndExpenses": 1157721000,
        "interestIncome": 0,
        "interestExpense": 5339000,
        "depreciationAndAmortization": 35288000,
        "ebitda": 140630000,
        "ebitdaratio": 0.111383394,
        "operatingIncome": 104855000,
        "operatingIncomeRatio": 0.083048466,
        "totalOtherIncomeExpensesNet": -4852000,
        "incomeBeforeTax": 100003000,
        "incomeBeforeTaxRatio": 0.079205529,
        "incomeTaxExpense": 38024000,
        "netIncome": 61979000,
        "netIncomeRatio": 0.0490893221,
        "eps": 0.65,
        "epsdiluted": 0.65,
        "weightedAverageShsOut": 94656000,
        "weightedAverageShsOutDil": 95474000,
        "link": "https://www.sec.gov/Archives/edgar/data/1158449/000115844909000107/0001158449-09-000107-index.htm",
        "finalLink": "https://www.sec.gov/Archives/edgar/data/1158449/000115844909000107/aap10q.htm"
    },
    {
        "date": "2009-08-15",
        "symbol": "AAP",
        "reportedCurrency": "USD",
        "cik": "0001158449",
        "fillingDate": "2009-08-27",
        "acceptedDate": "2009-08-27 12:59:28",
        "calendarYear": "2009",
        "period": "Q2",
        "revenue": 1322844000,
        "costOfRevenue": 670194000,
        "grossProfit": 652650000,
        "grossProfitRatio": 0.4933688326,
        "researchAndDevelopmentExpenses": 0,
        "generalAndAdministrativeExpenses": 0,
        "sellingAndMarketingExpenses": 0,
        "sellingGeneralAndAdministrativeExpenses": 517875000,
        "otherExpenses": 0,
        "operatingExpenses": 517875000,
        "costAndExpenses": 1188069000,
        "interestIncome": 0,
        "interestExpense": 5480000,
        "depreciationAndAmortization": 34413000,
        "ebitda": 169438000,
        "ebitdaratio": 0.1280861538,
        "operatingIncome": 134775000,
        "operatingIncomeRatio": 0.1018827617,
        "totalOtherIncomeExpensesNet": -5230000,
        "incomeBeforeTax": 129545000,
        "incomeBeforeTaxRatio": 0.0979291587,
        "incomeTaxExpense": 49215000,
        "netIncome": 80330000,
        "netIncomeRatio": 0.0607252253,
        "eps": 0.84,
        "epsdiluted": 0.83,
        "weightedAverageShsOut": 94868000,
        "weightedAverageShsOutDil": 95745000,
        "link": "https://www.sec.gov/Archives/edgar/data/1158449/000115844909000088/0001158449-09-000088-index.htm",
        "finalLink": "https://www.sec.gov/Archives/edgar/data/1158449/000115844909000088/aap10q.htm"
    },
    {
        "date": "2009-04-25",
        "symbol": "AAP",
        "reportedCurrency": "USD",
        "cik": "0001158449",
        "fillingDate": "2009-06-04",
        "acceptedDate": "2009-06-04 16:06:59",
        "calendarYear": "2009",
        "period": "Q1",
        "revenue": 1683636000,
        "costOfRevenue": 861648000,
        "grossProfit": 821988000,
        "grossProfitRatio": 0.4882219197,
        "researchAndDevelopmentExpenses": 0,
        "generalAndAdministrativeExpenses": 0,
        "sellingAndMarketingExpenses": 0,
        "sellingGeneralAndAdministrativeExpenses": 664406000,
        "otherExpenses": 0,
        "operatingExpenses": 664406000,
        "costAndExpenses": 1526054000,
        "interestIncome": 0,
        "interestExpense": 7611000,
        "depreciationAndAmortization": 45155000,
        "ebitda": 202633000,
        "ebitdaratio": 0.1203543996,
        "operatingIncome": 157582000,
        "operatingIncomeRatio": 0.0935962405,
        "totalOtherIncomeExpensesNet": -7715000,
        "incomeBeforeTax": 149867000,
        "incomeBeforeTaxRatio": 0.0890138961,
        "incomeTaxExpense": 56282000,
        "netIncome": 93585000,
        "netIncomeRatio": 0.0555850552,
        "eps": 0.99,
        "epsdiluted": 0.98,
        "weightedAverageShsOut": 94473000,
        "weightedAverageShsOutDil": 94889000,
        "link": "https://www.sec.gov/Archives/edgar/data/1158449/000115844909000061/0001158449-09-000061-index.htm",
        "finalLink": "https://www.sec.gov/Archives/edgar/data/1158449/000115844909000061/aap10q.htm"
    },
    {
        "date": "2008-12-31",
        "symbol": "AAP",
        "reportedCurrency": "USD",
        "cik": "0001158449",
        "fillingDate": "2009-03-04",
        "acceptedDate": "2009-03-04 16:15:01",
        "calendarYear": "2008",
        "period": "Q4",
        "revenue": 1192388000,
        "costOfRevenue": 650732000,
        "grossProfit": 541656000,
        "grossProfitRatio": 0.4542615323,
        "researchAndDevelopmentExpenses": 0,
        "generalAndAdministrativeExpenses": 0,
        "sellingAndMarketingExpenses": 0,
        "sellingGeneralAndAdministrativeExpenses": 494863000,
        "otherExpenses": 0,
        "operatingExpenses": 494863000,
        "costAndExpenses": 1145595000,
        "interestIncome": 0,
        "interestExpense": 0,
        "depreciationAndAmortization": 33366000,
        "ebitda": 80159000,
        "ebitdaratio": 0.0672256011,
        "operatingIncome": 46793000,
        "operatingIncomeRatio": 0.0392430987,
        "totalOtherIncomeExpensesNet": -7701000,
        "incomeBeforeTax": 39092000,
        "incomeBeforeTaxRatio": 0.0327846305,
        "incomeTaxExpense": 14681000,
        "netIncome": 24411000,
        "netIncomeRatio": 0.020472363,
        "eps": 0.26,
        "epsdiluted": 0.26,
        "weightedAverageShsOut": 94473000,
        "weightedAverageShsOutDil": 94889000,
        "link": "https://www.sec.gov/Archives/edgar/data/1158449/000115844909000027/0001158449-09-000027-index.htm",
        "finalLink": "https://www.sec.gov/Archives/edgar/data/1158449/000115844909000027/aap10k.htm"
    },
    {
        "date": "2008-10-04",
        "symbol": "AAP",
        "reportedCurrency": "USD",
        "cik": "0001158449",
        "fillingDate": "2008-11-12",
        "acceptedDate": "2008-11-12 17:28:36",
        "calendarYear": "2008",
        "period": "Q3",
        "revenue": 1187952000,
        "costOfRevenue": 610833000,
        "grossProfit": 577119000,
        "grossProfitRatio": 0.4858100327,
        "researchAndDevelopmentExpenses": 0,
        "generalAndAdministrativeExpenses": 0,
        "sellingAndMarketingExpenses": 0,
        "sellingGeneralAndAdministrativeExpenses": 481222000,
        "otherExpenses": 0,
        "operatingExpenses": 481222000,
        "costAndExpenses": 1092055000,
        "interestIncome": 0,
        "interestExpense": 0,
        "depreciationAndAmortization": 34882000,
        "ebitda": 130779000,
        "ebitdaratio": 0.1100877813,
        "operatingIncome": 95897000,
        "operatingIncomeRatio": 0.0807246421,
        "totalOtherIncomeExpensesNet": -6895000,
        "incomeBeforeTax": 89002000,
        "incomeBeforeTaxRatio": 0.0749205355,
        "incomeTaxExpense": 32847000,
        "netIncome": 56155000,
        "netIncomeRatio": 0.0472704284,
        "eps": 0.59,
        "epsdiluted": 0.59,
        "weightedAverageShsOut": 95019000,
        "weightedAverageShsOutDil": 95859000,
        "link": "https://www.sec.gov/Archives/edgar/data/1158449/000115844908000141/0001158449-08-000141-index.htm",
        "finalLink": "https://www.sec.gov/Archives/edgar/data/1158449/000115844908000141/aap10q.htm"
    },
    {
        "date": "2008-07-12",
        "symbol": "AAP",
        "reportedCurrency": "USD",
        "cik": "0001158449",
        "fillingDate": "2008-08-21",
        "acceptedDate": "2008-08-20 17:33:43",
        "calendarYear": "2008",
        "period": "Q2",
        "revenue": 1235783000,
        "costOfRevenue": 649501000,
        "grossProfit": 586282000,
        "grossProfitRatio": 0.4744214801,
        "researchAndDevelopmentExpenses": 0,
        "generalAndAdministrativeExpenses": 0,
        "sellingAndMarketingExpenses": 0,
        "sellingGeneralAndAdministrativeExpenses": 458323000,
        "otherExpenses": 0,
        "operatingExpenses": 458323000,
        "costAndExpenses": 1107824000,
        "interestIncome": 0,
        "interestExpense": 7250000,
        "depreciationAndAmortization": 34072000,
        "ebitda": 161939000,
        "ebitdaratio": 0.1310416149,
        "operatingIncome": 127959000,
        "operatingIncomeRatio": 0.103544878,
        "totalOtherIncomeExpensesNet": -7342000,
        "incomeBeforeTax": 120617000,
        "incomeBeforeTaxRatio": 0.0976037055,
        "incomeTaxExpense": 45231000,
        "netIncome": 75386000,
        "netIncomeRatio": 0.0610026194,
        "eps": 0.79,
        "epsdiluted": 0.78,
        "weightedAverageShsOut": 95008000,
        "weightedAverageShsOutDil": 95663000,
        "link": "https://www.sec.gov/Archives/edgar/data/1158449/000115844908000116/0001158449-08-000116-index.htm",
        "finalLink": "https://www.sec.gov/Archives/edgar/data/1158449/000115844908000116/aap10q.htm"
    },
    {
        "date": "2008-04-19",
        "symbol": "AAP",
        "reportedCurrency": "USD",
        "cik": "0001158449",
        "fillingDate": "2008-05-29",
        "acceptedDate": "2008-05-29 16:14:56",
        "calendarYear": "2008",
        "period": "Q1",
        "revenue": 1526132000,
        "costOfRevenue": 801278000,
        "grossProfit": 724854000,
        "grossProfitRatio": 0.4749615367,
        "researchAndDevelopmentExpenses": 0,
        "generalAndAdministrativeExpenses": 0,
        "sellingAndMarketingExpenses": 0,
        "sellingGeneralAndAdministrativeExpenses": 580576000,
        "otherExpenses": 0,
        "operatingExpenses": 580576000,
        "costAndExpenses": 1381854000,
        "interestIncome": 0,
        "interestExpense": 12325000,
        "depreciationAndAmortization": 44620000,
        "ebitda": 188926000,
        "ebitdaratio": 0.12379401,
        "operatingIncome": 144278000,
        "operatingIncomeRatio": 0.0945383492,
        "totalOtherIncomeExpensesNet": -12297000,
        "incomeBeforeTax": 131981000,
        "incomeBeforeTaxRatio": 0.0864807238,
        "incomeTaxExpense": 49895000,
        "netIncome": 82086000,
        "netIncomeRatio": 0.0537869595,
        "eps": 0.86,
        "epsdiluted": 0.86,
        "weightedAverageShsOut": 94987000,
        "weightedAverageShsOutDil": 95607000,
        "link": "https://www.sec.gov/Archives/edgar/data/1158449/000115844908000087/0001158449-08-000087-index.htm",
        "finalLink": "https://www.sec.gov/Archives/edgar/data/1158449/000115844908000087/aap10q.htm"
    },
    {
        "date": "2007-12-31",
        "symbol": "AAP",
        "reportedCurrency": "USD",
        "cik": "0001158449",
        "fillingDate": "2008-02-27",
        "acceptedDate": "2008-02-27 12:58:06",
        "calendarYear": "2007",
        "period": "Q4",
        "revenue": 1048382000,
        "costOfRevenue": 554790000,
        "grossProfit": 493592000,
        "grossProfitRatio": 0.4708131196,
        "researchAndDevelopmentExpenses": 0,
        "generalAndAdministrativeExpenses": 0,
        "sellingAndMarketingExpenses": 0,
        "sellingGeneralAndAdministrativeExpenses": 430045000,
        "otherExpenses": 0,
        "operatingExpenses": 430045000,
        "costAndExpenses": 984835000,
        "interestIncome": 0,
        "interestExpense": 0,
        "depreciationAndAmortization": 33923000,
        "ebitda": 97470000,
        "ebitdaratio": 0.0929718366,
        "operatingIncome": 63547000,
        "operatingIncomeRatio": 0.0606143562,
        "totalOtherIncomeExpensesNet": -8364000,
        "incomeBeforeTax": 55183000,
        "incomeBeforeTaxRatio": 0.0526363482,
        "incomeTaxExpense": 20431000,
        "netIncome": 34752000,
        "netIncomeRatio": 0.0331482227,
        "eps": 0.37,
        "epsdiluted": 0.36,
        "weightedAverageShsOut": 94987000,
        "weightedAverageShsOutDil": 95683000,
        "link": "https://www.sec.gov/Archives/edgar/data/1158449/000115844908000043/0001158449-08-000043-index.htm",
        "finalLink": "https://www.sec.gov/Archives/edgar/data/1158449/000115844908000043/aap10k.htm"
    },
    {
        "date": "2007-10-06",
        "symbol": "AAP",
        "reportedCurrency": "USD",
        "cik": "0001158449",
        "fillingDate": "2007-11-15",
        "acceptedDate": "2007-11-15 14:17:57",
        "calendarYear": "2007",
        "period": "Q3",
        "revenue": 1158043000,
        "costOfRevenue": 602930000,
        "grossProfit": 555113000,
        "grossProfitRatio": 0.4793543936,
        "researchAndDevelopmentExpenses": 0,
        "generalAndAdministrativeExpenses": 0,
        "sellingAndMarketingExpenses": 0,
        "sellingGeneralAndAdministrativeExpenses": 454734000,
        "otherExpenses": 0,
        "operatingExpenses": 454734000,
        "costAndExpenses": 1057664000,
        "interestIncome": 0,
        "interestExpense": 0,
        "depreciationAndAmortization": 34021000,
        "ebitda": 134400000,
        "ebitdaratio": 0.1160578666,
        "operatingIncome": 100379000,
        "operatingIncomeRatio": 0.0866798556,
        "totalOtherIncomeExpensesNet": -7615000,
        "incomeBeforeTax": 92764000,
        "incomeBeforeTaxRatio": 0.0801041067,
        "incomeTaxExpense": 33724000,
        "netIncome": 59040000,
        "netIncomeRatio": 0.0509825628,
        "eps": 0.58,
        "epsdiluted": 0.57,
        "weightedAverageShsOut": 102546000,
        "weightedAverageShsOutDil": 103181000,
        "link": "https://www.sec.gov/Archives/edgar/data/1158449/000115844907000166/0001158449-07-000166-index.htm",
        "finalLink": "https://www.sec.gov/Archives/edgar/data/1158449/000115844907000166/aap10q.htm"
    },
    {
        "date": "2007-07-14",
        "symbol": "AAP",
        "reportedCurrency": "USD",
        "cik": "0001158449",
        "fillingDate": "2007-08-23",
        "acceptedDate": "2007-08-23 16:59:51",
        "calendarYear": "2007",
        "period": "Q2",
        "revenue": 1169859000,
        "costOfRevenue": 606998000,
        "grossProfit": 562861000,
        "grossProfitRatio": 0.4811357608,
        "researchAndDevelopmentExpenses": 0,
        "generalAndAdministrativeExpenses": 0,
        "sellingAndMarketingExpenses": 0,
        "sellingGeneralAndAdministrativeExpenses": 445051000,
        "otherExpenses": 0,
        "operatingExpenses": 445051000,
        "costAndExpenses": 1052049000,
        "interestIncome": 0,
        "interestExpense": 0,
        "depreciationAndAmortization": 34061000,
        "ebitda": 151871000,
        "ebitdaratio": 0.1298199185,
        "operatingIncome": 117810000,
        "operatingIncomeRatio": 0.1007044439,
        "totalOtherIncomeExpensesNet": -6884000,
        "incomeBeforeTax": 110926000,
        "incomeBeforeTaxRatio": 0.094819974,
        "incomeTaxExpense": 42502000,
        "netIncome": 68424000,
        "netIncomeRatio": 0.0584891,
        "eps": 0.64,
        "epsdiluted": 0.64,
        "weightedAverageShsOut": 106486000,
        "weightedAverageShsOutDil": 107470000,
        "link": "https://www.sec.gov/Archives/edgar/data/1158449/000115844907000133/0001158449-07-000133-index.htm",
        "finalLink": "https://www.sec.gov/Archives/edgar/data/1158449/000115844907000133/aap10q.htm"
    },
    {
        "date": "2007-04-21",
        "symbol": "AAP",
        "reportedCurrency": "USD",
        "cik": "0001158449",
        "fillingDate": "2007-05-31",
        "acceptedDate": "2007-05-31 13:30:14",
        "calendarYear": "2007",
        "period": "Q1",
        "revenue": 1468120000,
        "costOfRevenue": 758717000,
        "grossProfit": 709403000,
        "grossProfitRatio": 0.4832050514,
        "researchAndDevelopmentExpenses": 0,
        "generalAndAdministrativeExpenses": 0,
        "sellingAndMarketingExpenses": 0,
        "sellingGeneralAndAdministrativeExpenses": 574710000,
        "otherExpenses": 0,
        "operatingExpenses": 574710000,
        "costAndExpenses": 1333427000,
        "interestIncome": 0,
        "interestExpense": 0,
        "depreciationAndAmortization": 45495000,
        "ebitda": 180188000,
        "ebitdaratio": 0.1227338365,
        "operatingIncome": 134693000,
        "operatingIncomeRatio": 0.0917452252,
        "totalOtherIncomeExpensesNet": -10932000,
        "incomeBeforeTax": 123761000,
        "incomeBeforeTaxRatio": 0.0842989674,
        "incomeTaxExpense": 47660000,
        "netIncome": 76101000,
        "netIncomeRatio": 0.051835681,
        "eps": 0.72,
        "epsdiluted": 0.71,
        "weightedAverageShsOut": 105694000,
        "weightedAverageShsOutDil": 106645000,
        "link": "https://www.sec.gov/Archives/edgar/data/1158449/000115844907000100/0001158449-07-000100-index.htm",
        "finalLink": "https://www.sec.gov/Archives/edgar/data/1158449/000115844907000100/aap10q.htm"
    },
    {
        "date": "2006-12-31",
        "symbol": "AAP",
        "reportedCurrency": "USD",
        "cik": "0001158449",
        "fillingDate": "2007-02-28",
        "acceptedDate": "2007-02-28 14:30:07",
        "calendarYear": "2006",
        "period": "Q4",
        "revenue": 1016150000,
        "costOfRevenue": 537719000,
        "grossProfit": 478431000,
        "grossProfitRatio": 0.4708271417,
        "researchAndDevelopmentExpenses": 0,
        "generalAndAdministrativeExpenses": 0,
        "sellingAndMarketingExpenses": 0,
        "sellingGeneralAndAdministrativeExpenses": 414346000,
        "otherExpenses": 0,
        "operatingExpenses": 414346000,
        "costAndExpenses": 952065000,
        "interestIncome": 0,
        "interestExpense": 0,
        "depreciationAndAmortization": 35319000,
        "ebitda": 99404000,
        "ebitdaratio": 0.0978241401,
        "operatingIncome": 64085000,
        "operatingIncomeRatio": 0.0630664764,
        "totalOtherIncomeExpensesNet": -7027000,
        "incomeBeforeTax": 57058000,
        "incomeBeforeTaxRatio": 0.0561511588,
        "incomeTaxExpense": 21704000,
        "netIncome": 35354000,
        "netIncomeRatio": 0.0347921075,
        "eps": 0.33,
        "epsdiluted": 0.33,
        "weightedAverageShsOut": 105694000,
        "weightedAverageShsOutDil": 106645000,
        "link": "https://www.sec.gov/Archives/edgar/data/1158449/000115844907000040/0001158449-07-000040-index.htm",
        "finalLink": "https://www.sec.gov/Archives/edgar/data/1158449/000115844907000040/aap10k.htm"
    },
    {
        "date": "2006-10-07",
        "symbol": "AAP",
        "reportedCurrency": "USD",
        "cik": "0001158449",
        "fillingDate": "2006-11-16",
        "acceptedDate": "2006-11-16 17:13:23",
        "calendarYear": "2006",
        "period": "Q3",
        "revenue": 1099486000,
        "costOfRevenue": 569280000,
        "grossProfit": 530206000,
        "grossProfitRatio": 0.4822307878,
        "researchAndDevelopmentExpenses": 0,
        "generalAndAdministrativeExpenses": 0,
        "sellingAndMarketingExpenses": 0,
        "sellingGeneralAndAdministrativeExpenses": 427685000,
        "otherExpenses": 0,
        "operatingExpenses": 427685000,
        "costAndExpenses": 996965000,
        "interestIncome": 0,
        "interestExpense": 0,
        "depreciationAndAmortization": 33440000,
        "ebitda": 135961000,
        "ebitdaratio": 0.1236586914,
        "operatingIncome": 102521000,
        "operatingIncomeRatio": 0.0932444797,
        "totalOtherIncomeExpensesNet": -8092000,
        "incomeBeforeTax": 94429000,
        "incomeBeforeTaxRatio": 0.085884677,
        "incomeTaxExpense": 35482000,
        "netIncome": 58947000,
        "netIncomeRatio": 0.0536132338,
        "eps": 0.56,
        "epsdiluted": 0.56,
        "weightedAverageShsOut": 105112000,
        "weightedAverageShsOutDil": 106051000,
        "link": "https://www.sec.gov/Archives/edgar/data/1158449/000115844906000137/0001158449-06-000137-index.htm",
        "finalLink": "https://www.sec.gov/Archives/edgar/data/1158449/000115844906000137/aap10q.htm"
    },
    {
        "date": "2006-07-15",
        "symbol": "AAP",
        "reportedCurrency": "USD",
        "cik": "0001158449",
        "fillingDate": "2006-08-23",
        "acceptedDate": "2006-08-23 17:26:21",
        "calendarYear": "2006",
        "period": "Q2",
        "revenue": 1107857000,
        "costOfRevenue": 580498000,
        "grossProfit": 527359000,
        "grossProfitRatio": 0.4760172116,
        "researchAndDevelopmentExpenses": 0,
        "generalAndAdministrativeExpenses": 0,
        "sellingAndMarketingExpenses": 0,
        "sellingGeneralAndAdministrativeExpenses": 416913000,
        "otherExpenses": 0,
        "operatingExpenses": 416913000,
        "costAndExpenses": 997411000,
        "interestIncome": 0,
        "interestExpense": 0,
        "depreciationAndAmortization": 31172000,
        "ebitda": 141618000,
        "ebitdaratio": 0.1278305774,
        "operatingIncome": 110446000,
        "operatingIncomeRatio": 0.099693372,
        "totalOtherIncomeExpensesNet": -8773000,
        "incomeBeforeTax": 101673000,
        "incomeBeforeTaxRatio": 0.0917744799,
        "incomeTaxExpense": 38737000,
        "netIncome": 62936000,
        "netIncomeRatio": 0.0568087759,
        "eps": 0.6,
        "epsdiluted": 0.59,
        "weightedAverageShsOut": 105650000,
        "weightedAverageShsOutDil": 106793000,
        "link": "https://www.sec.gov/Archives/edgar/data/1158449/000115844906000105/0001158449-06-000105-index.htm",
        "finalLink": "https://www.sec.gov/Archives/edgar/data/1158449/000115844906000105/aap10q.htm"
    },
    {
        "date": "2006-04-22",
        "symbol": "AAP",
        "reportedCurrency": "USD",
        "cik": "0001158449",
        "fillingDate": "2006-06-01",
        "acceptedDate": "2006-06-01 16:59:43",
        "calendarYear": "2006",
        "period": "Q1",
        "revenue": 1393010000,
        "costOfRevenue": 727842000,
        "grossProfit": 665168000,
        "grossProfitRatio": 0.4775041098,
        "researchAndDevelopmentExpenses": 0,
        "generalAndAdministrativeExpenses": 0,
        "sellingAndMarketingExpenses": 0,
        "sellingGeneralAndAdministrativeExpenses": 538870000,
        "otherExpenses": 0,
        "operatingExpenses": 538870000,
        "costAndExpenses": 1266712000,
        "interestIncome": 0,
        "interestExpense": 0,
        "depreciationAndAmortization": 40026000,
        "ebitda": 166324000,
        "ebitdaratio": 0.1193989993,
        "operatingIncome": 126298000,
        "operatingIncomeRatio": 0.0906655372,
        "totalOtherIncomeExpensesNet": -9543000,
        "incomeBeforeTax": 116755000,
        "incomeBeforeTaxRatio": 0.0838149044,
        "incomeTaxExpense": 42674000,
        "netIncome": 74081000,
        "netIncomeRatio": 0.0531805228,
        "eps": 0.69,
        "epsdiluted": 0.68,
        "weightedAverageShsOut": 107879000,
        "weightedAverageShsOutDil": 109255000,
        "link": "https://www.sec.gov/Archives/edgar/data/1158449/000115844906000074/0001158449-06-000074-index.htm",
        "finalLink": "https://www.sec.gov/Archives/edgar/data/1158449/000115844906000074/aap10q.htm"
    },
    {
        "date": "2005-12-31",
        "symbol": "AAP",
        "reportedCurrency": "USD",
        "cik": "0001158449",
        "fillingDate": "2006-03-16",
        "acceptedDate": "2006-03-15 17:44:46",
        "calendarYear": "2005",
        "period": "Q4",
        "revenue": 963725000,
        "costOfRevenue": 513643000,
        "grossProfit": 450082000,
        "grossProfitRatio": 0.4670232691,
        "researchAndDevelopmentExpenses": 0,
        "generalAndAdministrativeExpenses": 0,
        "sellingAndMarketingExpenses": 0,
        "sellingGeneralAndAdministrativeExpenses": 379740000,
        "otherExpenses": 0,
        "operatingExpenses": 379740000,
        "costAndExpenses": 893383000,
        "interestIncome": 0,
        "interestExpense": 0,
        "depreciationAndAmortization": 29387000,
        "ebitda": 99729000,
        "ebitdaratio": 0.10348284,
        "operatingIncome": 70342000,
        "operatingIncomeRatio": 0.0729897014,
        "totalOtherIncomeExpensesNet": -7185000,
        "incomeBeforeTax": 63157000,
        "incomeBeforeTaxRatio": 0.0655342551,
        "incomeTaxExpense": 23801000,
        "netIncome": 39356000,
        "netIncomeRatio": 0.0408373758,
        "eps": 0.36,
        "epsdiluted": 0.36,
        "weightedAverageShsOut": 107879000,
        "weightedAverageShsOutDil": 109255000,
        "link": "https://www.sec.gov/Archives/edgar/data/1158449/000115844906000037/0001158449-06-000037-index.htm",
        "finalLink": "https://www.sec.gov/Archives/edgar/data/1158449/000115844906000037/aap.htm"
    },
    {
        "date": "2005-10-08",
        "symbol": "AAP",
        "reportedCurrency": "USD",
        "cik": "0001158449",
        "fillingDate": "2005-11-17",
        "acceptedDate": "2005-11-17 17:19:00",
        "calendarYear": "2005",
        "period": "Q3",
        "revenue": 1019736000,
        "costOfRevenue": 538321000,
        "grossProfit": 481415000,
        "grossProfitRatio": 0.4720976802,
        "researchAndDevelopmentExpenses": 0,
        "generalAndAdministrativeExpenses": 0,
        "sellingAndMarketingExpenses": 0,
        "sellingGeneralAndAdministrativeExpenses": 375999000,
        "otherExpenses": 0,
        "operatingExpenses": 375999000,
        "costAndExpenses": 914320000,
        "interestIncome": 0,
        "interestExpense": 0,
        "depreciationAndAmortization": 28358000,
        "ebitda": 133774000,
        "ebitdaratio": 0.1311849341,
        "operatingIncome": 105416000,
        "operatingIncomeRatio": 0.1033757757,
        "totalOtherIncomeExpensesNet": -7263000,
        "incomeBeforeTax": 98153000,
        "incomeBeforeTaxRatio": 0.096253344,
        "incomeTaxExpense": 37360000,
        "netIncome": 60793000,
        "netIncomeRatio": 0.0596164105,
        "eps": 0.56,
        "epsdiluted": 0.55,
        "weightedAverageShsOut": 109306000,
        "weightedAverageShsOutDil": 110941000,
        "link": "https://www.sec.gov/Archives/edgar/data/1158449/000115844905000201/0001158449-05-000201-index.htm",
        "finalLink": "https://www.sec.gov/Archives/edgar/data/1158449/000115844905000201/form10q.htm"
    },
    {
        "date": "2005-07-16",
        "symbol": "AAP",
        "reportedCurrency": "USD",
        "cik": "0001158449",
        "fillingDate": "2005-08-17",
        "acceptedDate": "2005-08-17 16:59:38",
        "calendarYear": "2005",
        "period": "Q2",
        "revenue": 1023146000,
        "costOfRevenue": 541096000,
        "grossProfit": 482050000,
        "grossProfitRatio": 0.4711448806,
        "researchAndDevelopmentExpenses": 0,
        "generalAndAdministrativeExpenses": 0,
        "sellingAndMarketingExpenses": 0,
        "sellingGeneralAndAdministrativeExpenses": 369530000,
        "otherExpenses": 0,
        "operatingExpenses": 369530000,
        "costAndExpenses": 910626000,
        "interestIncome": 0,
        "interestExpense": 0,
        "depreciationAndAmortization": 27610000,
        "ebitda": 140130000,
        "ebitdaratio": 0.1369599256,
        "operatingIncome": 112520000,
        "operatingIncomeRatio": 0.1099745295,
        "totalOtherIncomeExpensesNet": -6530000,
        "incomeBeforeTax": 105990000,
        "incomeBeforeTaxRatio": 0.1035922537,
        "incomeTaxExpense": 40061000,
        "netIncome": 65929000,
        "netIncomeRatio": 0.064437529,
        "eps": 0.61,
        "epsdiluted": 0.6,
        "weightedAverageShsOut": 108777000,
        "weightedAverageShsOutDil": 110348000,
        "link": "https://www.sec.gov/Archives/edgar/data/1158449/000115844905000177/0001158449-05-000177-index.htm",
        "finalLink": "https://www.sec.gov/Archives/edgar/data/1158449/000115844905000177/aap10q2.htm"
    },
    {
        "date": "2005-04-23",
        "symbol": "AAP",
        "reportedCurrency": "USD",
        "cik": "0001158449",
        "fillingDate": "2005-05-27",
        "acceptedDate": "2005-05-27 17:23:08",
        "calendarYear": "2005",
        "period": "Q1",
        "revenue": 1258364000,
        "costOfRevenue": 657433000,
        "grossProfit": 600931000,
        "grossProfitRatio": 0.4775494213,
        "researchAndDevelopmentExpenses": 0,
        "generalAndAdministrativeExpenses": 0,
        "sellingAndMarketingExpenses": 0,
        "sellingGeneralAndAdministrativeExpenses": 480717000,
        "otherExpenses": 0,
        "operatingExpenses": 480717000,
        "costAndExpenses": 1138150000,
        "interestIncome": 0,
        "interestExpense": 0,
        "depreciationAndAmortization": 35203000,
        "ebitda": 155417000,
        "ebitdaratio": 0.1235071887,
        "operatingIncome": 120214000,
        "operatingIncomeRatio": 0.0955319764,
        "totalOtherIncomeExpensesNet": -8591000,
        "incomeBeforeTax": 111623000,
        "incomeBeforeTaxRatio": 0.0887048581,
        "incomeTaxExpense": 42976000,
        "netIncome": 68647000,
        "netIncomeRatio": 0.0545525778,
        "eps": 0.64,
        "epsdiluted": 0.63,
        "weightedAverageShsOut": 107261000,
        "weightedAverageShsOutDil": 109155000,
        "link": "https://www.sec.gov/Archives/edgar/data/1158449/000115844905000133/0001158449-05-000133-index.htm",
        "finalLink": "https://www.sec.gov/Archives/edgar/data/1158449/000115844905000133/aap10q-1_2005.htm"
    },
    {
        "date": "2004-12-31",
        "symbol": "AAP",
        "reportedCurrency": "USD",
        "cik": "0001158449",
        "fillingDate": "2005-03-17",
        "acceptedDate": "2005-03-17 14:58:30",
        "calendarYear": "2004",
        "period": "Q4",
        "revenue": 848806000,
        "costOfRevenue": 455150000,
        "grossProfit": 393656000,
        "grossProfitRatio": 0.463776175,
        "researchAndDevelopmentExpenses": 0,
        "generalAndAdministrativeExpenses": 0,
        "sellingAndMarketingExpenses": 0,
        "sellingGeneralAndAdministrativeExpenses": 334009000,
        "otherExpenses": 0,
        "operatingExpenses": 334009000,
        "costAndExpenses": 789159000,
        "interestIncome": 0,
        "interestExpense": 0,
        "depreciationAndAmortization": 24877000,
        "ebitda": 84524000,
        "ebitdaratio": 0.0995798804,
        "operatingIncome": 59647000,
        "operatingIncomeRatio": 0.0702716522,
        "totalOtherIncomeExpensesNet": -7522000,
        "incomeBeforeTax": 52125000,
        "incomeBeforeTaxRatio": 0.0614097921,
        "incomeTaxExpense": 20069000,
        "netIncome": 32069000,
        "netIncomeRatio": 0.0377813069,
        "eps": 0.3,
        "epsdiluted": 0.29,
        "weightedAverageShsOut": 107206897,
        "weightedAverageShsOutDil": 109100450,
        "link": "https://www.sec.gov/Archives/edgar/data/1158449/000115844905000070/0001158449-05-000070-index.htm",
        "finalLink": "https://www.sec.gov/Archives/edgar/data/1158449/000115844905000070/aap10k_2004.htm"
    },
    {
        "date": "2004-10-09",
        "symbol": "AAP",
        "reportedCurrency": "USD",
        "cik": "0001158449",
        "fillingDate": "2004-11-12",
        "acceptedDate": "2004-11-10 18:24:08",
        "calendarYear": "2004",
        "period": "Q3",
        "revenue": 890161000,
        "costOfRevenue": 473646000,
        "grossProfit": 416515000,
        "grossProfitRatio": 0.4679097377,
        "researchAndDevelopmentExpenses": 0,
        "generalAndAdministrativeExpenses": 0,
        "sellingAndMarketingExpenses": 0,
        "sellingGeneralAndAdministrativeExpenses": 328673000,
        "otherExpenses": 0,
        "operatingExpenses": 328673000,
        "costAndExpenses": 802319000,
        "interestIncome": 0,
        "interestExpense": 0,
        "depreciationAndAmortization": 24970000,
        "ebitda": 112812000,
        "ebitdaratio": 0.1267321305,
        "operatingIncome": 87842000,
        "operatingIncomeRatio": 0.0986810251,
        "totalOtherIncomeExpensesNet": -4263000,
        "incomeBeforeTax": 83579000,
        "incomeBeforeTaxRatio": 0.0938920038,
        "incomeTaxExpense": 32180000,
        "netIncome": 51393000,
        "netIncomeRatio": 0.0577344997,
        "eps": 0.46,
        "epsdiluted": 0.45,
        "weightedAverageShsOut": 110952000,
        "weightedAverageShsOutDil": 113139000,
        "link": "https://www.sec.gov/Archives/edgar/data/1158449/000115844904000154/0001158449-04-000154-index.htm",
        "finalLink": "https://www.sec.gov/Archives/edgar/data/1158449/000115844904000154/aap10q-3_2004.htm"
    },
    {
        "date": "2004-07-17",
        "symbol": "AAP",
        "reportedCurrency": "USD",
        "cik": "0001158449",
        "fillingDate": "2004-08-16",
        "acceptedDate": "2004-08-16 17:25:24",
        "calendarYear": "2004",
        "period": "Q2",
        "revenue": 908412000,
        "costOfRevenue": 486110000,
        "grossProfit": 422302000,
        "grossProfitRatio": 0.4648793719,
        "researchAndDevelopmentExpenses": 0,
        "generalAndAdministrativeExpenses": 0,
        "sellingAndMarketingExpenses": 0,
        "sellingGeneralAndAdministrativeExpenses": 331055000,
        "otherExpenses": 0,
        "operatingExpenses": 331055000,
        "costAndExpenses": 817165000,
        "interestIncome": 0,
        "interestExpense": 0,
        "depreciationAndAmortization": 24369000,
        "ebitda": 115616000,
        "ebitdaratio": 0.1272726472,
        "operatingIncome": 91247000,
        "operatingIncomeRatio": 0.1004467136,
        "totalOtherIncomeExpensesNet": -4689000,
        "incomeBeforeTax": 86558000,
        "incomeBeforeTaxRatio": 0.0952849588,
        "incomeTaxExpense": 33329000,
        "netIncome": 53235000,
        "netIncomeRatio": 0.0586022642,
        "eps": 0.47,
        "epsdiluted": 0.47,
        "weightedAverageShsOut": 111829085,
        "weightedAverageShsOutDil": 114368816,
        "link": "https://www.sec.gov/Archives/edgar/data/1158449/000115844904000083/0001158449-04-000083-index.htm",
        "finalLink": "https://www.sec.gov/Archives/edgar/data/1158449/000115844904000083/aap10q-2_2004.htm"
    },
    {
        "date": "2004-04-24",
        "symbol": "AAP",
        "reportedCurrency": "USD",
        "cik": "0001158449",
        "fillingDate": "2004-05-21",
        "acceptedDate": "2004-05-21 17:20:34",
        "calendarYear": "2004",
        "period": "Q1",
        "revenue": 1122918000,
        "costOfRevenue": 602020000,
        "grossProfit": 520898000,
        "grossProfitRatio": 0.4638789297,
        "researchAndDevelopmentExpenses": 0,
        "generalAndAdministrativeExpenses": 0,
        "sellingAndMarketingExpenses": 0,
        "sellingGeneralAndAdministrativeExpenses": 430876000,
        "otherExpenses": 0,
        "operatingExpenses": 430876000,
        "costAndExpenses": 1032896000,
        "interestIncome": 0,
        "interestExpense": 0,
        "depreciationAndAmortization": 31743000,
        "ebitda": 122009000,
        "ebitdaratio": 0.1086535259,
        "operatingIncome": 90022000,
        "operatingIncomeRatio": 0.0801679197,
        "totalOtherIncomeExpensesNet": -6536000,
        "incomeBeforeTax": 83486000,
        "incomeBeforeTaxRatio": 0.07434737,
        "incomeTaxExpense": 32143000,
        "netIncome": 51291000,
        "netIncomeRatio": 0.045676532,
        "eps": 0.46,
        "epsdiluted": 0.45,
        "weightedAverageShsOut": 110932534,
        "weightedAverageShsOutDil": 113817091,
        "link": "https://www.sec.gov/Archives/edgar/data/1158449/000115844904000033/0001158449-04-000033-index.htm",
        "finalLink": "https://www.sec.gov/Archives/edgar/data/1158449/000115844904000033/aap10q-1_2004.htm"
    },
    {
        "date": "2003-12-31",
        "symbol": "AAP",
        "reportedCurrency": "USD",
        "cik": "0001158449",
        "fillingDate": "2004-03-12",
        "acceptedDate": "2004-03-12 12:57:59",
        "calendarYear": "2003",
        "period": "Q4",
        "revenue": 771668000,
        "costOfRevenue": 404990000,
        "grossProfit": 366678000,
        "grossProfitRatio": 0.4751758528,
        "researchAndDevelopmentExpenses": 0,
        "generalAndAdministrativeExpenses": 0,
        "sellingAndMarketingExpenses": 0,
        "sellingGeneralAndAdministrativeExpenses": 308684000,
        "otherExpenses": 1624000,
        "operatingExpenses": 310308000,
        "costAndExpenses": 715298000,
        "interestIncome": 0,
        "interestExpense": 0,
        "depreciationAndAmortization": 23476000,
        "ebitda": 81470000,
        "ebitdaratio": 0.1055764914,
        "operatingIncome": 56370000,
        "operatingIncomeRatio": 0.0730495498,
        "totalOtherIncomeExpensesNet": -4950000,
        "incomeBeforeTax": 51420000,
        "incomeBeforeTaxRatio": 0.0666348741,
        "incomeTaxExpense": 19796000,
        "netIncome": 31272000,
        "netIncomeRatio": 0.0405252,
        "eps": 0.28,
        "epsdiluted": 0.27,
        "weightedAverageShsOut": 110932534,
        "weightedAverageShsOutDil": 113817091,
        "link": "https://www.sec.gov/Archives/edgar/data/1158449/000115844904000010/0001158449-04-000010-index.htm",
        "finalLink": "https://www.sec.gov/Archives/edgar/data/1158449/000115844904000010/aap10k_2003.htm"
    },
    {
        "date": "2003-10-04",
        "symbol": "AAP",
        "reportedCurrency": "USD",
        "cik": "0001158449",
        "fillingDate": "2003-11-06",
        "acceptedDate": "2003-11-06 15:11:01",
        "calendarYear": "2003",
        "period": "Q3",
        "revenue": 839101000,
        "costOfRevenue": 452173000,
        "grossProfit": 386928000,
        "grossProfitRatio": 0.4611220818,
        "researchAndDevelopmentExpenses": 0,
        "generalAndAdministrativeExpenses": 0,
        "sellingAndMarketingExpenses": 0,
        "sellingGeneralAndAdministrativeExpenses": 308298000,
        "otherExpenses": 0,
        "operatingExpenses": 308298000,
        "costAndExpenses": 760471000,
        "interestIncome": 0,
        "interestExpense": 0,
        "depreciationAndAmortization": 23875000,
        "ebitda": 102505000,
        "ebitdaratio": 0.1221605027,
        "operatingIncome": 78630000,
        "operatingIncomeRatio": 0.0937074321,
        "totalOtherIncomeExpensesNet": -5879000,
        "incomeBeforeTax": 72751000,
        "incomeBeforeTaxRatio": 0.0867011242,
        "incomeTaxExpense": 28006000,
        "netIncome": 45164000,
        "netIncomeRatio": 0.0538242715,
        "eps": 0.41,
        "epsdiluted": 0.4,
        "weightedAverageShsOut": 110475000,
        "weightedAverageShsOutDil": 113322000,
        "link": "https://www.sec.gov/Archives/edgar/data/1158449/000115844903000020/0001158449-03-000020-index.htm",
        "finalLink": "https://www.sec.gov/Archives/edgar/data/1158449/000115844903000020/aap3rdq200310q.htm"
    },
    {
        "date": "2003-07-12",
        "symbol": "AAP",
        "reportedCurrency": "USD",
        "cik": "0001158449",
        "fillingDate": "2003-08-15",
        "acceptedDate": "2003-08-15 15:47:23",
        "calendarYear": "2003",
        "period": "Q2",
        "revenue": 827348000,
        "costOfRevenue": 447874000,
        "grossProfit": 379474000,
        "grossProfitRatio": 0.4586631019,
        "researchAndDevelopmentExpenses": 0,
        "generalAndAdministrativeExpenses": 0,
        "sellingAndMarketingExpenses": 0,
        "sellingGeneralAndAdministrativeExpenses": 301897000,
        "otherExpenses": 0,
        "operatingExpenses": 301897000,
        "costAndExpenses": 749771000,
        "interestIncome": 0,
        "interestExpense": 0,
        "depreciationAndAmortization": 23492000,
        "ebitda": 101069000,
        "ebitdaratio": 0.1221602034,
        "operatingIncome": 77577000,
        "operatingIncomeRatio": 0.0937658639,
        "totalOtherIncomeExpensesNet": -7186000,
        "incomeBeforeTax": 70391000,
        "incomeBeforeTaxRatio": 0.0850802806,
        "incomeTaxExpense": 27100000,
        "netIncome": 43458000,
        "netIncomeRatio": 0.052526869,
        "eps": 0.4,
        "epsdiluted": 0.39,
        "weightedAverageShsOut": 109638000,
        "weightedAverageShsOutDil": 112245000,
        "link": "https://www.sec.gov/Archives/edgar/data/1158449/000115844903000005/0001158449-03-000005-index.htm",
        "finalLink": "https://www.sec.gov/Archives/edgar/data/1158449/000115844903000005/aap2ndq200310q.htm"
    },
    {
        "date": "2003-04-19",
        "symbol": "AAP",
        "reportedCurrency": "USD",
        "cik": "0001158449",
        "fillingDate": "2003-05-20",
        "acceptedDate": "2003-05-20 17:22:35",
        "calendarYear": "2003",
        "period": "Q1",
        "revenue": 1033537000,
        "costOfRevenue": 565728000,
        "grossProfit": 467809000,
        "grossProfitRatio": 0.4526291753,
        "researchAndDevelopmentExpenses": 0,
        "generalAndAdministrativeExpenses": 0,
        "sellingAndMarketingExpenses": 0,
        "sellingGeneralAndAdministrativeExpenses": 389895000,
        "otherExpenses": 3381000,
        "operatingExpenses": 393276000,
        "costAndExpenses": 959004000,
        "interestIncome": 0,
        "interestExpense": 0,
        "depreciationAndAmortization": 35004000,
        "ebitda": 112918000,
        "ebitdaratio": 0.1092539503,
        "operatingIncome": 74533000,
        "operatingIncomeRatio": 0.0721144961,
        "totalOtherIncomeExpensesNet": -66336000,
        "incomeBeforeTax": 8197000,
        "incomeBeforeTaxRatio": 0.0079310175,
        "incomeTaxExpense": 3156000,
        "netIncome": 5041000,
        "netIncomeRatio": 0.0048774258,
        "eps": 0.0467,
        "epsdiluted": 0.0467,
        "weightedAverageShsOut": 107655172,
        "weightedAverageShsOutDil": 109802099,
        "link": "https://www.sec.gov/Archives/edgar/data/1158449/000089843003003128/0000898430-03-003128-index.htm",
        "finalLink": "https://www.sec.gov/Archives/edgar/data/1158449/000089843003003128/d10q.htm"
    },
    {
        "date": "2002-12-31",
        "symbol": "AAP",
        "reportedCurrency": "USD",
        "cik": "0001158449",
        "fillingDate": "2003-03-27",
        "acceptedDate": "2003-03-27 17:28:18",
        "calendarYear": "2002",
        "period": "Q4",
        "revenue": 702417000,
        "costOfRevenue": 389607000,
        "grossProfit": 312810000,
        "grossProfitRatio": 0.4453337547,
        "researchAndDevelopmentExpenses": 0,
        "generalAndAdministrativeExpenses": 0,
        "sellingAndMarketingExpenses": 0,
        "sellingGeneralAndAdministrativeExpenses": 269884000,
        "otherExpenses": 9090000,
        "operatingExpenses": 278974000,
        "costAndExpenses": 668581000,
        "interestIncome": 0,
        "interestExpense": 0,
        "depreciationAndAmortization": 26244000,
        "ebitda": 69170000,
        "ebitdaratio": 0.0984742681,
        "operatingIncome": 33836000,
        "operatingIncomeRatio": 0.0481708159,
        "totalOtherIncomeExpensesNet": -17009000,
        "incomeBeforeTax": 16827000,
        "incomeBeforeTaxRatio": 0.0239558553,
        "incomeTaxExpense": 6529000,
        "netIncome": 8619000,
        "netIncomeRatio": 0.0122704889,
        "eps": 0.08,
        "epsdiluted": 0.078,
        "weightedAverageShsOut": 107655172,
        "weightedAverageShsOutDil": 109802099,
        "link": "https://www.sec.gov/Archives/edgar/data/1158449/000101706203000555/0001017062-03-000555-index.htm",
        "finalLink": "https://www.sec.gov/Archives/edgar/data/1158449/000101706203000555/d10k.htm"
    },
    {
        "date": "2002-10-05",
        "symbol": "AAP",
        "reportedCurrency": "USD",
        "cik": "0001158449",
        "fillingDate": "2002-11-19",
        "acceptedDate": "2002-11-19 16:46:06",
        "calendarYear": "2002",
        "period": "Q3",
        "revenue": 788662000,
        "costOfRevenue": 439000000,
        "grossProfit": 349662000,
        "grossProfitRatio": 0.4433610343,
        "researchAndDevelopmentExpenses": 0,
        "generalAndAdministrativeExpenses": 0,
        "sellingAndMarketingExpenses": 0,
        "sellingGeneralAndAdministrativeExpenses": 278869000,
        "otherExpenses": 8248000,
        "operatingExpenses": 287117000,
        "costAndExpenses": 726117000,
        "interestIncome": 0,
        "interestExpense": 0,
        "depreciationAndAmortization": 25986000,
        "ebitda": 96779000,
        "ebitdaratio": 0.1227128986,
        "operatingIncome": 62545000,
        "operatingIncomeRatio": 0.079305203,
        "totalOtherIncomeExpensesNet": -15717000,
        "incomeBeforeTax": 46828000,
        "incomeBeforeTaxRatio": 0.0593765136,
        "incomeTaxExpense": 18170000,
        "netIncome": 28363000,
        "netIncomeRatio": 0.0359634419,
        "eps": 0.27,
        "epsdiluted": 0.26,
        "weightedAverageShsOut": 107019000,
        "weightedAverageShsOutDil": 110175000,
        "link": "https://www.sec.gov/Archives/edgar/data/1158449/000089843002004283/0000898430-02-004283-index.htm",
        "finalLink": "https://www.sec.gov/Archives/edgar/data/1158449/000089843002004283/d10q.htm"
    },
    {
        "date": "2002-07-13",
        "symbol": "AAP",
        "reportedCurrency": "USD",
        "cik": "0001158449",
        "fillingDate": "2002-08-14",
        "acceptedDate": "2002-08-14 17:59:15",
        "calendarYear": "2002",
        "period": "Q2",
        "revenue": 792717000,
        "costOfRevenue": 443703000,
        "grossProfit": 349014000,
        "grossProfitRatio": 0.4402756595,
        "researchAndDevelopmentExpenses": 0,
        "generalAndAdministrativeExpenses": 0,
        "sellingAndMarketingExpenses": 0,
        "sellingGeneralAndAdministrativeExpenses": 284135000,
        "otherExpenses": 7629000,
        "operatingExpenses": 291764000,
        "costAndExpenses": 735467000,
        "interestIncome": 0,
        "interestExpense": 0,
        "depreciationAndAmortization": 25562000,
        "ebitda": 90441000,
        "ebitdaratio": 0.1140898959,
        "operatingIncome": 57250000,
        "operatingIncomeRatio": 0.0722199726,
        "totalOtherIncomeExpensesNet": -18743000,
        "incomeBeforeTax": 38507000,
        "incomeBeforeTaxRatio": 0.0485759735,
        "incomeTaxExpense": 14942000,
        "netIncome": 15941000,
        "netIncomeRatio": 0.0201093202,
        "eps": 0.15,
        "epsdiluted": 0.15,
        "weightedAverageShsOut": 106158000,
        "weightedAverageShsOutDil": 109626000,
        "link": "https://www.sec.gov/Archives/edgar/data/1158449/000089843002003171/0000898430-02-003171-index.htm",
        "finalLink": "https://www.sec.gov/Archives/edgar/data/1158449/000089843002003171/d10q.htm"
    },
    {
        "date": "2002-04-20",
        "symbol": "AAP",
        "reportedCurrency": "USD",
        "cik": "0001158449",
        "fillingDate": "2002-05-23",
        "acceptedDate": "2002-05-23 16:52:38",
        "calendarYear": "2002",
        "period": "Q1",
        "revenue": 1004087000,
        "costOfRevenue": 567579000,
        "grossProfit": 436508000,
        "grossProfitRatio": 0.4347312534,
        "researchAndDevelopmentExpenses": 0,
        "generalAndAdministrativeExpenses": 0,
        "sellingAndMarketingExpenses": 0,
        "sellingGeneralAndAdministrativeExpenses": 377589000,
        "otherExpenses": 10565000,
        "operatingExpenses": 388154000,
        "costAndExpenses": 955733000,
        "interestIncome": 0,
        "interestExpense": 0,
        "depreciationAndAmortization": 32910000,
        "ebitda": 91829000,
        "ebitdaratio": 0.0914552225,
        "operatingIncome": 48354000,
        "operatingIncomeRatio": 0.0481571816,
        "totalOtherIncomeExpensesNet": -28591000,
        "incomeBeforeTax": 19763000,
        "incomeBeforeTaxRatio": 0.0196825574,
        "incomeTaxExpense": 7667000,
        "netIncome": 12096000,
        "netIncomeRatio": 0.0120467649,
        "eps": 0.12,
        "epsdiluted": 0.11,
        "weightedAverageShsOut": 101448276,
        "weightedAverageShsOutDil": 105313343,
        "link": "https://www.sec.gov/Archives/edgar/data/1158449/000089843002002168/0000898430-02-002168-index.htm",
        "finalLink": "https://www.sec.gov/Archives/edgar/data/1158449/000089843002002168/d10q.htm"
    },
    {
        "date": "2001-12-31",
        "symbol": "AAP",
        "reportedCurrency": "USD",
        "cik": "0001158449",
        "fillingDate": "2002-03-28",
        "acceptedDate": "2002-03-28 00:00:00",
        "calendarYear": "2001",
        "period": "Q4",
        "revenue": 582009000,
        "costOfRevenue": 0,
        "grossProfit": 0,
        "grossProfitRatio": 0,
        "researchAndDevelopmentExpenses": 0,
        "generalAndAdministrativeExpenses": 0,
        "sellingAndMarketingExpenses": 0,
        "sellingGeneralAndAdministrativeExpenses": 0,
        "otherExpenses": 582009000,
        "operatingExpenses": 582009000,
        "costAndExpenses": 582009000,
        "interestIncome": 0,
        "interestExpense": 0,
        "depreciationAndAmortization": 0,
        "ebitda": -1832564000,
        "ebitdaratio": -3.1486867042,
        "operatingIncome": -1832564000,
        "operatingIncomeRatio": -3.1486867042,
        "totalOtherIncomeExpensesNet": 1832564000,
        "incomeBeforeTax": 0,
        "incomeBeforeTaxRatio": 0,
        "incomeTaxExpense": 0,
        "netIncome": -21787000,
        "netIncomeRatio": -0.037434129,
        "eps": -0.21,
        "epsdiluted": -0.21,
        "weightedAverageShsOut": 101448276,
        "weightedAverageShsOutDil": 105313343,
        "link": "https://www.sec.gov/Archives/edgar/data/1158449/000089843002001066/0000898430-02-001066-index.htm",
        "finalLink": "https://www.sec.gov/Archives/edgar/data/1158449/000089843002001066/d10k.txt"
    },
    {
        "date": "2001-09-30",
        "symbol": "AAP",
        "reportedCurrency": "USD",
        "cik": "0001158449",
        "fillingDate": "2001-09-30",
        "acceptedDate": "2001-09-29 20:00:00",
        "calendarYear": "2001",
        "period": "Q3",
        "revenue": 598793000,
        "costOfRevenue": 0,
        "grossProfit": 0,
        "grossProfitRatio": 0,
        "researchAndDevelopmentExpenses": 0,
        "generalAndAdministrativeExpenses": 0,
        "sellingAndMarketingExpenses": 0,
        "sellingGeneralAndAdministrativeExpenses": 0,
        "otherExpenses": 598793000,
        "operatingExpenses": 598793000,
        "costAndExpenses": 598793000,
        "interestIncome": 0,
        "interestExpense": 0,
        "depreciationAndAmortization": 0,
        "ebitda": 598793000,
        "ebitdaratio": 1,
        "operatingIncome": 598793000,
        "operatingIncomeRatio": 1,
        "totalOtherIncomeExpensesNet": -598793000,
        "incomeBeforeTax": 0,
        "incomeBeforeTaxRatio": 0,
        "incomeTaxExpense": 0,
        "netIncome": 15232000,
        "netIncomeRatio": 0.0254378391,
        "eps": 0.18,
        "epsdiluted": 0.18,
        "weightedAverageShsOut": 84579932,
        "weightedAverageShsOutDil": 86175780,
        "link": "",
        "finalLink": ""
    },
    {
        "date": "2001-06-30",
        "symbol": "AAP",
        "reportedCurrency": "USD",
        "cik": "0001158449",
        "fillingDate": "2001-06-30",
        "acceptedDate": "2001-06-29 20:00:00",
        "calendarYear": "2001",
        "period": "Q2",
        "revenue": 607478000,
        "costOfRevenue": 0,
        "grossProfit": 0,
        "grossProfitRatio": 0,
        "researchAndDevelopmentExpenses": 0,
        "generalAndAdministrativeExpenses": 0,
        "sellingAndMarketingExpenses": 0,
        "sellingGeneralAndAdministrativeExpenses": 0,
        "otherExpenses": 607478000,
        "operatingExpenses": 607478000,
        "costAndExpenses": 607478000,
        "interestIncome": 0,
        "interestExpense": 0,
        "depreciationAndAmortization": 0,
        "ebitda": 607478000,
        "ebitdaratio": 1,
        "operatingIncome": 607478000,
        "operatingIncomeRatio": 1,
        "totalOtherIncomeExpensesNet": -607478000,
        "incomeBeforeTax": 0,
        "incomeBeforeTaxRatio": 0,
        "incomeTaxExpense": 0,
        "netIncome": 14124000,
        "netIncomeRatio": 0.0232502247,
        "eps": 0.17,
        "epsdiluted": 0.16,
        "weightedAverageShsOut": 84701649,
        "weightedAverageShsOutDil": 86430254,
        "link": "",
        "finalLink": ""
    },
    {
        "date": "2001-03-31",
        "symbol": "AAP",
        "reportedCurrency": "USD",
        "cik": "0001158449",
        "fillingDate": "2001-03-31",
        "acceptedDate": "2001-03-30 19:00:00",
        "calendarYear": "2001",
        "period": "Q1",
        "revenue": 729359000,
        "costOfRevenue": 0,
        "grossProfit": 0,
        "grossProfitRatio": 0,
        "researchAndDevelopmentExpenses": 0,
        "generalAndAdministrativeExpenses": 0,
        "sellingAndMarketingExpenses": 0,
        "sellingGeneralAndAdministrativeExpenses": 0,
        "otherExpenses": 729359000,
        "operatingExpenses": 729359000,
        "costAndExpenses": 729359000,
        "interestIncome": 0,
        "interestExpense": 0,
        "depreciationAndAmortization": 0,
        "ebitda": 729359000,
        "ebitdaratio": 1,
        "operatingIncome": 729359000,
        "operatingIncomeRatio": 1,
        "totalOtherIncomeExpensesNet": -729359000,
        "incomeBeforeTax": 0,
        "incomeBeforeTaxRatio": 0,
        "incomeTaxExpense": 0,
        "netIncome": 3873000,
        "netIncomeRatio": 0.0053101422,
        "eps": 0.0467,
        "epsdiluted": 0.0467,
        "weightedAverageShsOut": 82951381,
        "weightedAverageShsOutDil": 82951381,
        "link": "",
        "finalLink": ""
    }
]