[
    {
        "date": "2020-03-31",
        "symbol": "ACF",
        "reportedCurrency": "USD",
        "cik": "0000000000",
        "fillingDate": "2020-05-06",
        "acceptedDate": "2020-05-06 16:04:39",
        "calendarYear": "2020",
        "period": "Q1",
        "revenue": 3561000000,
        "costOfRevenue": 0,
        "grossProfit": 3561000000,
        "grossProfitRatio": 1,
        "researchAndDevelopmentExpenses": 0,
        "generalAndAdministrativeExpenses": 0,
        "sellingAndMarketingExpenses": 0,
        "sellingGeneralAndAdministrativeExpenses": 358000000,
        "otherExpenses": 0,
        "operatingExpenses": 358000000,
        "costAndExpenses": 3356000000,
        "interestIncome": 0,
        "interestExpense": 835000000,
        "depreciationAndAmortization": 835000000,
        "ebitda": 1065000000,
        "ebitdaratio": 0.299073294,
        "operatingIncome": 230000000,
        "operatingIncomeRatio": 0.0645885987,
        "totalOtherIncomeExpensesNet": 0,
        "incomeBeforeTax": 230000000,
        "incomeBeforeTaxRatio": 0.0645885987,
        "incomeTaxExpense": 63000000,
        "netIncome": 167000000,
        "netIncomeRatio": 0.0468969391,
        "eps": 1.23,
        "epsdiluted": 1.23,
        "weightedAverageShsOut": 135233000,
        "weightedAverageShsOutDil": 135233000,
        "link": "https://www.sec.gov/Archives/edgar/data/804269/000080426920000022/0000804269-20-000022-index.html",
        "finalLink": "https://www.sec.gov/Archives/edgar/data/804269/000080426920000022/gmf331202010-q.htm"
    },
    {
        "date": "2019-12-31",
        "symbol": "ACF",
        "reportedCurrency": "USD",
        "cik": "0000000000",
        "fillingDate": "2020-02-05",
        "acceptedDate": "2020-02-05 16:38:15",
        "calendarYear": "2019",
        "period": "Q4",
        "revenue": 3636000000,
        "costOfRevenue": 0,
        "grossProfit": 3636000000,
        "grossProfitRatio": 1,
        "researchAndDevelopmentExpenses": 0,
        "generalAndAdministrativeExpenses": 0,
        "sellingAndMarketingExpenses": 0,
        "sellingGeneralAndAdministrativeExpenses": 2129000000,
        "otherExpenses": 0,
        "operatingExpenses": 2129000000,
        "costAndExpenses": 3178000000,
        "interestIncome": 0,
        "interestExpense": 822000000,
        "depreciationAndAmortization": 9491000000,
        "ebitda": 10811000000,
        "ebitdaratio": 2.9733223322,
        "operatingIncome": 498000000,
        "operatingIncomeRatio": 0.1369636964,
        "totalOtherIncomeExpensesNet": 0,
        "incomeBeforeTax": 498000000,
        "incomeBeforeTaxRatio": 0.1369636964,
        "incomeTaxExpense": 121000000,
        "netIncome": 377000000,
        "netIncomeRatio": 0.1036853685,
        "eps": 2.79,
        "epsdiluted": 2.79,
        "weightedAverageShsOut": 135233000,
        "weightedAverageShsOutDil": 135233000,
        "link": "https://www.sec.gov/Archives/edgar/data/804269/000080426920000006/0000804269-20-000006-index.html",
        "finalLink": "https://www.sec.gov/Archives/edgar/data/804269/000080426920000006/gmf1231201910-k.htm"
    },
    {
        "date": "2019-09-30",
        "symbol": "ACF",
        "reportedCurrency": "USD",
        "cik": "0000000000",
        "fillingDate": "2019-10-29",
        "acceptedDate": "2019-10-29 17:00:13",
        "calendarYear": "2019",
        "period": "Q3",
        "revenue": 3659000000,
        "costOfRevenue": 0,
        "grossProfit": 3659000000,
        "grossProfitRatio": 1,
        "researchAndDevelopmentExpenses": 0,
        "generalAndAdministrativeExpenses": 0,
        "sellingAndMarketingExpenses": 0,
        "sellingGeneralAndAdministrativeExpenses": 1958000000,
        "otherExpenses": 0,
        "operatingExpenses": 1958000000,
        "costAndExpenses": 2987000000,
        "interestIncome": 0,
        "interestExpense": 878000000,
        "depreciationAndAmortization": 878000000,
        "ebitda": 1589000000,
        "ebitdaratio": 0.4342716589,
        "operatingIncome": 711000000,
        "operatingIncomeRatio": 0.1943153867,
        "totalOtherIncomeExpensesNet": 0,
        "incomeBeforeTax": 711000000,
        "incomeBeforeTaxRatio": 0.1943153867,
        "incomeTaxExpense": 195000000,
        "netIncome": 516000000,
        "netIncomeRatio": 0.1410221372,
        "eps": 3.82,
        "epsdiluted": 3.82,
        "weightedAverageShsOut": 135233000,
        "weightedAverageShsOutDil": 135233000,
        "link": "https://www.sec.gov/Archives/edgar/data/804269/000080426919000066/0000804269-19-000066-index.html",
        "finalLink": "https://www.sec.gov/Archives/edgar/data/804269/000080426919000066/gmf930201910-q.htm"
    },
    {
        "date": "2019-06-30",
        "symbol": "ACF",
        "reportedCurrency": "USD",
        "cik": "0000000000",
        "fillingDate": "2019-08-01",
        "acceptedDate": "2019-08-01 11:36:30",
        "calendarYear": "2019",
        "period": "Q2",
        "revenue": 3639000000,
        "costOfRevenue": 0,
        "grossProfit": 3639000000,
        "grossProfitRatio": 1,
        "researchAndDevelopmentExpenses": 0,
        "generalAndAdministrativeExpenses": 0,
        "sellingAndMarketingExpenses": 0,
        "sellingGeneralAndAdministrativeExpenses": 2014000000,
        "otherExpenses": 0,
        "operatingExpenses": 2014000000,
        "costAndExpenses": 3145000000,
        "interestIncome": 0,
        "interestExpense": 953000000,
        "depreciationAndAmortization": 953000000,
        "ebitda": 1489000000,
        "ebitdaratio": 0.4091783457,
        "operatingIncome": 536000000,
        "operatingIncomeRatio": 0.1472932124,
        "totalOtherIncomeExpensesNet": 0,
        "incomeBeforeTax": 536000000,
        "incomeBeforeTaxRatio": 0.1472932124,
        "incomeTaxExpense": 133000000,
        "netIncome": 403000000,
        "netIncomeRatio": 0.1107447101,
        "eps": 2.98,
        "epsdiluted": 2.98,
        "weightedAverageShsOut": 135233000,
        "weightedAverageShsOutDil": 135233000,
        "link": "https://www.sec.gov/Archives/edgar/data/804269/000080426919000050/0000804269-19-000050-index.htm",
        "finalLink": "https://www.sec.gov/Archives/edgar/data/804269/000080426919000050/gmf630201910-q.htm"
    },
    {
        "date": "2019-03-31",
        "symbol": "ACF",
        "reportedCurrency": "USD",
        "cik": "0000000000",
        "fillingDate": "2019-04-30",
        "acceptedDate": "2019-04-30 12:15:59",
        "calendarYear": "2019",
        "period": "Q1",
        "revenue": 3620000000,
        "costOfRevenue": 0,
        "grossProfit": 3620000000,
        "grossProfitRatio": 1,
        "researchAndDevelopmentExpenses": 0,
        "generalAndAdministrativeExpenses": 0,
        "sellingAndMarketingExpenses": 0,
        "sellingGeneralAndAdministrativeExpenses": 2184000000,
        "otherExpenses": 0,
        "operatingExpenses": 2184000000,
        "costAndExpenses": 3306000000,
        "interestIncome": 0,
        "interestExpense": 947000000,
        "depreciationAndAmortization": 947000000,
        "ebitda": 1306000000,
        "ebitdaratio": 0.3607734807,
        "operatingIncome": 359000000,
        "operatingIncomeRatio": 0.0991712707,
        "totalOtherIncomeExpensesNet": 0,
        "incomeBeforeTax": 359000000,
        "incomeBeforeTaxRatio": 0.0991712707,
        "incomeTaxExpense": 88000000,
        "netIncome": 271000000,
        "netIncomeRatio": 0.0748618785,
        "eps": 2,
        "epsdiluted": 2,
        "weightedAverageShsOut": 135233000,
        "weightedAverageShsOutDil": 135233000,
        "link": "https://www.sec.gov/Archives/edgar/data/804269/000080426919000032/0000804269-19-000032-index.html",
        "finalLink": "https://www.sec.gov/Archives/edgar/data/804269/000080426919000032/gmf331201910-q.htm"
    },
    {
        "date": "2016-12-31",
        "symbol": "ACF",
        "reportedCurrency": "USD",
        "cik": "0000000000",
        "fillingDate": "2017-02-07",
        "acceptedDate": "2017-02-07 10:11:50",
        "calendarYear": "2016",
        "period": "Q4",
        "revenue": 2692000000,
        "costOfRevenue": 0,
        "grossProfit": 2692000000,
        "grossProfitRatio": 1,
        "researchAndDevelopmentExpenses": 0,
        "generalAndAdministrativeExpenses": 0,
        "sellingAndMarketingExpenses": 0,
        "sellingGeneralAndAdministrativeExpenses": 1974000000,
        "otherExpenses": 0,
        "operatingExpenses": 1974000000,
        "costAndExpenses": 2540000000,
        "interestIncome": 0,
        "interestExpense": 603000000,
        "depreciationAndAmortization": 6040000000,
        "ebitda": 6837000000,
        "ebitdaratio": 2.5397473997,
        "operatingIncome": 194000000,
        "operatingIncomeRatio": 0.0720653789,
        "totalOtherIncomeExpensesNet": 0,
        "incomeBeforeTax": 194000000,
        "incomeBeforeTaxRatio": 0.0720653789,
        "incomeTaxExpense": -60000000,
        "netIncome": 254000000,
        "netIncomeRatio": 0.0943536404,
        "eps": 1.88,
        "epsdiluted": 1.88,
        "weightedAverageShsOut": 135233000,
        "weightedAverageShsOutDil": 135233000,
        "link": "https://www.sec.gov/Archives/edgar/data/804269/000080426917000006/0000804269-17-000006-index.html",
        "finalLink": "https://www.sec.gov/Archives/edgar/data/804269/000080426917000006/gmf1231201610-k.htm"
    },
    {
        "date": "2016-09-30",
        "symbol": "ACF",
        "reportedCurrency": "USD",
        "cik": "0000000000",
        "fillingDate": "2016-10-25",
        "acceptedDate": "2016-10-25 10:03:36",
        "calendarYear": "2016",
        "period": "Q3",
        "revenue": 2499000000,
        "costOfRevenue": 0,
        "grossProfit": 2499000000,
        "grossProfitRatio": 1,
        "researchAndDevelopmentExpenses": 0,
        "generalAndAdministrativeExpenses": 0,
        "sellingAndMarketingExpenses": 0,
        "sellingGeneralAndAdministrativeExpenses": 1763000000,
        "otherExpenses": 0,
        "operatingExpenses": 1763000000,
        "costAndExpenses": 2307000000,
        "interestIncome": 0,
        "interestExpense": 541000000,
        "depreciationAndAmortization": 541000000,
        "ebitda": 769000000,
        "ebitdaratio": 0.3077230892,
        "operatingIncome": 228000000,
        "operatingIncomeRatio": 0.0912364946,
        "totalOtherIncomeExpensesNet": 0,
        "incomeBeforeTax": 228000000,
        "incomeBeforeTaxRatio": 0.0912364946,
        "incomeTaxExpense": 81000000,
        "netIncome": 147000000,
        "netIncomeRatio": 0.0588235294,
        "eps": 1.09,
        "epsdiluted": 1.09,
        "weightedAverageShsOut": 135233000,
        "weightedAverageShsOutDil": 135233000,
        "link": "https://www.sec.gov/Archives/edgar/data/804269/000080426916000032/0000804269-16-000032-index.html",
        "finalLink": "https://www.sec.gov/Archives/edgar/data/804269/000080426916000032/gmf0930201610-q.htm"
    },
    {
        "date": "2016-06-30",
        "symbol": "ACF",
        "reportedCurrency": "USD",
        "cik": "0000000000",
        "fillingDate": "2016-07-21",
        "acceptedDate": "2016-07-21 10:18:29",
        "calendarYear": "2016",
        "period": "Q2",
        "revenue": 2292000000,
        "costOfRevenue": 0,
        "grossProfit": 2292000000,
        "grossProfitRatio": 1,
        "researchAndDevelopmentExpenses": 0,
        "generalAndAdministrativeExpenses": 0,
        "sellingAndMarketingExpenses": 0,
        "sellingGeneralAndAdministrativeExpenses": 1551000000,
        "otherExpenses": 0,
        "operatingExpenses": 1551000000,
        "costAndExpenses": 2063000000,
        "interestIncome": 0,
        "interestExpense": 501000000,
        "depreciationAndAmortization": 501000000,
        "ebitda": 767000000,
        "ebitdaratio": 0.3346422339,
        "operatingIncome": 266000000,
        "operatingIncomeRatio": 0.1160558464,
        "totalOtherIncomeExpensesNet": 0,
        "incomeBeforeTax": 266000000,
        "incomeBeforeTaxRatio": 0.1160558464,
        "incomeTaxExpense": 77000000,
        "netIncome": 189000000,
        "netIncomeRatio": 0.082460733,
        "eps": 1.4,
        "epsdiluted": 1.4,
        "weightedAverageShsOut": 135233000,
        "weightedAverageShsOutDil": 135233000,
        "link": "https://www.sec.gov/Archives/edgar/data/804269/000080426916000020/0000804269-16-000020-index.htm",
        "finalLink": "https://www.sec.gov/Archives/edgar/data/804269/000080426916000020/gmf0630201610-q.htm"
    },
    {
        "date": "2016-03-31",
        "symbol": "ACF",
        "reportedCurrency": "USD",
        "cik": "0000000000",
        "fillingDate": "2016-04-21",
        "acceptedDate": "2016-04-21 08:38:21",
        "calendarYear": "2016",
        "period": "Q1",
        "revenue": 2075000000,
        "costOfRevenue": 0,
        "grossProfit": 2075000000,
        "grossProfitRatio": 1,
        "researchAndDevelopmentExpenses": 0,
        "generalAndAdministrativeExpenses": 0,
        "sellingAndMarketingExpenses": 0,
        "sellingGeneralAndAdministrativeExpenses": 1368000000,
        "otherExpenses": 0,
        "operatingExpenses": 1368000000,
        "costAndExpenses": 1886000000,
        "interestIncome": 0,
        "interestExpense": 463000000,
        "depreciationAndAmortization": 463000000,
        "ebitda": 688000000,
        "ebitdaratio": 0.3315662651,
        "operatingIncome": 225000000,
        "operatingIncomeRatio": 0.1084337349,
        "totalOtherIncomeExpensesNet": 0,
        "incomeBeforeTax": 225000000,
        "incomeBeforeTaxRatio": 0.1084337349,
        "incomeTaxExpense": 61000000,
        "netIncome": 164000000,
        "netIncomeRatio": 0.0790361446,
        "eps": 1.21,
        "epsdiluted": 1.21,
        "weightedAverageShsOut": 135233000,
        "weightedAverageShsOutDil": 135233000,
        "link": "https://www.sec.gov/Archives/edgar/data/804269/000080426916000012/0000804269-16-000012-index.html",
        "finalLink": "https://www.sec.gov/Archives/edgar/data/804269/000080426916000012/gmf0331201610-q.htm"
    },
    {
        "date": "2015-12-31",
        "symbol": "ACF",
        "reportedCurrency": "USD",
        "cik": "0000000000",
        "fillingDate": "2016-02-03",
        "acceptedDate": "2016-02-03 11:13:14",
        "calendarYear": "2015",
        "period": "Q4",
        "revenue": 1878000000,
        "costOfRevenue": 0,
        "grossProfit": 1878000000,
        "grossProfitRatio": 1,
        "researchAndDevelopmentExpenses": 0,
        "generalAndAdministrativeExpenses": 0,
        "sellingAndMarketingExpenses": 0,
        "sellingGeneralAndAdministrativeExpenses": 1278000000,
        "otherExpenses": 0,
        "operatingExpenses": 1278000000,
        "costAndExpenses": 1742000000,
        "interestIncome": 0,
        "interestExpense": 433000000,
        "depreciationAndAmortization": 2863000000,
        "ebitda": 3463000000,
        "ebitdaratio": 1.8439829606,
        "operatingIncome": 167000000,
        "operatingIncomeRatio": 0.0889243876,
        "totalOtherIncomeExpensesNet": 0,
        "incomeBeforeTax": 167000000,
        "incomeBeforeTaxRatio": 0.0889243876,
        "incomeTaxExpense": 36000000,
        "netIncome": 131000000,
        "netIncomeRatio": 0.0697550586,
        "eps": 0.97,
        "epsdiluted": 0.97,
        "weightedAverageShsOut": 135233000,
        "weightedAverageShsOutDil": 135233000,
        "link": "https://www.sec.gov/Archives/edgar/data/804269/000080426916000008/0000804269-16-000008-index.html",
        "finalLink": "https://www.sec.gov/Archives/edgar/data/804269/000080426916000008/acf1231201510-k.htm"
    },
    {
        "date": "2015-09-30",
        "symbol": "ACF",
        "reportedCurrency": "USD",
        "cik": "0000000000",
        "fillingDate": "2015-10-21",
        "acceptedDate": "2015-10-21 09:52:30",
        "calendarYear": "2015",
        "period": "Q3",
        "revenue": 1707000000,
        "costOfRevenue": 0,
        "grossProfit": 1707000000,
        "grossProfitRatio": 1,
        "researchAndDevelopmentExpenses": 0,
        "generalAndAdministrativeExpenses": 0,
        "sellingAndMarketingExpenses": 0,
        "sellingGeneralAndAdministrativeExpenses": 1084000000,
        "otherExpenses": 0,
        "operatingExpenses": 1084000000,
        "costAndExpenses": 1505000000,
        "interestIncome": 0,
        "interestExpense": 412000000,
        "depreciationAndAmortization": 412000000,
        "ebitda": 643000000,
        "ebitdaratio": 0.3766842414,
        "operatingIncome": 231000000,
        "operatingIncomeRatio": 0.1353251318,
        "totalOtherIncomeExpensesNet": 0,
        "incomeBeforeTax": 231000000,
        "incomeBeforeTaxRatio": 0.1353251318,
        "incomeTaxExpense": 52000000,
        "netIncome": 179000000,
        "netIncomeRatio": 0.1048623316,
        "eps": 1.32,
        "epsdiluted": 1.32,
        "weightedAverageShsOut": 135233000,
        "weightedAverageShsOutDil": 135233000,
        "link": "https://www.sec.gov/Archives/edgar/data/804269/000080426915000006/0000804269-15-000006-index.html",
        "finalLink": "https://www.sec.gov/Archives/edgar/data/804269/000080426915000006/gmf0930201510-q.htm"
    },
    {
        "date": "2015-06-30",
        "symbol": "ACF",
        "reportedCurrency": "USD",
        "cik": "0000000000",
        "fillingDate": "2015-07-23",
        "acceptedDate": "2015-07-23 09:13:30",
        "calendarYear": "2015",
        "period": "Q2",
        "revenue": 1515000000,
        "costOfRevenue": 0,
        "grossProfit": 1515000000,
        "grossProfitRatio": 1,
        "researchAndDevelopmentExpenses": 0,
        "generalAndAdministrativeExpenses": 0,
        "sellingAndMarketingExpenses": 0,
        "sellingGeneralAndAdministrativeExpenses": 924000000,
        "otherExpenses": 0,
        "operatingExpenses": 924000000,
        "costAndExpenses": 1318000000,
        "interestIncome": 0,
        "interestExpense": 391000000,
        "depreciationAndAmortization": 391000000,
        "ebitda": 616000000,
        "ebitdaratio": 0.4066006601,
        "operatingIncome": 225000000,
        "operatingIncomeRatio": 0.1485148515,
        "totalOtherIncomeExpensesNet": 0,
        "incomeBeforeTax": 225000000,
        "incomeBeforeTaxRatio": 0.1485148515,
        "incomeTaxExpense": 39000000,
        "netIncome": 186000000,
        "netIncomeRatio": 0.1227722772,
        "eps": 1.38,
        "epsdiluted": 1.38,
        "weightedAverageShsOut": 135233000,
        "weightedAverageShsOutDil": 135233000,
        "link": "https://www.sec.gov/Archives/edgar/data/804269/000162828015005397/0001628280-15-005397-index.html",
        "finalLink": "https://www.sec.gov/Archives/edgar/data/804269/000162828015005397/acf0630201510-q.htm"
    },
    {
        "date": "2015-03-31",
        "symbol": "ACF",
        "reportedCurrency": "USD",
        "cik": "0000000000",
        "fillingDate": "2015-04-23",
        "acceptedDate": "2015-04-23 09:05:15",
        "calendarYear": "2015",
        "period": "Q1",
        "revenue": 1354000000,
        "costOfRevenue": 0,
        "grossProfit": 1354000000,
        "grossProfitRatio": 1,
        "researchAndDevelopmentExpenses": 0,
        "generalAndAdministrativeExpenses": 0,
        "sellingAndMarketingExpenses": 0,
        "sellingGeneralAndAdministrativeExpenses": 774000000,
        "otherExpenses": 0,
        "operatingExpenses": 774000000,
        "costAndExpenses": 1168000000,
        "interestIncome": 0,
        "interestExpense": 380000000,
        "depreciationAndAmortization": 380000000,
        "ebitda": 594000000,
        "ebitdaratio": 0.4387001477,
        "operatingIncome": 214000000,
        "operatingIncomeRatio": 0.1580502216,
        "totalOtherIncomeExpensesNet": 0,
        "incomeBeforeTax": 214000000,
        "incomeBeforeTaxRatio": 0.1580502216,
        "incomeTaxExpense": 64000000,
        "netIncome": 150000000,
        "netIncomeRatio": 0.1107828656,
        "eps": 1.11,
        "epsdiluted": 1.11,
        "weightedAverageShsOut": 135233000,
        "weightedAverageShsOutDil": 135233000,
        "link": "https://www.sec.gov/Archives/edgar/data/804269/000162828015002879/0001628280-15-002879-index.html",
        "finalLink": "https://www.sec.gov/Archives/edgar/data/804269/000162828015002879/acf0331201510-q.htm"
    },
    {
        "date": "2014-12-31",
        "symbol": "ACF",
        "reportedCurrency": "USD",
        "cik": "0000000000",
        "fillingDate": "2015-02-04",
        "acceptedDate": "2015-02-04 10:57:38",
        "calendarYear": "2014",
        "period": "Q4",
        "revenue": 1305000000,
        "costOfRevenue": 0,
        "grossProfit": 1305000000,
        "grossProfitRatio": 1,
        "researchAndDevelopmentExpenses": 0,
        "generalAndAdministrativeExpenses": 0,
        "sellingAndMarketingExpenses": 0,
        "sellingGeneralAndAdministrativeExpenses": 750000000,
        "otherExpenses": 0,
        "operatingExpenses": 750000000,
        "costAndExpenses": 1185000000,
        "interestIncome": 0,
        "interestExpense": 389000000,
        "depreciationAndAmortization": 1154000000,
        "ebitda": 1663000000,
        "ebitdaratio": 1.2743295019,
        "operatingIncome": 337000000,
        "operatingIncomeRatio": 0.2582375479,
        "totalOtherIncomeExpensesNet": -217000000,
        "incomeBeforeTax": 120000000,
        "incomeBeforeTaxRatio": 0.091954023,
        "incomeTaxExpense": 61000000,
        "netIncome": 59000000,
        "netIncomeRatio": 0.045210728,
        "eps": 0.44,
        "epsdiluted": 0.44,
        "weightedAverageShsOut": 135233000,
        "weightedAverageShsOutDil": 135233000,
        "link": "https://www.sec.gov/Archives/edgar/data/804269/000080426915000003/0000804269-15-000003-index.htm",
        "finalLink": "https://www.sec.gov/Archives/edgar/data/804269/000080426915000003/acf1231201410-k.htm"
    },
    {
        "date": "2014-09-30",
        "symbol": "ACF",
        "reportedCurrency": "USD",
        "cik": "0000000000",
        "fillingDate": "2014-10-23",
        "acceptedDate": "2014-10-23 09:13:49",
        "calendarYear": "2014",
        "period": "Q3",
        "revenue": 1261000000,
        "costOfRevenue": 0,
        "grossProfit": 1261000000,
        "grossProfitRatio": 1,
        "researchAndDevelopmentExpenses": 0,
        "generalAndAdministrativeExpenses": 0,
        "sellingAndMarketingExpenses": 0,
        "sellingGeneralAndAdministrativeExpenses": 664000000,
        "otherExpenses": 0,
        "operatingExpenses": 664000000,
        "costAndExpenses": 1053000000,
        "interestIncome": 0,
        "interestExpense": 368000000,
        "depreciationAndAmortization": 418000000,
        "ebitda": 576000000,
        "ebitdaratio": 0.4567803331,
        "operatingIncome": 158000000,
        "operatingIncomeRatio": 0.125297383,
        "totalOtherIncomeExpensesNet": 50000000,
        "incomeBeforeTax": 208000000,
        "incomeBeforeTaxRatio": 0.1649484536,
        "incomeTaxExpense": 50000000,
        "netIncome": 158000000,
        "netIncomeRatio": 0.125297383,
        "eps": 1.17,
        "epsdiluted": 1.17,
        "weightedAverageShsOut": 135233000,
        "weightedAverageShsOutDil": 135233000,
        "link": "https://www.sec.gov/Archives/edgar/data/804269/000080426914000016/0000804269-14-000016-index.html",
        "finalLink": "https://www.sec.gov/Archives/edgar/data/804269/000080426914000016/acf0930201410-q.htm"
    },
    {
        "date": "2014-06-30",
        "symbol": "ACF",
        "reportedCurrency": "USD",
        "cik": "0000000000",
        "fillingDate": "2014-07-24",
        "acceptedDate": "2014-07-24 08:01:52",
        "calendarYear": "2014",
        "period": "Q2",
        "revenue": 1191000000,
        "costOfRevenue": 0,
        "grossProfit": 1191000000,
        "grossProfitRatio": 1,
        "researchAndDevelopmentExpenses": 0,
        "generalAndAdministrativeExpenses": 0,
        "sellingAndMarketingExpenses": 0,
        "sellingGeneralAndAdministrativeExpenses": 585000000,
        "otherExpenses": 0,
        "operatingExpenses": 585000000,
        "costAndExpenses": 926000000,
        "interestIncome": 0,
        "interestExpense": 354000000,
        "depreciationAndAmortization": 444000000,
        "ebitda": 619000000,
        "ebitdaratio": 0.5197313182,
        "operatingIncome": 175000000,
        "operatingIncomeRatio": 0.1469353484,
        "totalOtherIncomeExpensesNet": 90000000,
        "incomeBeforeTax": 265000000,
        "incomeBeforeTaxRatio": 0.2225020991,
        "incomeTaxExpense": 90000000,
        "netIncome": 175000000,
        "netIncomeRatio": 0.1469353484,
        "eps": 1.29,
        "epsdiluted": 1.29,
        "weightedAverageShsOut": 135233000,
        "weightedAverageShsOutDil": 135233000,
        "link": "https://www.sec.gov/Archives/edgar/data/804269/000080426914000012/0000804269-14-000012-index.html",
        "finalLink": "https://www.sec.gov/Archives/edgar/data/804269/000080426914000012/acf0630201410-q.htm"
    },
    {
        "date": "2014-03-31",
        "symbol": "ACF",
        "reportedCurrency": "USD",
        "cik": "0000000000",
        "fillingDate": "2014-04-24",
        "acceptedDate": "2014-04-24 08:16:00",
        "calendarYear": "2014",
        "period": "Q1",
        "revenue": 1097000000,
        "costOfRevenue": 0,
        "grossProfit": 1097000000,
        "grossProfitRatio": 1,
        "researchAndDevelopmentExpenses": 0,
        "generalAndAdministrativeExpenses": 0,
        "sellingAndMarketingExpenses": 0,
        "sellingGeneralAndAdministrativeExpenses": 558000000,
        "otherExpenses": 0,
        "operatingExpenses": 558000000,
        "costAndExpenses": 875000000,
        "interestIncome": 0,
        "interestExpense": 315000000,
        "depreciationAndAmortization": 392000000,
        "ebitda": 537000000,
        "ebitdaratio": 0.4895168642,
        "operatingIncome": 145000000,
        "operatingIncomeRatio": 0.1321786691,
        "totalOtherIncomeExpensesNet": 77000000,
        "incomeBeforeTax": 222000000,
        "incomeBeforeTaxRatio": 0.2023701003,
        "incomeTaxExpense": 77000000,
        "netIncome": 145000000,
        "netIncomeRatio": 0.1321786691,
        "eps": 1.07,
        "epsdiluted": 1.07,
        "weightedAverageShsOut": 135233000,
        "weightedAverageShsOutDil": 135233000,
        "link": "https://www.sec.gov/Archives/edgar/data/804269/000080426914000008/0000804269-14-000008-index.html",
        "finalLink": "https://www.sec.gov/Archives/edgar/data/804269/000080426914000008/acf0331201410-q.htm"
    },
    {
        "date": "2013-12-31",
        "symbol": "ACF",
        "reportedCurrency": "USD",
        "cik": "0000000000",
        "fillingDate": "2014-02-06",
        "acceptedDate": "2014-02-06 08:01:17",
        "calendarYear": "2013",
        "period": "Q4",
        "revenue": 3344000000,
        "costOfRevenue": 0,
        "grossProfit": 3344000000,
        "grossProfitRatio": 1,
        "researchAndDevelopmentExpenses": 0,
        "generalAndAdministrativeExpenses": 0,
        "sellingAndMarketingExpenses": 0,
        "sellingGeneralAndAdministrativeExpenses": 1545000000,
        "otherExpenses": 0,
        "operatingExpenses": 1545000000,
        "costAndExpenses": 2461000000,
        "interestIncome": 0,
        "interestExpense": 721000000,
        "depreciationAndAmortization": 543000000,
        "ebitda": 2147000000,
        "ebitdaratio": 0.6420454545,
        "operatingIncome": 566000000,
        "operatingIncomeRatio": 0.1692583732,
        "totalOtherIncomeExpensesNet": 317000000,
        "incomeBeforeTax": 883000000,
        "incomeBeforeTaxRatio": 0.2640550239,
        "incomeTaxExpense": 317000000,
        "netIncome": 566000000,
        "netIncomeRatio": 0.1692583732,
        "eps": 4.19,
        "epsdiluted": 4.19,
        "weightedAverageShsOut": 135233000,
        "weightedAverageShsOutDil": 135233000,
        "link": "https://www.sec.gov/Archives/edgar/data/804269/000080426914000005/0000804269-14-000005-index.htm",
        "finalLink": "https://www.sec.gov/Archives/edgar/data/804269/000080426914000005/acf1231201310-k.htm"
    },
    {
        "date": "2013-09-30",
        "symbol": "ACF",
        "reportedCurrency": "USD",
        "cik": "0000000000",
        "fillingDate": "2013-10-30",
        "acceptedDate": "2013-10-30 08:01:09",
        "calendarYear": "2013",
        "period": "Q3",
        "revenue": -1376000000,
        "costOfRevenue": -2752000000,
        "grossProfit": 1376000000,
        "grossProfitRatio": -1,
        "researchAndDevelopmentExpenses": 0,
        "generalAndAdministrativeExpenses": 0,
        "sellingAndMarketingExpenses": 0,
        "sellingGeneralAndAdministrativeExpenses": 502000000,
        "otherExpenses": 0,
        "operatingExpenses": 502000000,
        "costAndExpenses": 502000000,
        "interestIncome": 0,
        "interestExpense": -246000000,
        "depreciationAndAmortization": -246000000,
        "ebitda": 427000000,
        "ebitdaratio": -0.3103197674,
        "operatingIncome": 673000000,
        "operatingIncomeRatio": -0.4890988372,
        "totalOtherIncomeExpensesNet": 0,
        "incomeBeforeTax": 673000000,
        "incomeBeforeTaxRatio": -0.4890988372,
        "incomeTaxExpense": 228000000,
        "netIncome": 445000000,
        "netIncomeRatio": -0.3234011628,
        "eps": 3.29,
        "epsdiluted": 3.29,
        "weightedAverageShsOut": 135233000,
        "weightedAverageShsOutDil": 135233000,
        "link": "https://www.sec.gov/Archives/edgar/data/804269/000080426913000030/0000804269-13-000030-index.html",
        "finalLink": "https://www.sec.gov/Archives/edgar/data/804269/000080426913000030/acf0930201310-q.htm"
    },
    {
        "date": "2013-06-30",
        "symbol": "ACF",
        "reportedCurrency": "USD",
        "cik": "0000000000",
        "fillingDate": "2013-07-30",
        "acceptedDate": "2013-07-30 12:58:10",
        "calendarYear": "2013",
        "period": "Q2",
        "revenue": 835880000,
        "costOfRevenue": 0,
        "grossProfit": 835880000,
        "grossProfitRatio": 1,
        "researchAndDevelopmentExpenses": 0,
        "generalAndAdministrativeExpenses": 0,
        "sellingAndMarketingExpenses": 0,
        "sellingGeneralAndAdministrativeExpenses": 400769000,
        "otherExpenses": 0,
        "operatingExpenses": 400769000,
        "costAndExpenses": 571552000,
        "interestIncome": 0,
        "interestExpense": 163772000,
        "depreciationAndAmortization": -64711000,
        "ebitda": 363389000,
        "ebitdaratio": 0.4347382399,
        "operatingIncome": 178057000,
        "operatingIncomeRatio": 0.2130174188,
        "totalOtherIncomeExpensesNet": 86271000,
        "incomeBeforeTax": 264328000,
        "incomeBeforeTaxRatio": 0.3162272096,
        "incomeTaxExpense": 86271000,
        "netIncome": 178057000,
        "netIncomeRatio": 0.2130174188,
        "eps": 1.32,
        "epsdiluted": 1.32,
        "weightedAverageShsOut": 135233000,
        "weightedAverageShsOutDil": 135233000,
        "link": "https://www.sec.gov/Archives/edgar/data/804269/000080426913000027/0000804269-13-000027-index.html",
        "finalLink": "https://www.sec.gov/Archives/edgar/data/804269/000080426913000027/acf0630201310-q.htm"
    },
    {
        "date": "2013-03-31",
        "symbol": "ACF",
        "reportedCurrency": "USD",
        "cik": "0000000000",
        "fillingDate": "2013-05-02",
        "acceptedDate": "2013-05-02 14:32:20",
        "calendarYear": "2013",
        "period": "Q1",
        "revenue": 540120000,
        "costOfRevenue": 0,
        "grossProfit": 540120000,
        "grossProfitRatio": 1,
        "researchAndDevelopmentExpenses": 0,
        "generalAndAdministrativeExpenses": 0,
        "sellingAndMarketingExpenses": 0,
        "sellingGeneralAndAdministrativeExpenses": 188231000,
        "otherExpenses": 0,
        "operatingExpenses": 188231000,
        "costAndExpenses": 370448000,
        "interestIncome": 0,
        "interestExpense": 82228000,
        "depreciationAndAmortization": 64711000,
        "ebitda": 316611000,
        "ebitdaratio": 0.586186403,
        "operatingIncome": 105943000,
        "operatingIncomeRatio": 0.1961471525,
        "totalOtherIncomeExpensesNet": 63729000,
        "incomeBeforeTax": 169672000,
        "incomeBeforeTaxRatio": 0.3141375991,
        "incomeTaxExpense": 63729000,
        "netIncome": 105943000,
        "netIncomeRatio": 0.1961471525,
        "eps": 0.78,
        "epsdiluted": 0.78,
        "weightedAverageShsOut": 135233000,
        "weightedAverageShsOutDil": 135233000,
        "link": "https://www.sec.gov/Archives/edgar/data/804269/000080426913000023/0000804269-13-000023-index.html",
        "finalLink": "https://www.sec.gov/Archives/edgar/data/804269/000080426913000023/acf0331201310-q.htm"
    },
    {
        "date": "2012-12-31",
        "symbol": "ACF",
        "reportedCurrency": "USD",
        "cik": "0000000000",
        "fillingDate": "2013-02-15",
        "acceptedDate": "2013-02-15 08:01:56",
        "calendarYear": "2012",
        "period": "Q4",
        "revenue": 528104000,
        "costOfRevenue": 0,
        "grossProfit": 528104000,
        "grossProfitRatio": 1,
        "researchAndDevelopmentExpenses": 0,
        "generalAndAdministrativeExpenses": 0,
        "sellingAndMarketingExpenses": 0,
        "sellingGeneralAndAdministrativeExpenses": 165373000,
        "otherExpenses": 0,
        "operatingExpenses": 165373000,
        "costAndExpenses": 382510000,
        "interestIncome": 0,
        "interestExpense": 81653000,
        "depreciationAndAmortization": 47260000,
        "ebitda": 274507000,
        "ebitdaratio": 0.5197972369,
        "operatingIncome": 145594000,
        "operatingIncomeRatio": 0.2756919092,
        "totalOtherIncomeExpensesNet": 0,
        "incomeBeforeTax": 145594000,
        "incomeBeforeTaxRatio": 0.2756919092,
        "incomeTaxExpense": 54990000,
        "netIncome": 90604000,
        "netIncomeRatio": 0.1715646918,
        "eps": 0.67,
        "epsdiluted": 0.67,
        "weightedAverageShsOut": 135233000,
        "weightedAverageShsOutDil": 135233000,
        "link": "https://www.sec.gov/Archives/edgar/data/804269/000080426913000010/0000804269-13-000010-index.html",
        "finalLink": "https://www.sec.gov/Archives/edgar/data/804269/000080426913000010/acf12311210-k.htm"
    },
    {
        "date": "2012-09-30",
        "symbol": "ACF",
        "reportedCurrency": "USD",
        "cik": "0000000000",
        "fillingDate": "2012-10-31",
        "acceptedDate": "2012-10-31 09:10:26",
        "calendarYear": "2012",
        "period": "Q3",
        "revenue": 514517000,
        "costOfRevenue": 0,
        "grossProfit": 514517000,
        "grossProfitRatio": 1,
        "researchAndDevelopmentExpenses": 0,
        "generalAndAdministrativeExpenses": 0,
        "sellingAndMarketingExpenses": 0,
        "sellingGeneralAndAdministrativeExpenses": 161373000,
        "otherExpenses": 0,
        "operatingExpenses": 161373000,
        "costAndExpenses": 313868000,
        "interestIncome": 0,
        "interestExpense": 74329000,
        "depreciationAndAmortization": 35219000,
        "ebitda": 310197000,
        "ebitdaratio": 0.6028897004,
        "operatingIncome": 200649000,
        "operatingIncomeRatio": 0.3899754527,
        "totalOtherIncomeExpensesNet": 0,
        "incomeBeforeTax": 200649000,
        "incomeBeforeTaxRatio": 0.3899754527,
        "incomeTaxExpense": 76701000,
        "netIncome": 123948000,
        "netIncomeRatio": 0.2409016612,
        "eps": 0.92,
        "epsdiluted": 0.92,
        "weightedAverageShsOut": 135233000,
        "weightedAverageShsOutDil": 135233000,
        "link": "https://www.sec.gov/Archives/edgar/data/804269/000080426912000019/0000804269-12-000019-index.html",
        "finalLink": "https://www.sec.gov/Archives/edgar/data/804269/000080426912000019/acf0930201210-q.htm"
    },
    {
        "date": "2012-06-30",
        "symbol": "ACF",
        "reportedCurrency": "USD",
        "cik": "0000000000",
        "fillingDate": "2012-08-03",
        "acceptedDate": "2012-08-03 08:01:02",
        "calendarYear": "2012",
        "period": "Q2",
        "revenue": 486511000,
        "costOfRevenue": 0,
        "grossProfit": 486511000,
        "grossProfitRatio": 1,
        "researchAndDevelopmentExpenses": 0,
        "generalAndAdministrativeExpenses": 0,
        "sellingAndMarketingExpenses": 0,
        "sellingGeneralAndAdministrativeExpenses": 143728000,
        "otherExpenses": 0,
        "operatingExpenses": 143728000,
        "costAndExpenses": 269780000,
        "interestIncome": 0,
        "interestExpense": 64176000,
        "depreciationAndAmortization": 27744000,
        "ebitda": 308651000,
        "ebitdaratio": 0.6344173102,
        "operatingIncome": 216731000,
        "operatingIncomeRatio": 0.4454801639,
        "totalOtherIncomeExpensesNet": 0,
        "incomeBeforeTax": 216731000,
        "incomeBeforeTaxRatio": 0.4454801639,
        "incomeTaxExpense": 80436000,
        "netIncome": 136295000,
        "netIncomeRatio": 0.2801478281,
        "eps": 1.01,
        "epsdiluted": 1.01,
        "weightedAverageShsOut": 135233000,
        "weightedAverageShsOutDil": 135233000,
        "link": "https://www.sec.gov/Archives/edgar/data/804269/000080426912000014/0000804269-12-000014-index.html",
        "finalLink": "https://www.sec.gov/Archives/edgar/data/804269/000080426912000014/acf0630201210-q.htm"
    },
    {
        "date": "2012-03-31",
        "symbol": "ACF",
        "reportedCurrency": "USD",
        "cik": "0000000000",
        "fillingDate": "2012-05-03",
        "acceptedDate": "2012-05-03 08:12:25",
        "calendarYear": "2012",
        "period": "Q1",
        "revenue": 431403000,
        "costOfRevenue": 0,
        "grossProfit": 431403000,
        "grossProfitRatio": 1,
        "researchAndDevelopmentExpenses": 0,
        "generalAndAdministrativeExpenses": 0,
        "sellingAndMarketingExpenses": 0,
        "sellingGeneralAndAdministrativeExpenses": 138515000,
        "otherExpenses": 0,
        "operatingExpenses": 138515000,
        "costAndExpenses": 250161000,
        "interestIncome": 0,
        "interestExpense": 63092000,
        "depreciationAndAmortization": 49703000,
        "ebitda": 294037000,
        "ebitdaratio": 0.6815831137,
        "operatingIncome": 181242000,
        "operatingIncomeRatio": 0.4201222523,
        "totalOtherIncomeExpensesNet": 0,
        "incomeBeforeTax": 181242000,
        "incomeBeforeTaxRatio": 0.4201222523,
        "incomeTaxExpense": 68963000,
        "netIncome": 112279000,
        "netIncomeRatio": 0.260264764,
        "eps": 0.83,
        "epsdiluted": 0.83,
        "weightedAverageShsOut": 135233000,
        "weightedAverageShsOutDil": 135233000,
        "link": "https://www.sec.gov/Archives/edgar/data/804269/000080426912000008/0000804269-12-000008-index.htm",
        "finalLink": "https://www.sec.gov/Archives/edgar/data/804269/000080426912000008/acf0331201210-q.htm"
    },
    {
        "date": "2011-12-31",
        "symbol": "ACF",
        "reportedCurrency": "USD",
        "cik": "0000000000",
        "fillingDate": "2012-02-27",
        "acceptedDate": "2012-02-27 08:01:46",
        "calendarYear": "2011",
        "period": "Q4",
        "revenue": 394255000,
        "costOfRevenue": 0,
        "grossProfit": 394255000,
        "grossProfitRatio": 1,
        "researchAndDevelopmentExpenses": 0,
        "generalAndAdministrativeExpenses": 0,
        "sellingAndMarketingExpenses": 0,
        "sellingGeneralAndAdministrativeExpenses": 116262000,
        "otherExpenses": 0,
        "operatingExpenses": 116262000,
        "costAndExpenses": 224140000,
        "interestIncome": 0,
        "interestExpense": 64441000,
        "depreciationAndAmortization": 354382000,
        "ebitda": 588938000,
        "ebitdaratio": 1.4937996982,
        "operatingIncome": 170115000,
        "operatingIncomeRatio": 0.431484699,
        "totalOtherIncomeExpensesNet": 0,
        "incomeBeforeTax": 170115000,
        "incomeBeforeTaxRatio": 0.431484699,
        "incomeTaxExpense": 66451000,
        "netIncome": 103664000,
        "netIncomeRatio": 0.2629364244,
        "eps": 0.77,
        "epsdiluted": 0.77,
        "weightedAverageShsOut": 135233000,
        "weightedAverageShsOutDil": 135233000,
        "link": "https://www.sec.gov/Archives/edgar/data/804269/000119312512079904/0001193125-12-079904-index.html",
        "finalLink": "https://www.sec.gov/Archives/edgar/data/804269/000119312512079904/d283941d10k.htm"
    },
    {
        "date": "2011-09-30",
        "symbol": "ACF",
        "reportedCurrency": "USD",
        "cik": "0000000000",
        "fillingDate": "2011-11-09",
        "acceptedDate": "2011-11-09 07:01:15",
        "calendarYear": "2011",
        "period": "Q3",
        "revenue": 390681000,
        "costOfRevenue": 0,
        "grossProfit": 390681000,
        "grossProfitRatio": 1,
        "researchAndDevelopmentExpenses": 0,
        "generalAndAdministrativeExpenses": 0,
        "sellingAndMarketingExpenses": 0,
        "sellingGeneralAndAdministrativeExpenses": 105999000,
        "otherExpenses": 0,
        "operatingExpenses": 105999000,
        "costAndExpenses": 213235000,
        "interestIncome": 0,
        "interestExpense": 56295000,
        "depreciationAndAmortization": -245355000,
        "ebitda": -11614000,
        "ebitdaratio": -0.0297275783,
        "operatingIncome": 177446000,
        "operatingIncomeRatio": 0.4541966464,
        "totalOtherIncomeExpensesNet": 0,
        "incomeBeforeTax": 177446000,
        "incomeBeforeTaxRatio": 0.4541966464,
        "incomeTaxExpense": 68639000,
        "netIncome": 108807000,
        "netIncomeRatio": 0.2785059934,
        "eps": 0.8,
        "epsdiluted": 0.8,
        "weightedAverageShsOut": 135233000,
        "weightedAverageShsOutDil": 135233000,
        "link": "https://www.sec.gov/Archives/edgar/data/804269/000119312511303250/0001193125-11-303250-index.html",
        "finalLink": "https://www.sec.gov/Archives/edgar/data/804269/000119312511303250/d242879d10q.htm"
    },
    {
        "date": "2011-06-30",
        "symbol": "ACF",
        "reportedCurrency": "USD",
        "cik": "0000000000",
        "fillingDate": "2011-08-05",
        "acceptedDate": "2011-08-05 08:09:51",
        "calendarYear": "2011",
        "period": "Q2",
        "revenue": 252428000,
        "costOfRevenue": 0,
        "grossProfit": 252428000,
        "grossProfitRatio": 1,
        "researchAndDevelopmentExpenses": 0,
        "generalAndAdministrativeExpenses": 0,
        "sellingAndMarketingExpenses": 0,
        "sellingGeneralAndAdministrativeExpenses": 102348000,
        "otherExpenses": 0,
        "operatingExpenses": 102348000,
        "costAndExpenses": 68807000,
        "interestIncome": 0,
        "interestExpense": -5930000,
        "depreciationAndAmortization": 115598000,
        "ebitda": 293289000,
        "ebitdaratio": 1.1618719001,
        "operatingIncome": 183621000,
        "operatingIncomeRatio": 0.7274193037,
        "totalOtherIncomeExpensesNet": 0,
        "incomeBeforeTax": 183621000,
        "incomeBeforeTaxRatio": 0.7274193037,
        "incomeTaxExpense": 61865000,
        "netIncome": 121756000,
        "netIncomeRatio": 0.4823395186,
        "eps": 0.9,
        "epsdiluted": 0.9,
        "weightedAverageShsOut": 135233000,
        "weightedAverageShsOutDil": 135233000,
        "link": "https://www.sec.gov/Archives/edgar/data/804269/000119312511211378/0001193125-11-211378-index.html",
        "finalLink": "https://www.sec.gov/Archives/edgar/data/804269/000119312511211378/d10q.htm"
    },
    {
        "date": "2011-03-31",
        "symbol": "ACF",
        "reportedCurrency": "USD",
        "cik": "0000000000",
        "fillingDate": "2011-05-06",
        "acceptedDate": "2011-05-06 11:33:49",
        "calendarYear": "2011",
        "period": "Q1",
        "revenue": 0,
        "costOfRevenue": 0,
        "grossProfit": 0,
        "grossProfitRatio": 0,
        "researchAndDevelopmentExpenses": 0,
        "generalAndAdministrativeExpenses": 0,
        "sellingAndMarketingExpenses": 0,
        "sellingGeneralAndAdministrativeExpenses": 76406000,
        "otherExpenses": 0,
        "operatingExpenses": 76406000,
        "costAndExpenses": 76406000,
        "interestIncome": 0,
        "interestExpense": -40617000,
        "depreciationAndAmortization": 17868000,
        "ebitda": 107487000,
        "ebitdaratio": 0,
        "operatingIncome": 130236000,
        "operatingIncomeRatio": 0,
        "totalOtherIncomeExpensesNet": 0,
        "incomeBeforeTax": 130236000,
        "incomeBeforeTaxRatio": 0,
        "incomeTaxExpense": 52998000,
        "netIncome": 77238000,
        "netIncomeRatio": 0,
        "eps": 0.57,
        "epsdiluted": 0.57,
        "weightedAverageShsOut": 135233000,
        "weightedAverageShsOutDil": 135233000,
        "link": "https://www.sec.gov/Archives/edgar/data/804269/000119312511130046/0001193125-11-130046-index.html",
        "finalLink": "https://www.sec.gov/Archives/edgar/data/804269/000119312511130046/d10q.htm"
    },
    {
        "date": "2009-06-30",
        "symbol": "ACF",
        "reportedCurrency": "USD",
        "cik": "0000000000",
        "fillingDate": "2009-08-28",
        "acceptedDate": "2009-08-28 17:09:07",
        "calendarYear": "2009",
        "period": "Q2",
        "revenue": 0,
        "costOfRevenue": 0,
        "grossProfit": 0,
        "grossProfitRatio": 0,
        "researchAndDevelopmentExpenses": 0,
        "generalAndAdministrativeExpenses": 0,
        "sellingAndMarketingExpenses": 0,
        "sellingGeneralAndAdministrativeExpenses": 308803000,
        "otherExpenses": 0,
        "operatingExpenses": 308803000,
        "costAndExpenses": 308803000,
        "interestIncome": 0,
        "interestExpense": -704620000,
        "depreciationAndAmortization": 26283000,
        "ebitda": -641501000,
        "ebitdaratio": 0,
        "operatingIncome": 36836000,
        "operatingIncomeRatio": 0,
        "totalOtherIncomeExpensesNet": 0,
        "incomeBeforeTax": 36836000,
        "incomeBeforeTaxRatio": 0,
        "incomeTaxExpense": 22949000,
        "netIncome": 13887000,
        "netIncomeRatio": 0,
        "eps": 0.11,
        "epsdiluted": 0.11,
        "weightedAverageShsOut": 125239000,
        "weightedAverageShsOutDil": 129381000,
        "link": "https://www.sec.gov/Archives/edgar/data/804269/000119312509183965/0001193125-09-183965-index.html",
        "finalLink": "https://www.sec.gov/Archives/edgar/data/804269/000119312509183965/d10k.htm"
    },
    {
        "date": "2009-03-31",
        "symbol": "ACF",
        "reportedCurrency": "USD",
        "cik": "0000000000",
        "fillingDate": "2009-05-11",
        "acceptedDate": "2009-05-11 13:46:59",
        "calendarYear": "2009",
        "period": "Q1",
        "revenue": 0,
        "costOfRevenue": 0,
        "grossProfit": 0,
        "grossProfitRatio": 0,
        "researchAndDevelopmentExpenses": 0,
        "generalAndAdministrativeExpenses": 0,
        "sellingAndMarketingExpenses": 0,
        "sellingGeneralAndAdministrativeExpenses": 244877000,
        "otherExpenses": 0,
        "operatingExpenses": 244877000,
        "costAndExpenses": 244877000,
        "interestIncome": 0,
        "interestExpense": -557194000,
        "depreciationAndAmortization": 25200000,
        "ebitda": -551077000,
        "ebitdaratio": 0,
        "operatingIncome": -19083000,
        "operatingIncomeRatio": 0,
        "totalOtherIncomeExpensesNet": 0,
        "incomeBeforeTax": -19083000,
        "incomeBeforeTaxRatio": 0,
        "incomeTaxExpense": -1698000,
        "netIncome": -17385000,
        "netIncomeRatio": 0,
        "eps": -0.14,
        "epsdiluted": -0.14,
        "weightedAverageShsOut": 122698000,
        "weightedAverageShsOutDil": 122698000,
        "link": "https://www.sec.gov/Archives/edgar/data/804269/000119312509106806/0001193125-09-106806-index.html",
        "finalLink": "https://www.sec.gov/Archives/edgar/data/804269/000119312509106806/d10q.htm"
    },
    {
        "date": "2008-12-31",
        "symbol": "ACF",
        "reportedCurrency": "USD",
        "cik": "0000000000",
        "fillingDate": "2009-02-06",
        "acceptedDate": "2009-02-06 17:24:59",
        "calendarYear": "2008",
        "period": "Q4",
        "revenue": 0,
        "costOfRevenue": 0,
        "grossProfit": 0,
        "grossProfitRatio": 0,
        "researchAndDevelopmentExpenses": 0,
        "generalAndAdministrativeExpenses": 0,
        "sellingAndMarketingExpenses": 0,
        "sellingGeneralAndAdministrativeExpenses": 168599000,
        "otherExpenses": 0,
        "operatingExpenses": 168599000,
        "costAndExpenses": 168599000,
        "interestIncome": 0,
        "interestExpense": -414109000,
        "depreciationAndAmortization": 32206000,
        "ebitda": -421122000,
        "ebitdaratio": 0,
        "operatingIncome": -39219000,
        "operatingIncomeRatio": 0,
        "totalOtherIncomeExpensesNet": 0,
        "incomeBeforeTax": -39219000,
        "incomeBeforeTaxRatio": 0,
        "incomeTaxExpense": -12001000,
        "netIncome": -27218000,
        "netIncomeRatio": 0,
        "eps": -0.23,
        "epsdiluted": -0.23,
        "weightedAverageShsOut": 118189000,
        "weightedAverageShsOutDil": 118189000,
        "link": "https://www.sec.gov/Archives/edgar/data/804269/000119312509021414/0001193125-09-021414-index.html",
        "finalLink": "https://www.sec.gov/Archives/edgar/data/804269/000119312509021414/d10q.htm"
    },
    {
        "date": "2008-09-30",
        "symbol": "ACF",
        "reportedCurrency": "USD",
        "cik": "0000000000",
        "fillingDate": "2008-11-10",
        "acceptedDate": "2008-11-10 16:17:57",
        "calendarYear": "2008",
        "period": "Q3",
        "revenue": 0,
        "costOfRevenue": 0,
        "grossProfit": 0,
        "grossProfitRatio": 0,
        "researchAndDevelopmentExpenses": 0,
        "generalAndAdministrativeExpenses": 0,
        "sellingAndMarketingExpenses": 0,
        "sellingGeneralAndAdministrativeExpenses": 84255000,
        "otherExpenses": 0,
        "operatingExpenses": 84255000,
        "costAndExpenses": 84255000,
        "interestIncome": 0,
        "interestExpense": -195046000,
        "depreciationAndAmortization": 25885000,
        "ebitda": -168749000,
        "ebitdaratio": 0,
        "operatingIncome": 412000,
        "operatingIncomeRatio": 0,
        "totalOtherIncomeExpensesNet": 0,
        "incomeBeforeTax": 412000,
        "incomeBeforeTaxRatio": 0,
        "incomeTaxExpense": 2074000,
        "netIncome": -1662000,
        "netIncomeRatio": 0,
        "eps": -0.0143,
        "epsdiluted": -0.0143,
        "weightedAverageShsOut": 116271000,
        "weightedAverageShsOutDil": 116271000,
        "link": "https://www.sec.gov/Archives/edgar/data/804269/000119312508231746/0001193125-08-231746-index.html",
        "finalLink": "https://www.sec.gov/Archives/edgar/data/804269/000119312508231746/d10q.htm"
    },
    {
        "date": "2008-06-30",
        "symbol": "ACF",
        "reportedCurrency": "USD",
        "cik": "0000000000",
        "fillingDate": "2008-08-29",
        "acceptedDate": "2008-08-28 20:26:25",
        "calendarYear": "2008",
        "period": "Q2",
        "revenue": 0,
        "costOfRevenue": 0,
        "grossProfit": 0,
        "grossProfitRatio": 0,
        "researchAndDevelopmentExpenses": 0,
        "generalAndAdministrativeExpenses": 0,
        "sellingAndMarketingExpenses": 0,
        "sellingGeneralAndAdministrativeExpenses": 434176000,
        "otherExpenses": 0,
        "operatingExpenses": 434176000,
        "costAndExpenses": 434176000,
        "interestIncome": 0,
        "interestExpense": -837412000,
        "depreciationAndAmortization": 28796000,
        "ebitda": -900795000,
        "ebitdaratio": 0,
        "operatingIncome": -92179000,
        "operatingIncomeRatio": 0,
        "totalOtherIncomeExpensesNet": 0,
        "incomeBeforeTax": -92179000,
        "incomeBeforeTaxRatio": 0,
        "incomeTaxExpense": -22860000,
        "netIncome": -69319000,
        "netIncomeRatio": 0,
        "eps": -0.6,
        "epsdiluted": -0.6,
        "weightedAverageShsOut": 114962000,
        "weightedAverageShsOutDil": 114962000,
        "link": "https://www.sec.gov/Archives/edgar/data/804269/000119312508186979/0001193125-08-186979-index.html",
        "finalLink": "https://www.sec.gov/Archives/edgar/data/804269/000119312508186979/d10k.htm"
    },
    {
        "date": "2008-03-31",
        "symbol": "ACF",
        "reportedCurrency": "USD",
        "cik": "0000000000",
        "fillingDate": "2008-05-09",
        "acceptedDate": "2008-05-09 16:47:44",
        "calendarYear": "2008",
        "period": "Q1",
        "revenue": 0,
        "costOfRevenue": 0,
        "grossProfit": 0,
        "grossProfitRatio": 0,
        "researchAndDevelopmentExpenses": 0,
        "generalAndAdministrativeExpenses": 0,
        "sellingAndMarketingExpenses": 0,
        "sellingGeneralAndAdministrativeExpenses": 308065000,
        "otherExpenses": 0,
        "operatingExpenses": 308065000,
        "costAndExpenses": 308065000,
        "interestIncome": 0,
        "interestExpense": -633378000,
        "depreciationAndAmortization": 21223000,
        "ebitda": -493714000,
        "ebitdaratio": 0,
        "operatingIncome": 118441000,
        "operatingIncomeRatio": 0,
        "totalOtherIncomeExpensesNet": 0,
        "incomeBeforeTax": 118441000,
        "incomeBeforeTaxRatio": 0,
        "incomeTaxExpense": 37547000,
        "netIncome": 80894000,
        "netIncomeRatio": 0,
        "eps": 0.7,
        "epsdiluted": 0.64,
        "weightedAverageShsOut": 114851000,
        "weightedAverageShsOutDil": 127244000,
        "link": "https://www.sec.gov/Archives/edgar/data/804269/000119312508109911/0001193125-08-109911-index.html",
        "finalLink": "https://www.sec.gov/Archives/edgar/data/804269/000119312508109911/d10q.htm"
    },
    {
        "date": "2007-12-31",
        "symbol": "ACF",
        "reportedCurrency": "USD",
        "cik": "0000000000",
        "fillingDate": "2008-02-11",
        "acceptedDate": "2008-02-11 17:18:29",
        "calendarYear": "2007",
        "period": "Q4",
        "revenue": 0,
        "costOfRevenue": 0,
        "grossProfit": 0,
        "grossProfitRatio": 0,
        "researchAndDevelopmentExpenses": 0,
        "generalAndAdministrativeExpenses": 0,
        "sellingAndMarketingExpenses": 0,
        "sellingGeneralAndAdministrativeExpenses": 208049000,
        "otherExpenses": 0,
        "operatingExpenses": 208049000,
        "costAndExpenses": 208049000,
        "interestIncome": 0,
        "interestExpense": -425294000,
        "depreciationAndAmortization": 20505000,
        "ebitda": -347502000,
        "ebitdaratio": 0,
        "operatingIncome": 57287000,
        "operatingIncomeRatio": 0,
        "totalOtherIncomeExpensesNet": 0,
        "incomeBeforeTax": 57287000,
        "incomeBeforeTaxRatio": 0,
        "incomeTaxExpense": 14558000,
        "netIncome": 42729000,
        "netIncomeRatio": 0,
        "eps": 0.37,
        "epsdiluted": 0.34,
        "weightedAverageShsOut": 114934000,
        "weightedAverageShsOutDil": 127506000,
        "link": "https://www.sec.gov/Archives/edgar/data/804269/000119312508025918/0001193125-08-025918-index.htm",
        "finalLink": "https://www.sec.gov/Archives/edgar/data/804269/000119312508025918/d10q.htm"
    },
    {
        "date": "2007-09-30",
        "symbol": "ACF",
        "reportedCurrency": "USD",
        "cik": "0000000000",
        "fillingDate": "2007-11-09",
        "acceptedDate": "2007-11-09 12:52:18",
        "calendarYear": "2007",
        "period": "Q3",
        "revenue": 0,
        "costOfRevenue": 0,
        "grossProfit": 0,
        "grossProfitRatio": 0,
        "researchAndDevelopmentExpenses": 0,
        "generalAndAdministrativeExpenses": 0,
        "sellingAndMarketingExpenses": 0,
        "sellingGeneralAndAdministrativeExpenses": 104965000,
        "otherExpenses": 0,
        "operatingExpenses": 104965000,
        "costAndExpenses": 104965000,
        "interestIncome": 0,
        "interestExpense": -211261000,
        "depreciationAndAmortization": 16955000,
        "ebitda": -107958000,
        "ebitdaratio": 0,
        "operatingIncome": 86348000,
        "operatingIncomeRatio": 0,
        "totalOtherIncomeExpensesNet": 0,
        "incomeBeforeTax": 86348000,
        "incomeBeforeTaxRatio": 0,
        "incomeTaxExpense": 24529000,
        "netIncome": 61819000,
        "netIncomeRatio": 0,
        "eps": 0.53,
        "epsdiluted": 0.48,
        "weightedAverageShsOut": 115550000,
        "weightedAverageShsOutDil": 128112000,
        "link": "https://www.sec.gov/Archives/edgar/data/804269/000119312507241892/0001193125-07-241892-index.html",
        "finalLink": "https://www.sec.gov/Archives/edgar/data/804269/000119312507241892/d10q.htm"
    },
    {
        "date": "2007-06-30",
        "symbol": "ACF",
        "reportedCurrency": "USD",
        "cik": "0000000000",
        "fillingDate": "2007-08-29",
        "acceptedDate": "2007-08-29 13:01:41",
        "calendarYear": "2007",
        "period": "Q2",
        "revenue": 0,
        "costOfRevenue": 0,
        "grossProfit": 0,
        "grossProfitRatio": 0,
        "researchAndDevelopmentExpenses": 0,
        "generalAndAdministrativeExpenses": 0,
        "sellingAndMarketingExpenses": 0,
        "sellingGeneralAndAdministrativeExpenses": 399717000,
        "otherExpenses": 0,
        "operatingExpenses": 399717000,
        "costAndExpenses": 399717000,
        "interestIncome": 0,
        "interestExpense": -680825000,
        "depreciationAndAmortization": 12712000,
        "ebitda": -136046000,
        "ebitdaratio": 0,
        "operatingIncome": 532067000,
        "operatingIncomeRatio": 0,
        "totalOtherIncomeExpensesNet": 0,
        "incomeBeforeTax": 532067000,
        "incomeBeforeTaxRatio": 0,
        "incomeTaxExpense": 171818000,
        "netIncome": 360249000,
        "netIncomeRatio": 0,
        "eps": 3.02,
        "epsdiluted": 2.7,
        "weightedAverageShsOut": 119156000,
        "weightedAverageShsOutDil": 133225000,
        "link": "https://www.sec.gov/Archives/edgar/data/804269/000119312507191537/0001193125-07-191537-index.html",
        "finalLink": "https://www.sec.gov/Archives/edgar/data/804269/000119312507191537/d10k.htm"
    },
    {
        "date": "2007-03-31",
        "symbol": "ACF",
        "reportedCurrency": "USD",
        "cik": "0000000000",
        "fillingDate": "2007-05-09",
        "acceptedDate": "2007-05-09 16:39:23",
        "calendarYear": "2007",
        "period": "Q1",
        "revenue": 0,
        "costOfRevenue": 0,
        "grossProfit": 0,
        "grossProfitRatio": 0,
        "researchAndDevelopmentExpenses": 0,
        "generalAndAdministrativeExpenses": 0,
        "sellingAndMarketingExpenses": 0,
        "sellingGeneralAndAdministrativeExpenses": 291829000,
        "otherExpenses": 0,
        "operatingExpenses": 291829000,
        "costAndExpenses": 291829000,
        "interestIncome": 0,
        "interestExpense": -485941000,
        "depreciationAndAmortization": 4528000,
        "ebitda": -83529000,
        "ebitdaratio": 0,
        "operatingIncome": 397884000,
        "operatingIncomeRatio": 0,
        "totalOtherIncomeExpensesNet": 0,
        "incomeBeforeTax": 397884000,
        "incomeBeforeTaxRatio": 0,
        "incomeTaxExpense": 124490000,
        "netIncome": 273394000,
        "netIncomeRatio": 0,
        "eps": 2.29,
        "epsdiluted": 2.04,
        "weightedAverageShsOut": 119540000,
        "weightedAverageShsOutDil": 133693000,
        "link": "https://www.sec.gov/Archives/edgar/data/804269/000119312507108269/0001193125-07-108269-index.html",
        "finalLink": "https://www.sec.gov/Archives/edgar/data/804269/000119312507108269/d10q.htm"
    },
    {
        "date": "2006-12-31",
        "symbol": "ACF",
        "reportedCurrency": "USD",
        "cik": "0000000000",
        "fillingDate": "2007-02-08",
        "acceptedDate": "2007-02-08 13:48:24",
        "calendarYear": "2006",
        "period": "Q4",
        "revenue": 0,
        "costOfRevenue": 0,
        "grossProfit": 0,
        "grossProfitRatio": 0,
        "researchAndDevelopmentExpenses": 0,
        "generalAndAdministrativeExpenses": 0,
        "sellingAndMarketingExpenses": 0,
        "sellingGeneralAndAdministrativeExpenses": 182383000,
        "otherExpenses": 0,
        "operatingExpenses": 182383000,
        "costAndExpenses": 182383000,
        "interestIncome": 0,
        "interestExpense": -299331000,
        "depreciationAndAmortization": 13419000,
        "ebitda": -17460000,
        "ebitdaratio": 0,
        "operatingIncome": 268452000,
        "operatingIncomeRatio": 0,
        "totalOtherIncomeExpensesNet": 0,
        "incomeBeforeTax": 268452000,
        "incomeBeforeTaxRatio": 0,
        "incomeTaxExpense": 98790000,
        "netIncome": 169662000,
        "netIncomeRatio": 0,
        "eps": 1.41,
        "epsdiluted": 1.41,
        "weightedAverageShsOut": 120519000,
        "weightedAverageShsOutDil": 120519000,
        "link": "https://www.sec.gov/Archives/edgar/data/804269/000119312507023900/0001193125-07-023900-index.htm",
        "finalLink": "https://www.sec.gov/Archives/edgar/data/804269/000119312507023900/d10q.htm"
    },
    {
        "date": "2006-09-30",
        "symbol": "ACF",
        "reportedCurrency": "USD",
        "cik": "0000000000",
        "fillingDate": "2006-11-08",
        "acceptedDate": "2006-11-08 16:33:48",
        "calendarYear": "2006",
        "period": "Q3",
        "revenue": 0,
        "costOfRevenue": 0,
        "grossProfit": 0,
        "grossProfitRatio": 0,
        "researchAndDevelopmentExpenses": 0,
        "generalAndAdministrativeExpenses": 0,
        "sellingAndMarketingExpenses": 0,
        "sellingGeneralAndAdministrativeExpenses": 88288000,
        "otherExpenses": 0,
        "operatingExpenses": 88288000,
        "costAndExpenses": 88288000,
        "interestIncome": 0,
        "interestExpense": -143471000,
        "depreciationAndAmortization": 6078000,
        "ebitda": -19745000,
        "ebitdaratio": 0,
        "operatingIncome": 117648000,
        "operatingIncomeRatio": 0,
        "totalOtherIncomeExpensesNet": 0,
        "incomeBeforeTax": 117648000,
        "incomeBeforeTaxRatio": 0,
        "incomeTaxExpense": 43412000,
        "netIncome": 74236000,
        "netIncomeRatio": 0,
        "eps": 0.59,
        "epsdiluted": 0.59,
        "weightedAverageShsOut": 125279000,
        "weightedAverageShsOutDil": 125279000,
        "link": "https://www.sec.gov/Archives/edgar/data/804269/000119312506228412/0001193125-06-228412-index.htm",
        "finalLink": "https://www.sec.gov/Archives/edgar/data/804269/000119312506228412/d10q.htm"
    },
    {
        "date": "2006-06-30",
        "symbol": "ACF",
        "reportedCurrency": "USD",
        "cik": "0000000000",
        "fillingDate": "2006-09-11",
        "acceptedDate": "2006-09-08 18:15:28",
        "calendarYear": "2006",
        "period": "Q2",
        "revenue": 0,
        "costOfRevenue": 0,
        "grossProfit": 0,
        "grossProfitRatio": 0,
        "researchAndDevelopmentExpenses": 0,
        "generalAndAdministrativeExpenses": 0,
        "sellingAndMarketingExpenses": 0,
        "sellingGeneralAndAdministrativeExpenses": 336153000,
        "otherExpenses": 0,
        "operatingExpenses": 336153000,
        "costAndExpenses": 336153000,
        "interestIncome": 0,
        "interestExpense": -419360000,
        "depreciationAndAmortization": 20204000,
        "ebitda": 86079000,
        "ebitdaratio": 0,
        "operatingIncome": 485235000,
        "operatingIncomeRatio": 0,
        "totalOtherIncomeExpensesNet": 0,
        "incomeBeforeTax": 485235000,
        "incomeBeforeTaxRatio": 0,
        "incomeTaxExpense": 179052000,
        "netIncome": 306183000,
        "netIncomeRatio": 0,
        "eps": 2.29,
        "epsdiluted": 2.29,
        "weightedAverageShsOut": 133837000,
        "weightedAverageShsOutDil": 133837000,
        "link": "https://www.sec.gov/Archives/edgar/data/804269/000119312506188013/0001193125-06-188013-index.htm",
        "finalLink": "https://www.sec.gov/Archives/edgar/data/804269/000119312506188013/d10k.htm"
    },
    {
        "date": "2006-03-31",
        "symbol": "ACF",
        "reportedCurrency": "USD",
        "cik": "0000000000",
        "fillingDate": "2006-05-09",
        "acceptedDate": "2006-05-09 17:02:55",
        "calendarYear": "2006",
        "period": "Q1",
        "revenue": 0,
        "costOfRevenue": 0,
        "grossProfit": 0,
        "grossProfitRatio": 0,
        "researchAndDevelopmentExpenses": 0,
        "generalAndAdministrativeExpenses": 0,
        "sellingAndMarketingExpenses": 0,
        "sellingGeneralAndAdministrativeExpenses": 251470000,
        "otherExpenses": 0,
        "operatingExpenses": 251470000,
        "costAndExpenses": 251470000,
        "interestIncome": 0,
        "interestExpense": -298556000,
        "depreciationAndAmortization": 3719000,
        "ebitda": 66012000,
        "ebitdaratio": 0,
        "operatingIncome": 360849000,
        "operatingIncomeRatio": 0,
        "totalOtherIncomeExpensesNet": 0,
        "incomeBeforeTax": 360849000,
        "incomeBeforeTaxRatio": 0,
        "incomeTaxExpense": 133510000,
        "netIncome": 227339000,
        "netIncomeRatio": 0,
        "eps": 1.68,
        "epsdiluted": 1.68,
        "weightedAverageShsOut": 135397000,
        "weightedAverageShsOutDil": 135397000,
        "link": "https://www.sec.gov/Archives/edgar/data/804269/000119312506105583/0001193125-06-105583-index.htm",
        "finalLink": "https://www.sec.gov/Archives/edgar/data/804269/000119312506105583/d10q.htm"
    },
    {
        "date": "2005-12-31",
        "symbol": "ACF",
        "reportedCurrency": "USD",
        "cik": "0000000000",
        "fillingDate": "2006-02-09",
        "acceptedDate": "2006-02-09 17:22:27",
        "calendarYear": "2005",
        "period": "Q4",
        "revenue": 0,
        "costOfRevenue": 0,
        "grossProfit": 0,
        "grossProfitRatio": 0,
        "researchAndDevelopmentExpenses": 0,
        "generalAndAdministrativeExpenses": 0,
        "sellingAndMarketingExpenses": 0,
        "sellingGeneralAndAdministrativeExpenses": 161784000,
        "otherExpenses": 0,
        "operatingExpenses": 161784000,
        "costAndExpenses": 161784000,
        "interestIncome": 0,
        "interestExpense": -191450000,
        "depreciationAndAmortization": 4522000,
        "ebitda": 36252000,
        "ebitdaratio": 0,
        "operatingIncome": 223180000,
        "operatingIncomeRatio": 0,
        "totalOtherIncomeExpensesNet": 0,
        "incomeBeforeTax": 223180000,
        "incomeBeforeTaxRatio": 0,
        "incomeTaxExpense": 82573000,
        "netIncome": 140607000,
        "netIncomeRatio": 0,
        "eps": 1.02,
        "epsdiluted": 1.02,
        "weightedAverageShsOut": 138218000,
        "weightedAverageShsOutDil": 138218000,
        "link": "https://www.sec.gov/Archives/edgar/data/804269/000119312506025415/0001193125-06-025415-index.htm",
        "finalLink": "https://www.sec.gov/Archives/edgar/data/804269/000119312506025415/d10q.htm"
    },
    {
        "date": "2005-09-30",
        "symbol": "ACF",
        "reportedCurrency": "USD",
        "cik": "0000000000",
        "fillingDate": "2005-11-08",
        "acceptedDate": "2005-11-08 16:50:42",
        "calendarYear": "2005",
        "period": "Q3",
        "revenue": 0,
        "costOfRevenue": 0,
        "grossProfit": 0,
        "grossProfitRatio": 0,
        "researchAndDevelopmentExpenses": 0,
        "generalAndAdministrativeExpenses": 0,
        "sellingAndMarketingExpenses": 0,
        "sellingGeneralAndAdministrativeExpenses": 77865000,
        "otherExpenses": 0,
        "operatingExpenses": 77865000,
        "costAndExpenses": 77865000,
        "interestIncome": 0,
        "interestExpense": -90271000,
        "depreciationAndAmortization": 6859000,
        "ebitda": 2696000,
        "ebitdaratio": 0,
        "operatingIncome": 86108000,
        "operatingIncomeRatio": 0,
        "totalOtherIncomeExpensesNet": 0,
        "incomeBeforeTax": 86108000,
        "incomeBeforeTaxRatio": 0,
        "incomeTaxExpense": 32075000,
        "netIncome": 54033000,
        "netIncomeRatio": 0,
        "eps": 0.38,
        "epsdiluted": 0.38,
        "weightedAverageShsOut": 142735000,
        "weightedAverageShsOutDil": 142735000,
        "link": "https://www.sec.gov/Archives/edgar/data/804269/000119312505219866/0001193125-05-219866-index.htm",
        "finalLink": "https://www.sec.gov/Archives/edgar/data/804269/000119312505219866/d10q.htm"
    },
    {
        "date": "2005-06-30",
        "symbol": "ACF",
        "reportedCurrency": "USD",
        "cik": "0000000000",
        "fillingDate": "2005-09-12",
        "acceptedDate": "2005-09-12 13:36:47",
        "calendarYear": "2005",
        "period": "Q2",
        "revenue": 0,
        "costOfRevenue": 0,
        "grossProfit": 0,
        "grossProfitRatio": 0,
        "researchAndDevelopmentExpenses": 0,
        "generalAndAdministrativeExpenses": 0,
        "sellingAndMarketingExpenses": 0,
        "sellingGeneralAndAdministrativeExpenses": 312637000,
        "otherExpenses": 0,
        "operatingExpenses": 312637000,
        "costAndExpenses": 312637000,
        "interestIncome": 0,
        "interestExpense": -264276000,
        "depreciationAndAmortization": 10133000,
        "ebitda": 198256000,
        "ebitdaratio": 0,
        "operatingIncome": 452399000,
        "operatingIncomeRatio": 0,
        "totalOtherIncomeExpensesNet": 0,
        "incomeBeforeTax": 452399000,
        "incomeBeforeTaxRatio": 0,
        "incomeTaxExpense": 166490000,
        "netIncome": 285909000,
        "netIncomeRatio": 0,
        "eps": 1.88,
        "epsdiluted": 1.88,
        "weightedAverageShsOut": 152185000,
        "weightedAverageShsOutDil": 152185000,
        "link": "https://www.sec.gov/Archives/edgar/data/804269/000119312505183758/0001193125-05-183758-index.htm",
        "finalLink": "https://www.sec.gov/Archives/edgar/data/804269/000119312505183758/d10k.htm"
    },
    {
        "date": "2005-03-31",
        "symbol": "ACF",
        "reportedCurrency": "USD",
        "cik": "0000000000",
        "fillingDate": "2005-05-10",
        "acceptedDate": "2005-05-10 12:26:15",
        "calendarYear": "2005",
        "period": "Q1",
        "revenue": 0,
        "costOfRevenue": 0,
        "grossProfit": 0,
        "grossProfitRatio": 0,
        "researchAndDevelopmentExpenses": 0,
        "generalAndAdministrativeExpenses": 0,
        "sellingAndMarketingExpenses": 0,
        "sellingGeneralAndAdministrativeExpenses": 234812000,
        "otherExpenses": 0,
        "operatingExpenses": 234812000,
        "costAndExpenses": 234812000,
        "interestIncome": 0,
        "interestExpense": -184520000,
        "depreciationAndAmortization": 9149000,
        "ebitda": 155284000,
        "ebitdaratio": 0,
        "operatingIncome": 330655000,
        "operatingIncomeRatio": 0,
        "totalOtherIncomeExpensesNet": 0,
        "incomeBeforeTax": 330655000,
        "incomeBeforeTaxRatio": 0,
        "incomeTaxExpense": 121688000,
        "netIncome": 208967000,
        "netIncomeRatio": 0,
        "eps": 1.36,
        "epsdiluted": 1.36,
        "weightedAverageShsOut": 153945000,
        "weightedAverageShsOutDil": 153945000,
        "link": "https://www.sec.gov/Archives/edgar/data/804269/000119312505102279/0001193125-05-102279-index.htm",
        "finalLink": "https://www.sec.gov/Archives/edgar/data/804269/000119312505102279/d10q.htm"
    },
    {
        "date": "2004-12-31",
        "symbol": "ACF",
        "reportedCurrency": "USD",
        "cik": "0000000000",
        "fillingDate": "2005-02-09",
        "acceptedDate": "2005-02-09 10:45:10",
        "calendarYear": "2004",
        "period": "Q4",
        "revenue": 0,
        "costOfRevenue": 0,
        "grossProfit": 0,
        "grossProfitRatio": 0,
        "researchAndDevelopmentExpenses": 0,
        "generalAndAdministrativeExpenses": 0,
        "sellingAndMarketingExpenses": 0,
        "sellingGeneralAndAdministrativeExpenses": 154002000,
        "otherExpenses": 0,
        "operatingExpenses": 154002000,
        "costAndExpenses": 154002000,
        "interestIncome": 0,
        "interestExpense": -119492000,
        "depreciationAndAmortization": 10198000,
        "ebitda": 102411000,
        "ebitdaratio": 0,
        "operatingIncome": 211705000,
        "operatingIncomeRatio": 0,
        "totalOtherIncomeExpensesNet": 0,
        "incomeBeforeTax": 211705000,
        "incomeBeforeTaxRatio": 0,
        "incomeTaxExpense": 78331000,
        "netIncome": 133374000,
        "netIncomeRatio": 0,
        "eps": 0.86,
        "epsdiluted": 0.86,
        "weightedAverageShsOut": 154861000,
        "weightedAverageShsOutDil": 154861000,
        "link": "https://www.sec.gov/Archives/edgar/data/804269/000119312505023002/0001193125-05-023002-index.htm",
        "finalLink": "https://www.sec.gov/Archives/edgar/data/804269/000119312505023002/d10q.htm"
    },
    {
        "date": "2004-09-30",
        "symbol": "ACF",
        "reportedCurrency": "USD",
        "cik": "0000000000",
        "fillingDate": "2004-11-09",
        "acceptedDate": "2004-11-09 15:25:55",
        "calendarYear": "2004",
        "period": "Q3",
        "revenue": 0,
        "costOfRevenue": 0,
        "grossProfit": 0,
        "grossProfitRatio": 0,
        "researchAndDevelopmentExpenses": 0,
        "generalAndAdministrativeExpenses": 0,
        "sellingAndMarketingExpenses": 0,
        "sellingGeneralAndAdministrativeExpenses": 74001000,
        "otherExpenses": 0,
        "operatingExpenses": 74001000,
        "costAndExpenses": 74001000,
        "interestIncome": 0,
        "interestExpense": -57516000,
        "depreciationAndAmortization": 8998000,
        "ebitda": 60699000,
        "ebitdaratio": 0,
        "operatingIncome": 109217000,
        "operatingIncomeRatio": 0,
        "totalOtherIncomeExpensesNet": 0,
        "incomeBeforeTax": 109217000,
        "incomeBeforeTaxRatio": 0,
        "incomeTaxExpense": 40410000,
        "netIncome": 68807000,
        "netIncomeRatio": 0,
        "eps": 0.44,
        "epsdiluted": 0.44,
        "weightedAverageShsOut": 155612000,
        "weightedAverageShsOutDil": 155612000,
        "link": "https://www.sec.gov/Archives/edgar/data/804269/000119312504191166/0001193125-04-191166-index.htm",
        "finalLink": "https://www.sec.gov/Archives/edgar/data/804269/000119312504191166/d10q.htm"
    },
    {
        "date": "2004-06-30",
        "symbol": "ACF",
        "reportedCurrency": "USD",
        "cik": "0000000000",
        "fillingDate": "2004-09-13",
        "acceptedDate": "2004-09-13 14:09:10",
        "calendarYear": "2004",
        "period": "Q2",
        "revenue": 0,
        "costOfRevenue": 0,
        "grossProfit": 0,
        "grossProfitRatio": 0,
        "researchAndDevelopmentExpenses": 0,
        "generalAndAdministrativeExpenses": 0,
        "sellingAndMarketingExpenses": 0,
        "sellingGeneralAndAdministrativeExpenses": 325753000,
        "otherExpenses": 0,
        "operatingExpenses": 325753000,
        "costAndExpenses": 325753000,
        "interestIncome": 0,
        "interestExpense": -251963000,
        "depreciationAndAmortization": 11105000,
        "ebitda": 124258000,
        "ebitdaratio": 0,
        "operatingIncome": 365116000,
        "operatingIncomeRatio": 0,
        "totalOtherIncomeExpensesNet": 0,
        "incomeBeforeTax": 365116000,
        "incomeBeforeTaxRatio": 0,
        "incomeTaxExpense": 138133000,
        "netIncome": 226983000,
        "netIncomeRatio": 0,
        "eps": 1.45,
        "epsdiluted": 1.45,
        "weightedAverageShsOut": 156886000,
        "weightedAverageShsOutDil": 156886000,
        "link": "https://www.sec.gov/Archives/edgar/data/804269/000119312504155540/0001193125-04-155540-index.htm",
        "finalLink": "https://www.sec.gov/Archives/edgar/data/804269/000119312504155540/d10k.htm"
    },
    {
        "date": "2004-03-31",
        "symbol": "ACF",
        "reportedCurrency": "USD",
        "cik": "0000000000",
        "fillingDate": "2004-05-12",
        "acceptedDate": "2004-05-12 13:38:10",
        "calendarYear": "2004",
        "period": "Q1",
        "revenue": 0,
        "costOfRevenue": 0,
        "grossProfit": 0,
        "grossProfitRatio": 0,
        "researchAndDevelopmentExpenses": 0,
        "generalAndAdministrativeExpenses": 0,
        "sellingAndMarketingExpenses": 0,
        "sellingGeneralAndAdministrativeExpenses": 257890000,
        "otherExpenses": 0,
        "operatingExpenses": 257890000,
        "costAndExpenses": 257890000,
        "interestIncome": 0,
        "interestExpense": 0,
        "depreciationAndAmortization": 11777000,
        "ebitda": 243589000,
        "ebitdaratio": 0,
        "operatingIncome": 231812000,
        "operatingIncomeRatio": 0,
        "totalOtherIncomeExpensesNet": 0,
        "incomeBeforeTax": 231812000,
        "incomeBeforeTaxRatio": 0,
        "incomeTaxExpense": 87509000,
        "netIncome": 144303000,
        "netIncomeRatio": 0,
        "eps": 0.92,
        "epsdiluted": 0.92,
        "weightedAverageShsOut": 156739000,
        "weightedAverageShsOutDil": 156739000,
        "link": "https://www.sec.gov/Archives/edgar/data/804269/000119312504086061/0001193125-04-086061-index.htm",
        "finalLink": "https://www.sec.gov/Archives/edgar/data/804269/000119312504086061/d10q.htm"
    },
    {
        "date": "2003-12-31",
        "symbol": "ACF",
        "reportedCurrency": "USD",
        "cik": "0000000000",
        "fillingDate": "2004-02-17",
        "acceptedDate": "2004-02-17 11:29:37",
        "calendarYear": "2003",
        "period": "Q4",
        "revenue": 0,
        "costOfRevenue": 0,
        "grossProfit": 0,
        "grossProfitRatio": 0,
        "researchAndDevelopmentExpenses": 0,
        "generalAndAdministrativeExpenses": 0,
        "sellingAndMarketingExpenses": 0,
        "sellingGeneralAndAdministrativeExpenses": 169324000,
        "otherExpenses": 0,
        "operatingExpenses": 169324000,
        "costAndExpenses": 169324000,
        "interestIncome": 0,
        "interestExpense": -145031000,
        "depreciationAndAmortization": 11956000,
        "ebitda": -3768000,
        "ebitdaratio": 0,
        "operatingIncome": 129307000,
        "operatingIncomeRatio": 0,
        "totalOtherIncomeExpensesNet": 0,
        "incomeBeforeTax": 129307000,
        "incomeBeforeTaxRatio": 0,
        "incomeTaxExpense": 48814000,
        "netIncome": 80493000,
        "netIncomeRatio": 0,
        "eps": 0.51,
        "epsdiluted": 0.51,
        "weightedAverageShsOut": 156534000,
        "weightedAverageShsOutDil": 156534000,
        "link": "https://www.sec.gov/Archives/edgar/data/804269/000119312504024510/0001193125-04-024510-index.htm",
        "finalLink": "https://www.sec.gov/Archives/edgar/data/804269/000119312504024510/d10q.htm"
    },
    {
        "date": "2003-09-30",
        "symbol": "ACF",
        "reportedCurrency": "USD",
        "cik": "0000000000",
        "fillingDate": "2003-11-10",
        "acceptedDate": "2003-11-10 14:40:48",
        "calendarYear": "2003",
        "period": "Q3",
        "revenue": 0,
        "costOfRevenue": 0,
        "grossProfit": 0,
        "grossProfitRatio": 0,
        "researchAndDevelopmentExpenses": 0,
        "generalAndAdministrativeExpenses": 0,
        "sellingAndMarketingExpenses": 0,
        "sellingGeneralAndAdministrativeExpenses": 80984000,
        "otherExpenses": 0,
        "operatingExpenses": 80984000,
        "costAndExpenses": 80984000,
        "interestIncome": 0,
        "interestExpense": -88744000,
        "depreciationAndAmortization": 42319000,
        "ebitda": 7110000,
        "ebitdaratio": 0,
        "operatingIncome": 53535000,
        "operatingIncomeRatio": 0,
        "totalOtherIncomeExpensesNet": 0,
        "incomeBeforeTax": 53535000,
        "incomeBeforeTaxRatio": 0,
        "incomeTaxExpense": 20210000,
        "netIncome": 33325000,
        "netIncomeRatio": 0,
        "eps": 0.21,
        "epsdiluted": 0.21,
        "weightedAverageShsOut": 156468000,
        "weightedAverageShsOutDil": 156468000,
        "link": "https://www.sec.gov/Archives/edgar/data/804269/000119312503076122/0001193125-03-076122-index.htm",
        "finalLink": "https://www.sec.gov/Archives/edgar/data/804269/000119312503076122/d10q.htm"
    }
]