[
    {
        "date": "2025-01-31",
        "symbol": "ACV",
        "reportedCurrency": "USD",
        "cik": "0001636289",
        "fillingDate": "2025-01-31",
        "acceptedDate": "2025-01-31 00:00:00",
        "calendarYear": "2024",
        "period": "Q4",
        "revenue": 22915000,
        "costOfRevenue": 1790000,
        "grossProfit": 21125000,
        "grossProfitRatio": 0.921885228,
        "researchAndDevelopmentExpenses": 0,
        "generalAndAdministrativeExpenses": 0,
        "sellingAndMarketingExpenses": 0,
        "sellingGeneralAndAdministrativeExpenses": -10399000,
        "otherExpenses": 0,
        "operatingExpenses": -10399000,
        "costAndExpenses": -8609000,
        "interestIncome": 0,
        "interestExpense": 0,
        "depreciationAndAmortization": 0,
        "ebitda": 31524000,
        "ebitdaratio": 1.3756927777,
        "operatingIncome": 31524000,
        "operatingIncomeRatio": 1.3756927777,
        "totalOtherIncomeExpensesNet": -2395000,
        "incomeBeforeTax": 29129000,
        "incomeBeforeTaxRatio": 1.2711760855,
        "incomeTaxExpense": 0,
        "netIncome": 29129000,
        "netIncomeRatio": 1.2711760855,
        "eps": 2.81,
        "epsdiluted": 2.81,
        "weightedAverageShsOut": 10374036,
        "weightedAverageShsOutDil": 10374036,
        "link": null,
        "finalLink": null
    },
    {
        "date": "2024-07-31",
        "symbol": "ACV",
        "reportedCurrency": "USD",
        "cik": "0001636289",
        "fillingDate": "2024-07-31",
        "acceptedDate": "2024-07-29 20:00:00",
        "calendarYear": "2024",
        "period": "Q2",
        "revenue": 18038000,
        "costOfRevenue": 1708000,
        "grossProfit": 16330000,
        "grossProfitRatio": 0.9053110101,
        "researchAndDevelopmentExpenses": 0,
        "generalAndAdministrativeExpenses": 0,
        "sellingAndMarketingExpenses": 0,
        "sellingGeneralAndAdministrativeExpenses": 4866000,
        "otherExpenses": 5965000,
        "operatingExpenses": 10831000,
        "costAndExpenses": -3158000,
        "interestIncome": 0,
        "interestExpense": 0,
        "depreciationAndAmortization": 0,
        "ebitda": 21196000,
        "ebitdaratio": 1.175074842,
        "operatingIncome": 21196000,
        "operatingIncomeRatio": 1.175074842,
        "totalOtherIncomeExpensesNet": -2434000,
        "incomeBeforeTax": 18762000,
        "incomeBeforeTaxRatio": 1.0401374875,
        "incomeTaxExpense": 0,
        "netIncome": 18762000,
        "netIncomeRatio": 1.0401374875,
        "eps": 1.81,
        "epsdiluted": 1.81,
        "weightedAverageShsOut": 10374036,
        "weightedAverageShsOutDil": 10374036,
        "link": null,
        "finalLink": null
    },
    {
        "date": "2024-01-31",
        "symbol": "ACV",
        "reportedCurrency": "USD",
        "cik": "0001636289",
        "fillingDate": "2024-01-31",
        "acceptedDate": "2024-01-30 19:00:00",
        "calendarYear": "2023",
        "period": "Q4",
        "revenue": 87281000,
        "costOfRevenue": 1716000,
        "grossProfit": 85565000,
        "grossProfitRatio": 0.9803393637,
        "researchAndDevelopmentExpenses": 0,
        "generalAndAdministrativeExpenses": 0,
        "sellingAndMarketingExpenses": 0,
        "sellingGeneralAndAdministrativeExpenses": 0,
        "otherExpenses": 677015,
        "operatingExpenses": 677015,
        "costAndExpenses": 2420000,
        "interestIncome": 2420000,
        "interestExpense": 0,
        "depreciationAndAmortization": -32000,
        "ebitda": 2420000,
        "ebitdaratio": 0.0277265384,
        "operatingIncome": 66793000,
        "operatingIncomeRatio": 0.7652639177,
        "totalOtherIncomeExpensesNet": 0,
        "incomeBeforeTax": 0,
        "incomeBeforeTaxRatio": 0,
        "incomeTaxExpense": 0,
        "netIncome": 10367192,
        "netIncomeRatio": 0.1187794824,
        "eps": -0.0031,
        "epsdiluted": -0.0031,
        "weightedAverageShsOut": 10367192,
        "weightedAverageShsOutDil": 10367192,
        "link": null,
        "finalLink": null
    },
    {
        "date": "2023-07-31",
        "symbol": "ACV",
        "reportedCurrency": "USD",
        "cik": "0001636289",
        "fillingDate": "2023-07-31",
        "acceptedDate": "2023-07-29 20:00:00",
        "calendarYear": "2023",
        "period": "Q2",
        "revenue": -1175000,
        "costOfRevenue": 1622000,
        "grossProfit": -2797000,
        "grossProfitRatio": 2.3804255319,
        "researchAndDevelopmentExpenses": 0,
        "generalAndAdministrativeExpenses": 0,
        "sellingAndMarketingExpenses": 0,
        "sellingGeneralAndAdministrativeExpenses": 0,
        "otherExpenses": -15.860425531914894,
        "operatingExpenses": -15.860425531914894,
        "costAndExpenses": 21008000,
        "interestIncome": 0,
        "interestExpense": 0,
        "depreciationAndAmortization": 18636000,
        "ebitda": 29001186,
        "ebitdaratio": -24.6818604255,
        "operatingIncome": 18636000,
        "operatingIncomeRatio": -15.8604255319,
        "totalOtherIncomeExpensesNet": -2372000,
        "incomeBeforeTax": 1.7979,
        "incomeBeforeTaxRatio": -1.5301e-06,
        "incomeTaxExpense": 1.7979,
        "netIncome": 10365167,
        "netIncomeRatio": -8.8214187234,
        "eps": 1,
        "epsdiluted": 1,
        "weightedAverageShsOut": 10373651,
        "weightedAverageShsOutDil": 10373651,
        "link": null,
        "finalLink": null
    },
    {
        "date": "2023-01-31",
        "symbol": "ACV",
        "reportedCurrency": "USD",
        "cik": "0001636289",
        "fillingDate": "2023-01-31",
        "acceptedDate": "2023-01-31 00:00:00",
        "calendarYear": "2022",
        "period": "Q4",
        "revenue": -18186000,
        "costOfRevenue": 0,
        "grossProfit": -18186000,
        "grossProfitRatio": 1,
        "researchAndDevelopmentExpenses": 0,
        "generalAndAdministrativeExpenses": 351000,
        "sellingAndMarketingExpenses": 0,
        "sellingGeneralAndAdministrativeExpenses": 351000,
        "otherExpenses": 510500,
        "operatingExpenses": 861500,
        "costAndExpenses": 861500,
        "interestIncome": 2718500,
        "interestExpense": 1386000,
        "depreciationAndAmortization": 114242.5,
        "ebitda": -35208757,
        "ebitdaratio": 1.9360363466,
        "operatingIncome": -17661500,
        "operatingIncomeRatio": 0.9711591334,
        "totalOtherIncomeExpensesNet": -1386000,
        "incomeBeforeTax": -19047500,
        "incomeBeforeTaxRatio": 1.0473716045,
        "incomeTaxExpense": -114242.5,
        "netIncome": -19047500,
        "netIncomeRatio": 1.0473716045,
        "eps": -1.83,
        "epsdiluted": -1.83,
        "weightedAverageShsOut": 10380109,
        "weightedAverageShsOutDil": 10380109,
        "link": null,
        "finalLink": null
    },
    {
        "date": "2022-07-31",
        "symbol": "ACV",
        "reportedCurrency": "USD",
        "cik": "0001636289",
        "fillingDate": "2022-07-31",
        "acceptedDate": "2022-07-31 00:00:00",
        "calendarYear": "2022",
        "period": "Q2",
        "revenue": -18186000,
        "costOfRevenue": 0,
        "grossProfit": -18186000,
        "grossProfitRatio": 1,
        "researchAndDevelopmentExpenses": 0,
        "generalAndAdministrativeExpenses": 351000,
        "sellingAndMarketingExpenses": 0,
        "sellingGeneralAndAdministrativeExpenses": 351000,
        "otherExpenses": 510500,
        "operatingExpenses": 861500,
        "costAndExpenses": 861500,
        "interestIncome": 2718500,
        "interestExpense": 1386000,
        "depreciationAndAmortization": 114242.5,
        "ebitda": -35208757,
        "ebitdaratio": 1.9360363466,
        "operatingIncome": -17661500,
        "operatingIncomeRatio": 0.9711591334,
        "totalOtherIncomeExpensesNet": -1386000,
        "incomeBeforeTax": -19047500,
        "incomeBeforeTaxRatio": 1.0473716045,
        "incomeTaxExpense": -114242.5,
        "netIncome": -19047500,
        "netIncomeRatio": 1.0473716045,
        "eps": -1.83,
        "epsdiluted": -1.83,
        "weightedAverageShsOut": 10380109,
        "weightedAverageShsOutDil": 10380109,
        "link": null,
        "finalLink": null
    },
    {
        "date": "2022-01-31",
        "symbol": "ACV",
        "reportedCurrency": "USD",
        "cik": "0001636289",
        "fillingDate": "2022-01-31",
        "acceptedDate": "2022-01-31 00:00:00",
        "calendarYear": "2021",
        "period": "Q4",
        "revenue": 590500,
        "costOfRevenue": 0,
        "grossProfit": 590500,
        "grossProfitRatio": 1,
        "researchAndDevelopmentExpenses": 0,
        "generalAndAdministrativeExpenses": 445500,
        "sellingAndMarketingExpenses": 0,
        "sellingGeneralAndAdministrativeExpenses": 445500,
        "otherExpenses": 598500,
        "operatingExpenses": 1044000,
        "costAndExpenses": 1044000,
        "interestIncome": 2291000,
        "interestExpense": 1120500,
        "depreciationAndAmortization": 1711000,
        "ebitda": 667000,
        "ebitdaratio": 1.1295512278,
        "operatingIncome": -1044000,
        "operatingIncomeRatio": -1.7679932261,
        "totalOtherIncomeExpensesNet": 0,
        "incomeBeforeTax": -453500,
        "incomeBeforeTaxRatio": -0.7679932261,
        "incomeTaxExpense": -1711000,
        "netIncome": 1257500,
        "netIncomeRatio": 2.1295512278,
        "eps": 0.11,
        "epsdiluted": 0.11,
        "weightedAverageShsOut": 11337500,
        "weightedAverageShsOutDil": 11337500,
        "link": null,
        "finalLink": null
    },
    {
        "date": "2021-07-31",
        "symbol": "ACV",
        "reportedCurrency": "USD",
        "cik": "0001636289",
        "fillingDate": "2021-07-31",
        "acceptedDate": "2021-07-31 00:00:00",
        "calendarYear": "2021",
        "period": "Q2",
        "revenue": 590500,
        "costOfRevenue": 0,
        "grossProfit": 590500,
        "grossProfitRatio": 1,
        "researchAndDevelopmentExpenses": 0,
        "generalAndAdministrativeExpenses": 445500,
        "sellingAndMarketingExpenses": 0,
        "sellingGeneralAndAdministrativeExpenses": 445500,
        "otherExpenses": 598500,
        "operatingExpenses": 1044000,
        "costAndExpenses": 1044000,
        "interestIncome": 2291000,
        "interestExpense": 1120500,
        "depreciationAndAmortization": 1711000,
        "ebitda": 667000,
        "ebitdaratio": 1.1295512278,
        "operatingIncome": -1044000,
        "operatingIncomeRatio": -1.7679932261,
        "totalOtherIncomeExpensesNet": 0,
        "incomeBeforeTax": -453500,
        "incomeBeforeTaxRatio": -0.7679932261,
        "incomeTaxExpense": -1711000,
        "netIncome": 1257500,
        "netIncomeRatio": 2.1295512278,
        "eps": 0.11,
        "epsdiluted": 0.11,
        "weightedAverageShsOut": 11337500,
        "weightedAverageShsOutDil": 11337500,
        "link": null,
        "finalLink": null
    },
    {
        "date": "2021-01-31",
        "symbol": "ACV",
        "reportedCurrency": "USD",
        "cik": "0001636289",
        "fillingDate": "2021-01-31",
        "acceptedDate": "2021-01-31 00:00:00",
        "calendarYear": "2020",
        "period": "Q4",
        "revenue": 51210831,
        "costOfRevenue": 2277503,
        "grossProfit": 48933328,
        "grossProfitRatio": 0.9555269275,
        "researchAndDevelopmentExpenses": 0,
        "generalAndAdministrativeExpenses": 0,
        "sellingAndMarketingExpenses": 0,
        "sellingGeneralAndAdministrativeExpenses": 0,
        "otherExpenses": 1.8089686535256575,
        "operatingExpenses": -45513364,
        "costAndExpenses": 94446690,
        "interestIncome": 0,
        "interestExpense": 1807905,
        "depreciationAndAmortization": 92638788,
        "ebitda": 94446690,
        "ebitdaratio": 1.8442717713,
        "operatingIncome": 92638788,
        "operatingIncomeRatio": 1.8089686535,
        "totalOtherIncomeExpensesNet": -1807905,
        "incomeBeforeTax": 8.9472,
        "incomeBeforeTaxRatio": 1.747e-07,
        "incomeTaxExpense": 8.9472,
        "netIncome": 10353920,
        "netIncomeRatio": 0.2021822298,
        "eps": 1,
        "epsdiluted": 1,
        "weightedAverageShsOut": 10353920,
        "weightedAverageShsOutDil": 10353920,
        "link": null,
        "finalLink": null
    },
    {
        "date": "2020-07-31",
        "symbol": "ACV",
        "reportedCurrency": "USD",
        "cik": "0001636289",
        "fillingDate": "2020-07-31",
        "acceptedDate": "2020-07-31 00:00:00",
        "calendarYear": "2020",
        "period": "Q2",
        "revenue": 8984327,
        "costOfRevenue": 1834299,
        "grossProfit": 7150028,
        "grossProfitRatio": 0.7958334553,
        "researchAndDevelopmentExpenses": 0,
        "generalAndAdministrativeExpenses": 0,
        "sellingAndMarketingExpenses": 0,
        "sellingGeneralAndAdministrativeExpenses": 0,
        "otherExpenses": 4.345926411627715,
        "operatingExpenses": -33688955,
        "costAndExpenses": 40838980,
        "interestIncome": 0,
        "interestExpense": 1793755,
        "depreciationAndAmortization": 39045224,
        "ebitda": 40838980,
        "ebitdaratio": 4.54558032,
        "operatingIncome": 39045224,
        "operatingIncomeRatio": 4.3459264116,
        "totalOtherIncomeExpensesNet": -1793755,
        "incomeBeforeTax": 3.7711,
        "incomeBeforeTaxRatio": 4.197e-07,
        "incomeTaxExpense": 3.7711,
        "netIncome": 10353920,
        "netIncomeRatio": 1.1524424701,
        "eps": 1,
        "epsdiluted": 1,
        "weightedAverageShsOut": 10353920,
        "weightedAverageShsOutDil": 10353920,
        "link": null,
        "finalLink": null
    },
    {
        "date": "2020-01-31",
        "symbol": "ACV",
        "reportedCurrency": "USD",
        "cik": "0001636289",
        "fillingDate": "2020-01-31",
        "acceptedDate": "2020-01-31 00:00:00",
        "calendarYear": "2019",
        "period": "Q4",
        "revenue": 15778922,
        "costOfRevenue": 1867134,
        "grossProfit": 13911788,
        "grossProfitRatio": 0.8816691026,
        "researchAndDevelopmentExpenses": 0,
        "generalAndAdministrativeExpenses": 48850,
        "sellingAndMarketingExpenses": 705889,
        "sellingGeneralAndAdministrativeExpenses": 754739,
        "otherExpenses": 1.3249159860223658,
        "operatingExpenses": -9046414,
        "costAndExpenses": 22958200,
        "interestIncome": 0,
        "interestExpense": 2052454,
        "depreciationAndAmortization": 20905746,
        "ebitda": 22958200,
        "ebitdaratio": 1.4549916655,
        "operatingIncome": 20905746,
        "operatingIncomeRatio": 1.324915986,
        "totalOtherIncomeExpensesNet": 0,
        "incomeBeforeTax": 2.0202,
        "incomeBeforeTaxRatio": 1.28e-07,
        "incomeTaxExpense": 2.0202,
        "netIncome": 10348562,
        "netIncomeRatio": 0.6558472119,
        "eps": 1,
        "epsdiluted": 1,
        "weightedAverageShsOut": 10348562,
        "weightedAverageShsOutDil": 10348562,
        "link": null,
        "finalLink": null
    },
    {
        "date": "2019-07-31",
        "symbol": "ACV",
        "reportedCurrency": "USD",
        "cik": "0001636289",
        "fillingDate": "2019-07-31",
        "acceptedDate": "2019-07-31 00:00:00",
        "calendarYear": "2019",
        "period": "Q2",
        "revenue": 20254684,
        "costOfRevenue": 1792226,
        "grossProfit": 18462458,
        "grossProfitRatio": 0.9115154796,
        "researchAndDevelopmentExpenses": 0,
        "generalAndAdministrativeExpenses": 44110,
        "sellingAndMarketingExpenses": 699720,
        "sellingGeneralAndAdministrativeExpenses": 743830,
        "otherExpenses": 1.3989395736808334,
        "operatingExpenses": -11959511,
        "costAndExpenses": 30421970,
        "interestIncome": 0,
        "interestExpense": 2086890,
        "depreciationAndAmortization": 28335079,
        "ebitda": 30421970,
        "ebitdaratio": 1.501972087,
        "operatingIncome": 28335079,
        "operatingIncomeRatio": 1.3989395737,
        "totalOtherIncomeExpensesNet": 0,
        "incomeBeforeTax": 2.7432,
        "incomeBeforeTaxRatio": 1.354e-07,
        "incomeTaxExpense": 2.7432,
        "netIncome": 10329326,
        "netIncomeRatio": 0.5099722119,
        "eps": 1,
        "epsdiluted": 1,
        "weightedAverageShsOut": 10329326,
        "weightedAverageShsOutDil": 10329326,
        "link": null,
        "finalLink": null
    },
    {
        "date": "2019-01-31",
        "symbol": "ACV",
        "reportedCurrency": "USD",
        "cik": "0001636289",
        "fillingDate": "2019-01-31",
        "acceptedDate": "2019-01-31 00:00:00",
        "calendarYear": "2018",
        "period": "Q4",
        "revenue": 5712732,
        "costOfRevenue": 1725256,
        "grossProfit": 3987476,
        "grossProfitRatio": 0.6979980857,
        "researchAndDevelopmentExpenses": 0,
        "generalAndAdministrativeExpenses": 188150,
        "sellingAndMarketingExpenses": 690070,
        "sellingGeneralAndAdministrativeExpenses": 878220,
        "otherExpenses": -0.7649824987414078,
        "operatingExpenses": 878220,
        "costAndExpenses": -2290440,
        "interestIncome": 0,
        "interestExpense": 0,
        "depreciationAndAmortization": -4370140,
        "ebitda": -9288490,
        "ebitdaratio": -1.6259278398,
        "operatingIncome": -4370140,
        "operatingIncomeRatio": -0.7649824987,
        "totalOtherIncomeExpensesNet": 0,
        "incomeBeforeTax": -0.4238,
        "incomeBeforeTaxRatio": -7.42e-08,
        "incomeTaxExpense": -0.4238,
        "netIncome": 10311385,
        "netIncomeRatio": 1.8049831499,
        "eps": 1,
        "epsdiluted": 1,
        "weightedAverageShsOut": 10341350,
        "weightedAverageShsOutDil": 10341350,
        "link": null,
        "finalLink": null
    },
    {
        "date": "2018-07-31",
        "symbol": "ACV",
        "reportedCurrency": "USD",
        "cik": "0001636289",
        "fillingDate": "2018-07-31",
        "acceptedDate": "2018-07-31 00:00:00",
        "calendarYear": "2018",
        "period": "Q2",
        "revenue": 18139772,
        "costOfRevenue": 1782462,
        "grossProfit": 16357310,
        "grossProfitRatio": 0.9017373537,
        "researchAndDevelopmentExpenses": 0,
        "generalAndAdministrativeExpenses": 44880,
        "sellingAndMarketingExpenses": 703819,
        "sellingGeneralAndAdministrativeExpenses": 748699,
        "otherExpenses": 0.3348973184447963,
        "operatingExpenses": 748699,
        "costAndExpenses": 8104430,
        "interestIncome": 0,
        "interestExpense": 4936690,
        "depreciationAndAmortization": 6074961,
        "ebitda": 11011650,
        "ebitdaratio": 0.6070445648,
        "operatingIncome": 6074961,
        "operatingIncomeRatio": 0.3348973184,
        "totalOtherIncomeExpensesNet": 0,
        "incomeBeforeTax": 0.5909,
        "incomeBeforeTaxRatio": 3.26e-08,
        "incomeTaxExpense": 0.5909,
        "netIncome": 10281421,
        "netIncomeRatio": 0.5667888769,
        "eps": 1,
        "epsdiluted": 1,
        "weightedAverageShsOut": 10281420,
        "weightedAverageShsOutDil": 10281420,
        "link": null,
        "finalLink": null
    },
    {
        "date": "2018-01-31",
        "symbol": "ACV",
        "reportedCurrency": "USD",
        "cik": "0001636289",
        "fillingDate": "2018-01-31",
        "acceptedDate": "2018-01-31 00:00:00",
        "calendarYear": "2017",
        "period": "Q4",
        "revenue": 13461774,
        "costOfRevenue": 1773304,
        "grossProfit": 11688470,
        "grossProfitRatio": 0.8682711506,
        "researchAndDevelopmentExpenses": 0,
        "generalAndAdministrativeExpenses": 208530,
        "sellingAndMarketingExpenses": 709400,
        "sellingGeneralAndAdministrativeExpenses": 917930,
        "otherExpenses": 1.8963779216617365,
        "operatingExpenses": 917930,
        "costAndExpenses": 27464360,
        "interestIncome": 0,
        "interestExpense": 24287650,
        "depreciationAndAmortization": 25528611,
        "ebitda": 49816260,
        "ebitdaratio": 3.7005717077,
        "operatingIncome": 25528611,
        "operatingIncomeRatio": 1.8963779217,
        "totalOtherIncomeExpensesNet": 0,
        "incomeBeforeTax": 2.4845,
        "incomeBeforeTaxRatio": 1.846e-07,
        "incomeTaxExpense": 2.4845,
        "netIncome": 10274970,
        "netIncomeRatio": 0.7632701307,
        "eps": 1,
        "epsdiluted": 1,
        "weightedAverageShsOut": 10274970,
        "weightedAverageShsOutDil": 10274970,
        "link": null,
        "finalLink": null
    },
    {
        "date": "2017-07-31",
        "symbol": "ACV",
        "reportedCurrency": "USD",
        "cik": "0001636289",
        "fillingDate": "2017-07-31",
        "acceptedDate": "2017-07-31 00:00:00",
        "calendarYear": "2017",
        "period": "Q2",
        "revenue": 5460000,
        "costOfRevenue": 2970000,
        "grossProfit": 2490000,
        "grossProfitRatio": 0.456043956,
        "researchAndDevelopmentExpenses": 0,
        "generalAndAdministrativeExpenses": 40000,
        "sellingAndMarketingExpenses": 710000,
        "sellingGeneralAndAdministrativeExpenses": 750000,
        "otherExpenses": 0,
        "operatingExpenses": 750000,
        "costAndExpenses": 3720000,
        "interestIncome": 0,
        "interestExpense": 16850000,
        "depreciationAndAmortization": 33710000,
        "ebitda": 35450000,
        "ebitdaratio": 6.4926739927,
        "operatingIncome": 1740000,
        "operatingIncomeRatio": 0.3186813187,
        "totalOtherIncomeExpensesNet": 16860000,
        "incomeBeforeTax": 18600000,
        "incomeBeforeTaxRatio": 3.4065934066,
        "incomeTaxExpense": -33710000,
        "netIncome": 52310000,
        "netIncomeRatio": 9.5805860806,
        "eps": 5.09,
        "epsdiluted": 5.09,
        "weightedAverageShsOut": 10270000,
        "weightedAverageShsOutDil": 10270000,
        "link": null,
        "finalLink": null
    },
    {
        "date": "2017-01-31",
        "symbol": "ACV",
        "reportedCurrency": "USD",
        "cik": "0001636289",
        "fillingDate": "2017-01-31",
        "acceptedDate": "2017-01-30 19:00:00",
        "calendarYear": "2016",
        "period": "Q4",
        "revenue": 5800000,
        "costOfRevenue": 2950000,
        "grossProfit": 2850000,
        "grossProfitRatio": 0.4913793103,
        "researchAndDevelopmentExpenses": 0,
        "generalAndAdministrativeExpenses": 60000,
        "sellingAndMarketingExpenses": 720000,
        "sellingGeneralAndAdministrativeExpenses": 780000,
        "otherExpenses": 0,
        "operatingExpenses": 780000,
        "costAndExpenses": 3730000,
        "interestIncome": 0,
        "interestExpense": 12070000,
        "depreciationAndAmortization": 24140000,
        "ebitda": 26210000,
        "ebitdaratio": 4.5189655172,
        "operatingIncome": 2070000,
        "operatingIncomeRatio": 0.3568965517,
        "totalOtherIncomeExpensesNet": 12070000,
        "incomeBeforeTax": 14140000,
        "incomeBeforeTaxRatio": 2.4379310345,
        "incomeTaxExpense": -24140000,
        "netIncome": 38280000,
        "netIncomeRatio": 6.6,
        "eps": 3.73,
        "epsdiluted": 3.73,
        "weightedAverageShsOut": 10270000,
        "weightedAverageShsOutDil": 10270000,
        "link": "",
        "finalLink": ""
    },
    {
        "date": "2016-07-31",
        "symbol": "ACV",
        "reportedCurrency": "USD",
        "cik": "0001636289",
        "fillingDate": "2016-07-31",
        "acceptedDate": "2016-07-30 20:00:00",
        "calendarYear": "2016",
        "period": "Q2",
        "revenue": 5550000,
        "costOfRevenue": 2860000,
        "grossProfit": 2690000,
        "grossProfitRatio": 0.4846846847,
        "researchAndDevelopmentExpenses": 0,
        "generalAndAdministrativeExpenses": 40000,
        "sellingAndMarketingExpenses": 720000,
        "sellingGeneralAndAdministrativeExpenses": 760000,
        "otherExpenses": 0,
        "operatingExpenses": 760000,
        "costAndExpenses": 3620000,
        "interestIncome": 0,
        "interestExpense": 31330000,
        "depreciationAndAmortization": 62670000,
        "ebitda": 64600000,
        "ebitdaratio": 11.6396396396,
        "operatingIncome": 1930000,
        "operatingIncomeRatio": 0.3477477477,
        "totalOtherIncomeExpensesNet": 31340000,
        "incomeBeforeTax": 33270000,
        "incomeBeforeTaxRatio": 5.9945945946,
        "incomeTaxExpense": -62670000,
        "netIncome": 95940000,
        "netIncomeRatio": 17.2864864865,
        "eps": 9.34,
        "epsdiluted": 9.34,
        "weightedAverageShsOut": 10270000,
        "weightedAverageShsOutDil": 10270000,
        "link": "",
        "finalLink": ""
    },
    {
        "date": "2016-01-31",
        "symbol": "ACV",
        "reportedCurrency": "USD",
        "cik": "0001636289",
        "fillingDate": "2016-01-31",
        "acceptedDate": "2016-01-30 19:00:00",
        "calendarYear": "2015",
        "period": "Q4",
        "revenue": 5620000,
        "costOfRevenue": 3450000,
        "grossProfit": 2170000,
        "grossProfitRatio": 0.3861209964,
        "researchAndDevelopmentExpenses": 0,
        "generalAndAdministrativeExpenses": 60000,
        "sellingAndMarketingExpenses": 1010000,
        "sellingGeneralAndAdministrativeExpenses": 1070000,
        "otherExpenses": 0,
        "operatingExpenses": 1070000,
        "costAndExpenses": 4520000,
        "interestIncome": 0,
        "interestExpense": -40330000,
        "depreciationAndAmortization": -80650000,
        "ebitda": -79550000,
        "ebitdaratio": -14.1548042705,
        "operatingIncome": 1100000,
        "operatingIncomeRatio": 0.1957295374,
        "totalOtherIncomeExpensesNet": -40320000,
        "incomeBeforeTax": -39220000,
        "incomeBeforeTaxRatio": -6.9786476868,
        "incomeTaxExpense": 80650000,
        "netIncome": -119870000,
        "netIncomeRatio": -21.3291814947,
        "eps": -11.95,
        "epsdiluted": -11.95,
        "weightedAverageShsOut": 10030000,
        "weightedAverageShsOutDil": 10030000,
        "link": "",
        "finalLink": ""
    },
    {
        "date": "2015-07-31",
        "symbol": "ACV",
        "reportedCurrency": "USD",
        "cik": "0001636289",
        "fillingDate": "2015-07-31",
        "acceptedDate": "2015-07-30 20:00:00",
        "calendarYear": "2015",
        "period": "Q2",
        "revenue": 1810000,
        "costOfRevenue": 830000,
        "grossProfit": 980000,
        "grossProfitRatio": 0.5414364641,
        "researchAndDevelopmentExpenses": 0,
        "generalAndAdministrativeExpenses": 20000,
        "sellingAndMarketingExpenses": 10000,
        "sellingGeneralAndAdministrativeExpenses": 30000,
        "otherExpenses": 0,
        "operatingExpenses": 30000,
        "costAndExpenses": 860000,
        "interestIncome": 0,
        "interestExpense": -4840000,
        "depreciationAndAmortization": -9680000,
        "ebitda": -8740000,
        "ebitdaratio": -4.8287292818,
        "operatingIncome": 940000,
        "operatingIncomeRatio": 0.5193370166,
        "totalOtherIncomeExpensesNet": -4840000,
        "incomeBeforeTax": -3900000,
        "incomeBeforeTaxRatio": -2.1546961326,
        "incomeTaxExpense": 9680000,
        "netIncome": -13580000,
        "netIncomeRatio": -7.5027624309,
        "eps": -1.2,
        "epsdiluted": -1.2,
        "weightedAverageShsOut": 11290000,
        "weightedAverageShsOutDil": 11290000,
        "link": "",
        "finalLink": ""
    },
    {
        "date": "2011-07-31",
        "symbol": "ACV",
        "reportedCurrency": "USD",
        "cik": "0001636289",
        "fillingDate": "2010-08-05",
        "acceptedDate": "2010-08-05 12:13:47",
        "calendarYear": "2010",
        "period": "Q2",
        "revenue": 1022893658,
        "costOfRevenue": 465141516,
        "grossProfit": 557752142,
        "grossProfitRatio": 0.5452689413,
        "researchAndDevelopmentExpenses": -596000,
        "generalAndAdministrativeExpenses": 390301490,
        "sellingAndMarketingExpenses": 0,
        "sellingGeneralAndAdministrativeExpenses": 390301490,
        "otherExpenses": 0,
        "operatingExpenses": 389705490,
        "costAndExpenses": 854847006,
        "interestIncome": 0,
        "interestExpense": 0,
        "depreciationAndAmortization": 18375278,
        "ebitda": 176595114,
        "ebitdaratio": 0.1726426913,
        "operatingIncome": 158219836,
        "operatingIncomeRatio": 0.1546786753,
        "totalOtherIncomeExpensesNet": -138000,
        "incomeBeforeTax": 158081836,
        "incomeBeforeTaxRatio": 0.1545437639,
        "incomeTaxExpense": 49772444,
        "netIncome": 108309392,
        "netIncomeRatio": 0.1058852904,
        "eps": 1.09,
        "epsdiluted": 1.09,
        "weightedAverageShsOut": 99697000,
        "weightedAverageShsOutDil": 99697000,
        "link": "https://www.sec.gov/Archives/edgar/data/1368457/000119312510179342/0001193125-10-179342-index.html",
        "finalLink": "https://www.sec.gov/Archives/edgar/data/1368457/000119312510179342/d10q.htm"
    },
    {
        "date": "2011-01-31",
        "symbol": "ACV",
        "reportedCurrency": "USD",
        "cik": "0001636289",
        "fillingDate": "2010-12-31",
        "acceptedDate": "2010-12-30 19:00:00",
        "calendarYear": "2010",
        "period": "Q4",
        "revenue": 405340000,
        "costOfRevenue": 189755000,
        "grossProfit": 215585000,
        "grossProfitRatio": 0.5318621404,
        "researchAndDevelopmentExpenses": 0,
        "generalAndAdministrativeExpenses": 137731000,
        "sellingAndMarketingExpenses": 0,
        "sellingGeneralAndAdministrativeExpenses": 137731000,
        "otherExpenses": 0,
        "operatingExpenses": 137731000,
        "costAndExpenses": 327486000,
        "interestIncome": 0,
        "interestExpense": 0,
        "depreciationAndAmortization": 7397000,
        "ebitda": 77814000,
        "ebitdaratio": 0.1919721715,
        "operatingIncome": 70417000,
        "operatingIncomeRatio": 0.173723294,
        "totalOtherIncomeExpensesNet": 113000,
        "incomeBeforeTax": 70530000,
        "incomeBeforeTaxRatio": 0.1740020723,
        "incomeTaxExpense": 22787000,
        "netIncome": 47743000,
        "netIncomeRatio": 0.1177850693,
        "eps": 0.47,
        "epsdiluted": 0.47,
        "weightedAverageShsOut": 101906000,
        "weightedAverageShsOutDil": 101906000,
        "link": "updating...",
        "finalLink": ""
    }
]