[
    {
        "date": "2024-06-30",
        "symbol": "ACY",
        "reportedCurrency": "USD",
        "cik": "0001036848",
        "fillingDate": "2024-08-14",
        "acceptedDate": "2024-08-14 16:15:41",
        "calendarYear": "2024",
        "period": "Q2",
        "revenue": 6916000,
        "costOfRevenue": 2709000,
        "grossProfit": 4207000,
        "grossProfitRatio": 0.6082995951,
        "researchAndDevelopmentExpenses": 0,
        "generalAndAdministrativeExpenses": 2876000,
        "sellingAndMarketingExpenses": -4345000,
        "sellingGeneralAndAdministrativeExpenses": -1469000,
        "otherExpenses": 0,
        "operatingExpenses": -1469000,
        "costAndExpenses": 1240000,
        "interestIncome": 0,
        "interestExpense": -24100,
        "depreciationAndAmortization": 0,
        "ebitda": -3014000,
        "ebitdaratio": -0.4358010411,
        "operatingIncome": -3014000,
        "operatingIncomeRatio": -0.4358010411,
        "totalOtherIncomeExpensesNet": -559000,
        "incomeBeforeTax": -3572000,
        "incomeBeforeTaxRatio": -0.5164835165,
        "incomeTaxExpense": -400,
        "netIncome": -3403000,
        "netIncomeRatio": -0.4920474263,
        "eps": -0.1,
        "epsdiluted": -0.1,
        "weightedAverageShsOut": 37038000,
        "weightedAverageShsOutDil": 37038000,
        "link": "https://www.sec.gov/Archives/edgar/data/1036848/000121390024069035/0001213900-24-069035-index.htm",
        "finalLink": "https://www.sec.gov/Archives/edgar/data/1036848/000121390024069035/ea0210177-10q_megamat.htm"
    },
    {
        "date": "2024-03-31",
        "symbol": "ACY",
        "reportedCurrency": "USD",
        "cik": "0001036848",
        "fillingDate": "2024-08-19",
        "acceptedDate": "2024-08-19 16:32:48",
        "calendarYear": "2024",
        "period": "Q1",
        "revenue": 8692000,
        "costOfRevenue": 3500000,
        "grossProfit": 5191000,
        "grossProfitRatio": 0.5972158306,
        "researchAndDevelopmentExpenses": 0,
        "generalAndAdministrativeExpenses": 2238000,
        "sellingAndMarketingExpenses": -7718000,
        "sellingGeneralAndAdministrativeExpenses": -5480000,
        "otherExpenses": 0,
        "operatingExpenses": -5480000,
        "costAndExpenses": -1980000,
        "interestIncome": 0,
        "interestExpense": -2500,
        "depreciationAndAmortization": 0,
        "ebitda": -4765000,
        "ebitdaratio": -0.5482052462,
        "operatingIncome": -4765000,
        "operatingIncomeRatio": -0.5482052462,
        "totalOtherIncomeExpensesNet": 2553000,
        "incomeBeforeTax": -2212000,
        "incomeBeforeTaxRatio": -0.2544868845,
        "incomeTaxExpense": -1345000,
        "netIncome": -867000,
        "netIncomeRatio": -0.0997468937,
        "eps": -0.05,
        "epsdiluted": -0.05,
        "weightedAverageShsOut": 35272000,
        "weightedAverageShsOutDil": 35272000,
        "link": "https://www.sec.gov/Archives/edgar/data/1036848/000121390024070729/0001213900-24-070729-index.htm",
        "finalLink": "https://www.sec.gov/Archives/edgar/data/1036848/000121390024070729/ea0211516-10qa1_megamat.htm"
    },
    {
        "date": "2023-12-31",
        "symbol": "ACY",
        "reportedCurrency": "USD",
        "cik": "0001036848",
        "fillingDate": "2024-08-19",
        "acceptedDate": "2024-08-19 16:30:44",
        "calendarYear": "2023",
        "period": "Q4",
        "revenue": -1470000,
        "costOfRevenue": 281100,
        "grossProfit": -1751000,
        "grossProfitRatio": 1.1911564626,
        "researchAndDevelopmentExpenses": 0,
        "generalAndAdministrativeExpenses": 2233000,
        "sellingAndMarketingExpenses": 28000,
        "sellingGeneralAndAdministrativeExpenses": 2261000,
        "otherExpenses": 1975000,
        "operatingExpenses": 4236000,
        "costAndExpenses": 4517000,
        "interestIncome": 0,
        "interestExpense": -357000,
        "depreciationAndAmortization": -165000,
        "ebitda": -5732000,
        "ebitdaratio": 3.8993197279,
        "operatingIncome": -2560000,
        "operatingIncomeRatio": 1.7414965986,
        "totalOtherIncomeExpensesNet": -3091000,
        "incomeBeforeTax": -5651000,
        "incomeBeforeTaxRatio": 3.8442176871,
        "incomeTaxExpense": 73900,
        "netIncome": -5283000,
        "netIncomeRatio": 3.593877551,
        "eps": 0.24,
        "epsdiluted": 0.24,
        "weightedAverageShsOut": 31323000,
        "weightedAverageShsOutDil": 31323000,
        "link": "https://www.sec.gov/Archives/edgar/data/1036848/000121390024070723/0001213900-24-070723-index.htm",
        "finalLink": "https://www.sec.gov/Archives/edgar/data/1036848/000121390024070723/ea0211515-10ka1_megamat.htm"
    },
    {
        "date": "2021-12-31",
        "symbol": "ACY",
        "reportedCurrency": "USD",
        "cik": "0001036848",
        "fillingDate": "2022-03-30",
        "acceptedDate": "2022-03-30 16:33:28",
        "calendarYear": "2021",
        "period": "Q4",
        "revenue": 0,
        "costOfRevenue": 0,
        "grossProfit": 0,
        "grossProfitRatio": 0,
        "researchAndDevelopmentExpenses": 0,
        "generalAndAdministrativeExpenses": 32700,
        "sellingAndMarketingExpenses": 0,
        "sellingGeneralAndAdministrativeExpenses": -2615000,
        "otherExpenses": 1191000,
        "operatingExpenses": -1424000,
        "costAndExpenses": -1424000,
        "interestIncome": 0,
        "interestExpense": 355600,
        "depreciationAndAmortization": -356000,
        "ebitda": 4489000,
        "ebitdaratio": 0,
        "operatingIncome": 4844000,
        "operatingIncomeRatio": 0,
        "totalOtherIncomeExpensesNet": -593000,
        "incomeBeforeTax": 4252000,
        "incomeBeforeTaxRatio": 0,
        "incomeTaxExpense": -165000,
        "netIncome": 4416000,
        "netIncomeRatio": 0,
        "eps": 0.23,
        "epsdiluted": 0.23,
        "weightedAverageShsOut": 19526000,
        "weightedAverageShsOutDil": 19526000,
        "link": "https://www.sec.gov/Archives/edgar/data/1036848/000121390022016205/0001213900-22-016205-index.htm",
        "finalLink": "https://www.sec.gov/Archives/edgar/data/1036848/000121390022016205/f10k2021_megamatrixcorp.htm"
    },
    {
        "date": "2021-09-30",
        "symbol": "ACY",
        "reportedCurrency": "USD",
        "cik": "0001036848",
        "fillingDate": "2021-11-19",
        "acceptedDate": "2021-11-19 16:04:47",
        "calendarYear": "2021",
        "period": "Q3",
        "revenue": 0,
        "costOfRevenue": 0,
        "grossProfit": 0,
        "grossProfitRatio": 0,
        "researchAndDevelopmentExpenses": 0,
        "generalAndAdministrativeExpenses": 0,
        "sellingAndMarketingExpenses": 0,
        "sellingGeneralAndAdministrativeExpenses": 2647000,
        "otherExpenses": -3752000,
        "operatingExpenses": -1105000,
        "costAndExpenses": -1105000,
        "interestIncome": 0,
        "interestExpense": 0,
        "depreciationAndAmortization": 54000,
        "ebitda": -1105000,
        "ebitdaratio": 0,
        "operatingIncome": -1105000,
        "operatingIncomeRatio": 0,
        "totalOtherIncomeExpensesNet": 0,
        "incomeBeforeTax": 0,
        "incomeBeforeTaxRatio": 0,
        "incomeTaxExpense": 0,
        "netIncome": 0,
        "netIncomeRatio": 0,
        "eps": 0,
        "epsdiluted": 0,
        "weightedAverageShsOut": 7729000,
        "weightedAverageShsOutDil": 7729000,
        "link": "https://www.sec.gov/Archives/edgar/data/1036848/000121390021060843/0001213900-21-060843-index.htm",
        "finalLink": "https://www.sec.gov/Archives/edgar/data/1036848/000121390021060843/f10q0921_aerocentury.htm"
    },
    {
        "date": "2021-06-30",
        "symbol": "ACY",
        "reportedCurrency": "USD",
        "cik": "0001036848",
        "fillingDate": "2021-08-23",
        "acceptedDate": "2021-08-23 08:28:29",
        "calendarYear": "2021",
        "period": "Q2",
        "revenue": 1470000,
        "costOfRevenue": 0,
        "grossProfit": 1470000,
        "grossProfitRatio": 1,
        "researchAndDevelopmentExpenses": 0,
        "generalAndAdministrativeExpenses": 822600,
        "sellingAndMarketingExpenses": 0,
        "sellingGeneralAndAdministrativeExpenses": 822600,
        "otherExpenses": 586700,
        "operatingExpenses": 1409000,
        "costAndExpenses": 1409000,
        "interestIncome": 0,
        "interestExpense": 1900,
        "depreciationAndAmortization": 466600,
        "ebitda": -2726000,
        "ebitdaratio": -1.8544217687,
        "operatingIncome": -4675000,
        "operatingIncomeRatio": -3.1802721088,
        "totalOtherIncomeExpensesNet": 1481000,
        "incomeBeforeTax": -3194000,
        "incomeBeforeTaxRatio": -2.1727891156,
        "incomeTaxExpense": 3700,
        "netIncome": -3198000,
        "netIncomeRatio": -2.1755102041,
        "eps": -0.41,
        "epsdiluted": -0.41,
        "weightedAverageShsOut": 7729000,
        "weightedAverageShsOutDil": 7729000,
        "link": "https://www.sec.gov/Archives/edgar/data/1036848/000165495421009321/0001654954-21-009321-index.htm",
        "finalLink": "https://www.sec.gov/Archives/edgar/data/1036848/000165495421009321/acy_10q.htm"
    },
    {
        "date": "2021-03-31",
        "symbol": "ACY",
        "reportedCurrency": "USD",
        "cik": "0001036848",
        "fillingDate": "2021-05-21",
        "acceptedDate": "2021-05-21 16:15:17",
        "calendarYear": "2021",
        "period": "Q1",
        "revenue": 2737000,
        "costOfRevenue": 0,
        "grossProfit": 2737000,
        "grossProfitRatio": 1,
        "researchAndDevelopmentExpenses": 0,
        "generalAndAdministrativeExpenses": 2349000,
        "sellingAndMarketingExpenses": 0,
        "sellingGeneralAndAdministrativeExpenses": 2349000,
        "otherExpenses": 869900,
        "operatingExpenses": 3219000,
        "costAndExpenses": 3219000,
        "interestIncome": 0,
        "interestExpense": 1915000,
        "depreciationAndAmortization": 699300,
        "ebitda": -2747000,
        "ebitdaratio": -1.0036536354,
        "operatingIncome": -482000,
        "operatingIncomeRatio": -0.1761052247,
        "totalOtherIncomeExpensesNet": -4879000,
        "incomeBeforeTax": -5361000,
        "incomeBeforeTaxRatio": -1.9587139204,
        "incomeTaxExpense": 49200,
        "netIncome": -5410000,
        "netIncomeRatio": -1.9766167336,
        "eps": -0.7,
        "epsdiluted": -0.7,
        "weightedAverageShsOut": 7729000,
        "weightedAverageShsOutDil": 7729000,
        "link": "https://www.sec.gov/Archives/edgar/data/1036848/000165495421006148/0001654954-21-006148-index.htm",
        "finalLink": "https://www.sec.gov/Archives/edgar/data/1036848/000165495421006148/acy10q033121v5clean.htm"
    },
    {
        "date": "2020-12-31",
        "symbol": "ACY",
        "reportedCurrency": "USD",
        "cik": "0001036848",
        "fillingDate": "2021-04-15",
        "acceptedDate": "2021-04-15 16:06:10",
        "calendarYear": "2020",
        "period": "Q4",
        "revenue": 3072000,
        "costOfRevenue": 0,
        "grossProfit": 3072000,
        "grossProfitRatio": 1,
        "researchAndDevelopmentExpenses": 0,
        "generalAndAdministrativeExpenses": 953300,
        "sellingAndMarketingExpenses": 0,
        "sellingGeneralAndAdministrativeExpenses": 953300,
        "otherExpenses": 1594000,
        "operatingExpenses": 2547000,
        "costAndExpenses": 2547000,
        "interestIncome": 0,
        "interestExpense": 3327000,
        "depreciationAndAmortization": 1512000,
        "ebitda": -9801000,
        "ebitdaratio": -3.1904296875,
        "operatingIncome": 525400,
        "operatingIncomeRatio": 0.1710286458,
        "totalOtherIncomeExpensesNet": -15165000,
        "incomeBeforeTax": -14640000,
        "incomeBeforeTaxRatio": -4.765625,
        "incomeTaxExpense": -173000,
        "netIncome": -14466000,
        "netIncomeRatio": -4.708984375,
        "eps": -1.87,
        "epsdiluted": -1.87,
        "weightedAverageShsOut": 7729000,
        "weightedAverageShsOutDil": 7729000,
        "link": "https://www.sec.gov/Archives/edgar/data/1036848/000165495421004244/0001654954-21-004244-index.htm",
        "finalLink": "https://www.sec.gov/Archives/edgar/data/1036848/000165495421004244/acy10k123120v7.htm"
    },
    {
        "date": "2020-09-30",
        "symbol": "ACY",
        "reportedCurrency": "USD",
        "cik": "0001036848",
        "fillingDate": "2020-11-12",
        "acceptedDate": "2020-11-12 16:54:01",
        "calendarYear": "2020",
        "period": "Q3",
        "revenue": 3471000,
        "costOfRevenue": 0,
        "grossProfit": 3471000,
        "grossProfitRatio": 1,
        "researchAndDevelopmentExpenses": 0,
        "generalAndAdministrativeExpenses": 2061000,
        "sellingAndMarketingExpenses": 0,
        "sellingGeneralAndAdministrativeExpenses": 2061000,
        "otherExpenses": 1447000,
        "operatingExpenses": 3507000,
        "costAndExpenses": 3507000,
        "interestIncome": 0,
        "interestExpense": 3020000,
        "depreciationAndAmortization": 1342000,
        "ebitda": 886000,
        "ebitdaratio": 0.2552578508,
        "operatingIncome": -36900,
        "operatingIncomeRatio": -0.0106309421,
        "totalOtherIncomeExpensesNet": -3439000,
        "incomeBeforeTax": -3476000,
        "incomeBeforeTaxRatio": -1.0014405071,
        "incomeTaxExpense": 604900,
        "netIncome": -4081000,
        "netIncomeRatio": -1.1757418611,
        "eps": -0.53,
        "epsdiluted": -0.53,
        "weightedAverageShsOut": 7729000,
        "weightedAverageShsOutDil": 7729000,
        "link": "https://www.sec.gov/Archives/edgar/data/1036848/000165495420012271/0001654954-20-012271-index.htm",
        "finalLink": "https://www.sec.gov/Archives/edgar/data/1036848/000165495420012271/acy10q093020.htm"
    },
    {
        "date": "2020-06-30",
        "symbol": "ACY",
        "reportedCurrency": "USD",
        "cik": "0001036848",
        "fillingDate": "2020-08-14",
        "acceptedDate": "2020-08-14 16:03:22",
        "calendarYear": "2020",
        "period": "Q2",
        "revenue": 4379000,
        "costOfRevenue": 0,
        "grossProfit": 4379000,
        "grossProfitRatio": 1,
        "researchAndDevelopmentExpenses": 0,
        "generalAndAdministrativeExpenses": 2891000,
        "sellingAndMarketingExpenses": 0,
        "sellingGeneralAndAdministrativeExpenses": 2891000,
        "otherExpenses": 2116000,
        "operatingExpenses": 5007000,
        "costAndExpenses": 5007000,
        "interestIncome": 0,
        "interestExpense": 4460000,
        "depreciationAndAmortization": 2002000,
        "ebitda": -8339000,
        "ebitdaratio": -1.9043160539,
        "operatingIncome": -628000,
        "operatingIncomeRatio": -0.1434117378,
        "totalOtherIncomeExpensesNet": -14173000,
        "incomeBeforeTax": -14801000,
        "incomeBeforeTaxRatio": -3.3799954327,
        "incomeTaxExpense": -1283000,
        "netIncome": -13518000,
        "netIncomeRatio": -3.0870061658,
        "eps": -1.75,
        "epsdiluted": -1.75,
        "weightedAverageShsOut": 7729000,
        "weightedAverageShsOutDil": 7729000,
        "link": "https://www.sec.gov/Archives/edgar/data/1036848/000165495420009165/0001654954-20-009165-index.htm",
        "finalLink": "https://www.sec.gov/Archives/edgar/data/1036848/000165495420009165/acy10q063020v4clean.htm"
    },
    {
        "date": "2020-03-31",
        "symbol": "ACY",
        "reportedCurrency": "USD",
        "cik": "0001036848",
        "fillingDate": "2020-06-04",
        "acceptedDate": "2020-06-03 19:03:03",
        "calendarYear": "2020",
        "period": "Q1",
        "revenue": 4825000,
        "costOfRevenue": 0,
        "grossProfit": 4825000,
        "grossProfitRatio": 1,
        "researchAndDevelopmentExpenses": 0,
        "generalAndAdministrativeExpenses": 1554000,
        "sellingAndMarketingExpenses": 0,
        "sellingGeneralAndAdministrativeExpenses": 1554000,
        "otherExpenses": 2276000,
        "operatingExpenses": 3830000,
        "costAndExpenses": 3830000,
        "interestIncome": 0,
        "interestExpense": 6013000,
        "depreciationAndAmortization": 2170000,
        "ebitda": -4708000,
        "ebitdaratio": -0.9757512953,
        "operatingIncome": 994400,
        "operatingIncomeRatio": 0.2060932642,
        "totalOtherIncomeExpensesNet": -13885000,
        "incomeBeforeTax": -12891000,
        "incomeBeforeTaxRatio": -2.6717098446,
        "incomeTaxExpense": -2712000,
        "netIncome": -10178000,
        "netIncomeRatio": -2.1094300518,
        "eps": -1.32,
        "epsdiluted": -1.32,
        "weightedAverageShsOut": 7729000,
        "weightedAverageShsOutDil": 7729000,
        "link": "https://www.sec.gov/Archives/edgar/data/1036848/000165495420006300/0001654954-20-006300-index.htm",
        "finalLink": "https://www.sec.gov/Archives/edgar/data/1036848/000165495420006300/acy10q033120final.htm"
    },
    {
        "date": "2019-12-31",
        "symbol": "ACY",
        "reportedCurrency": "USD",
        "cik": "0001036848",
        "fillingDate": "2020-03-30",
        "acceptedDate": "2020-03-30 16:32:48",
        "calendarYear": "2019",
        "period": "Q4",
        "revenue": 4877000,
        "costOfRevenue": 477700,
        "grossProfit": 4399000,
        "grossProfitRatio": 0.9019889276,
        "researchAndDevelopmentExpenses": 0,
        "generalAndAdministrativeExpenses": 2208000,
        "sellingAndMarketingExpenses": 0,
        "sellingGeneralAndAdministrativeExpenses": 2208000,
        "otherExpenses": 2950000,
        "operatingExpenses": 5158000,
        "costAndExpenses": 5636000,
        "interestIncome": 0,
        "interestExpense": 3558000,
        "depreciationAndAmortization": 2447000,
        "ebitda": -2903000,
        "ebitdaratio": -0.5952429772,
        "operatingIncome": -281000,
        "operatingIncomeRatio": -0.0576173877,
        "totalOtherIncomeExpensesNet": -8626000,
        "incomeBeforeTax": -8908000,
        "incomeBeforeTaxRatio": -1.8265327045,
        "incomeTaxExpense": -1866000,
        "netIncome": -7041000,
        "netIncomeRatio": -1.4437153988,
        "eps": -0.91,
        "epsdiluted": -0.91,
        "weightedAverageShsOut": 7729000,
        "weightedAverageShsOutDil": 7729000,
        "link": "https://www.sec.gov/Archives/edgar/data/1036848/000165495420003499/0001654954-20-003499-index.html",
        "finalLink": "https://www.sec.gov/Archives/edgar/data/1036848/000165495420003499/acy10k123119.htm"
    },
    {
        "date": "2019-09-30",
        "symbol": "ACY",
        "reportedCurrency": "USD",
        "cik": "0001036848",
        "fillingDate": "2019-11-14",
        "acceptedDate": "2019-11-14 16:39:24",
        "calendarYear": "2019",
        "period": "Q3",
        "revenue": 23943000,
        "costOfRevenue": 255900,
        "grossProfit": 23687000,
        "grossProfitRatio": 0.9893079397,
        "researchAndDevelopmentExpenses": 0,
        "generalAndAdministrativeExpenses": 1604000,
        "sellingAndMarketingExpenses": 0,
        "sellingGeneralAndAdministrativeExpenses": 1604000,
        "otherExpenses": 3252000,
        "operatingExpenses": 4856000,
        "costAndExpenses": 5112000,
        "interestIncome": 0,
        "interestExpense": 2348000,
        "depreciationAndAmortization": 2970000,
        "ebitda": -5171000,
        "ebitdaratio": -0.2159712651,
        "operatingIncome": 19087000,
        "operatingIncomeRatio": 0.797184981,
        "totalOtherIncomeExpensesNet": -29576000,
        "incomeBeforeTax": -10489000,
        "incomeBeforeTaxRatio": -0.4380821117,
        "incomeTaxExpense": -2257000,
        "netIncome": -8231000,
        "netIncomeRatio": -0.3437747985,
        "eps": -1.06,
        "epsdiluted": -1.06,
        "weightedAverageShsOut": 7729000,
        "weightedAverageShsOutDil": 7729000,
        "link": "https://www.sec.gov/Archives/edgar/data/1036848/000165495419013006/0001654954-19-013006-index.html",
        "finalLink": "https://www.sec.gov/Archives/edgar/data/1036848/000165495419013006/acy10q093019v11clean.htm"
    },
    {
        "date": "2019-06-30",
        "symbol": "ACY",
        "reportedCurrency": "USD",
        "cik": "0001036848",
        "fillingDate": "2019-08-08",
        "acceptedDate": "2019-08-08 16:14:27",
        "calendarYear": "2019",
        "period": "Q2",
        "revenue": 7056000,
        "costOfRevenue": 10000,
        "grossProfit": 7046000,
        "grossProfitRatio": 0.9985827664,
        "researchAndDevelopmentExpenses": 0,
        "generalAndAdministrativeExpenses": 1617000,
        "sellingAndMarketingExpenses": 0,
        "sellingGeneralAndAdministrativeExpenses": 1617000,
        "otherExpenses": 3006000,
        "operatingExpenses": 4622000,
        "costAndExpenses": 4632000,
        "interestIncome": 0,
        "interestExpense": 2485000,
        "depreciationAndAmortization": 2970000,
        "ebitda": 5350000,
        "ebitdaratio": 0.7582199546,
        "operatingIncome": 2433000,
        "operatingIncomeRatio": 0.3448129252,
        "totalOtherIncomeExpensesNet": -2539000,
        "incomeBeforeTax": -105000,
        "incomeBeforeTaxRatio": -0.0148809524,
        "incomeTaxExpense": -27900,
        "netIncome": -77600,
        "netIncomeRatio": -0.0109977324,
        "eps": -0.01,
        "epsdiluted": -0.01,
        "weightedAverageShsOut": 7729000,
        "weightedAverageShsOutDil": 7729000,
        "link": "https://www.sec.gov/Archives/edgar/data/1036848/000165495419009061/0001654954-19-009061-index.htm",
        "finalLink": "https://www.sec.gov/Archives/edgar/data/1036848/000165495419009061/acy10QJune302019.htm"
    },
    {
        "date": "2019-03-31",
        "symbol": "ACY",
        "reportedCurrency": "USD",
        "cik": "0001036848",
        "fillingDate": "2019-05-15",
        "acceptedDate": "2019-05-15 14:28:25",
        "calendarYear": "2019",
        "period": "Q1",
        "revenue": 7384000,
        "costOfRevenue": 107400,
        "grossProfit": 7277000,
        "grossProfitRatio": 0.9855092091,
        "researchAndDevelopmentExpenses": 0,
        "generalAndAdministrativeExpenses": 1565000,
        "sellingAndMarketingExpenses": 0,
        "sellingGeneralAndAdministrativeExpenses": 1565000,
        "otherExpenses": 3346000,
        "operatingExpenses": 4911000,
        "costAndExpenses": 5018000,
        "interestIncome": 0,
        "interestExpense": 2912000,
        "depreciationAndAmortization": 3201000,
        "ebitda": 4449000,
        "ebitdaratio": 0.6025189599,
        "operatingIncome": 2474000,
        "operatingIncomeRatio": 0.3350487541,
        "totalOtherIncomeExpensesNet": -4138000,
        "incomeBeforeTax": -1665000,
        "incomeBeforeTaxRatio": -0.2254875406,
        "incomeTaxExpense": -356000,
        "netIncome": -1308000,
        "netIncomeRatio": -0.1771397616,
        "eps": -0.17,
        "epsdiluted": -0.17,
        "weightedAverageShsOut": 7729000,
        "weightedAverageShsOutDil": 7729000,
        "link": "https://www.sec.gov/Archives/edgar/data/1036848/000103684819000019/0001036848-19-000019-index.html",
        "finalLink": "https://www.sec.gov/Archives/edgar/data/1036848/000103684819000019/acy1q201910q.htm"
    },
    {
        "date": "2018-12-31",
        "symbol": "ACY",
        "reportedCurrency": "USD",
        "cik": "0001036848",
        "fillingDate": "2019-03-19",
        "acceptedDate": "2019-03-18 19:03:03",
        "calendarYear": "2018",
        "period": "Q4",
        "revenue": 9055000,
        "costOfRevenue": 230600,
        "grossProfit": 8825000,
        "grossProfitRatio": 0.9745996687,
        "researchAndDevelopmentExpenses": 0,
        "generalAndAdministrativeExpenses": 1711000,
        "sellingAndMarketingExpenses": 0,
        "sellingGeneralAndAdministrativeExpenses": 1711000,
        "otherExpenses": 3470000,
        "operatingExpenses": 5181000,
        "costAndExpenses": 5411000,
        "interestIncome": 0,
        "interestExpense": 2419000,
        "depreciationAndAmortization": 3217000,
        "ebitda": 1905000,
        "ebitdaratio": 0.210381005,
        "operatingIncome": 3875000,
        "operatingIncomeRatio": 0.4279403644,
        "totalOtherIncomeExpensesNet": -7606000,
        "incomeBeforeTax": -3731000,
        "incomeBeforeTaxRatio": -0.4120375483,
        "incomeTaxExpense": 102400,
        "netIncome": -3834000,
        "netIncomeRatio": -0.4234124793,
        "eps": -0.5,
        "epsdiluted": -0.5,
        "weightedAverageShsOut": 7729000,
        "weightedAverageShsOutDil": 7729000,
        "link": "https://www.sec.gov/Archives/edgar/data/1036848/000103684819000005/0001036848-19-000005-index.html",
        "finalLink": "https://www.sec.gov/Archives/edgar/data/1036848/000103684819000005/acy10k2018.htm"
    },
    {
        "date": "2018-09-30",
        "symbol": "ACY",
        "reportedCurrency": "USD",
        "cik": "0001036848",
        "fillingDate": "2018-11-08",
        "acceptedDate": "2018-11-08 16:44:46",
        "calendarYear": "2018",
        "period": "Q3",
        "revenue": 7435000,
        "costOfRevenue": 245300,
        "grossProfit": 7190000,
        "grossProfitRatio": 0.9670477471,
        "researchAndDevelopmentExpenses": 0,
        "generalAndAdministrativeExpenses": 2031000,
        "sellingAndMarketingExpenses": 0,
        "sellingGeneralAndAdministrativeExpenses": 2031000,
        "otherExpenses": 3596000,
        "operatingExpenses": 5627000,
        "costAndExpenses": 5872000,
        "interestIncome": 0,
        "interestExpense": 2467000,
        "depreciationAndAmortization": 3328000,
        "ebitda": 79600,
        "ebitdaratio": 0.0107061197,
        "operatingIncome": -5716000,
        "operatingIncomeRatio": -0.768796234,
        "totalOtherIncomeExpensesNet": 0,
        "incomeBeforeTax": -5716000,
        "incomeBeforeTaxRatio": -0.768796234,
        "incomeTaxExpense": -1232000,
        "netIncome": -4484000,
        "netIncomeRatio": -0.6030934768,
        "eps": -0.63,
        "epsdiluted": -0.63,
        "weightedAverageShsOut": 7083000,
        "weightedAverageShsOutDil": 7083000,
        "link": "https://www.sec.gov/Archives/edgar/data/1036848/000103684818000026/0001036848-18-000026-index.html",
        "finalLink": "https://www.sec.gov/Archives/edgar/data/1036848/000103684818000026/acy10q3q2018.htm"
    },
    {
        "date": "2018-06-30",
        "symbol": "ACY",
        "reportedCurrency": "USD",
        "cik": "0001036848",
        "fillingDate": "2018-08-10",
        "acceptedDate": "2018-08-10 11:49:22",
        "calendarYear": "2018",
        "period": "Q2",
        "revenue": 7185000,
        "costOfRevenue": 68900,
        "grossProfit": 7116000,
        "grossProfitRatio": 0.9903966597,
        "researchAndDevelopmentExpenses": 0,
        "generalAndAdministrativeExpenses": 1957000,
        "sellingAndMarketingExpenses": 0,
        "sellingGeneralAndAdministrativeExpenses": 1957000,
        "otherExpenses": 3242000,
        "operatingExpenses": 5199000,
        "costAndExpenses": 5268000,
        "interestIncome": 0,
        "interestExpense": 2365000,
        "depreciationAndAmortization": 3150000,
        "ebitda": 5437000,
        "ebitdaratio": 0.7567153793,
        "operatingIncome": 1986000,
        "operatingIncomeRatio": 0.2764091858,
        "totalOtherIncomeExpensesNet": -2065000,
        "incomeBeforeTax": -78600,
        "incomeBeforeTaxRatio": -0.0109394572,
        "incomeTaxExpense": 2500,
        "netIncome": -81100,
        "netIncomeRatio": -0.0112874043,
        "eps": -0.0114,
        "epsdiluted": -0.0114,
        "weightedAverageShsOut": 7083000,
        "weightedAverageShsOutDil": 7083000,
        "link": "https://www.sec.gov/Archives/edgar/data/1036848/000103684818000015/0001036848-18-000015-index.html",
        "finalLink": "https://www.sec.gov/Archives/edgar/data/1036848/000103684818000015/acy2q1810q.htm"
    },
    {
        "date": "2018-03-31",
        "symbol": "ACY",
        "reportedCurrency": "USD",
        "cik": "0001036848",
        "fillingDate": "2018-05-15",
        "acceptedDate": "2018-05-15 13:40:05",
        "calendarYear": "2018",
        "period": "Q1",
        "revenue": 6842000,
        "costOfRevenue": 91200,
        "grossProfit": 6751000,
        "grossProfitRatio": 0.9866997954,
        "researchAndDevelopmentExpenses": 0,
        "generalAndAdministrativeExpenses": 2104000,
        "sellingAndMarketingExpenses": 0,
        "sellingGeneralAndAdministrativeExpenses": 2104000,
        "otherExpenses": 3056000,
        "operatingExpenses": 5160000,
        "costAndExpenses": 5251000,
        "interestIncome": 0,
        "interestExpense": 2254000,
        "depreciationAndAmortization": 2942000,
        "ebitda": 5667000,
        "ebitdaratio": 0.8282665887,
        "operatingIncome": 1682000,
        "operatingIncomeRatio": 0.2458345513,
        "totalOtherIncomeExpensesNet": -1211000,
        "incomeBeforeTax": 471400,
        "incomeBeforeTaxRatio": 0.068897983,
        "incomeTaxExpense": 154100,
        "netIncome": 317300,
        "netIncomeRatio": 0.0463753289,
        "eps": 0.0448,
        "epsdiluted": 0.0448,
        "weightedAverageShsOut": 7083000,
        "weightedAverageShsOutDil": 7083000,
        "link": "https://www.sec.gov/Archives/edgar/data/1036848/000103684818000011/0001036848-18-000011-index.html",
        "finalLink": "https://www.sec.gov/Archives/edgar/data/1036848/000103684818000011/acy10q1stq2017.htm"
    },
    {
        "date": "2017-12-31",
        "symbol": "ACY",
        "reportedCurrency": "USD",
        "cik": "0001036848",
        "fillingDate": "2018-03-08",
        "acceptedDate": "2018-03-08 14:56:13",
        "calendarYear": "2017",
        "period": "Q4",
        "revenue": 10256000,
        "costOfRevenue": 2094000,
        "grossProfit": 8163000,
        "grossProfitRatio": 0.795924337,
        "researchAndDevelopmentExpenses": 0,
        "generalAndAdministrativeExpenses": 2115000,
        "sellingAndMarketingExpenses": 0,
        "sellingGeneralAndAdministrativeExpenses": 2115000,
        "otherExpenses": 5172000,
        "operatingExpenses": 7287000,
        "costAndExpenses": 9381000,
        "interestIncome": 0,
        "interestExpense": 2257000,
        "depreciationAndAmortization": 2988000,
        "ebitda": 6402000,
        "ebitdaratio": 0.6242199688,
        "operatingIncome": 3893000,
        "operatingIncomeRatio": 0.3795826833,
        "totalOtherIncomeExpensesNet": -2736000,
        "incomeBeforeTax": 1157000,
        "incomeBeforeTaxRatio": 0.1128120125,
        "incomeTaxExpense": -4861000,
        "netIncome": 6018000,
        "netIncomeRatio": 0.5867784711,
        "eps": 0.85,
        "epsdiluted": 0.85,
        "weightedAverageShsOut": 7083000,
        "weightedAverageShsOutDil": 7083000,
        "link": "https://www.sec.gov/Archives/edgar/data/1036848/000103684818000004/0001036848-18-000004-index.html",
        "finalLink": "https://www.sec.gov/Archives/edgar/data/1036848/000103684818000004/acy10k12312017.htm"
    },
    {
        "date": "2017-09-30",
        "symbol": "ACY",
        "reportedCurrency": "USD",
        "cik": "0001036848",
        "fillingDate": "2017-11-09",
        "acceptedDate": "2017-11-09 14:43:13",
        "calendarYear": "2017",
        "period": "Q3",
        "revenue": 8334000,
        "costOfRevenue": 169200,
        "grossProfit": 8165000,
        "grossProfitRatio": 0.9797216223,
        "researchAndDevelopmentExpenses": 0,
        "generalAndAdministrativeExpenses": 2105000,
        "sellingAndMarketingExpenses": 0,
        "sellingGeneralAndAdministrativeExpenses": 2105000,
        "otherExpenses": 3328000,
        "operatingExpenses": 5433000,
        "costAndExpenses": 5602000,
        "interestIncome": 0,
        "interestExpense": 2143000,
        "depreciationAndAmortization": 3159000,
        "ebitda": 5996000,
        "ebitdaratio": 0.719462443,
        "operatingIncome": 2906000,
        "operatingIncomeRatio": 0.3486921046,
        "totalOtherIncomeExpensesNet": -2212000,
        "incomeBeforeTax": 694000,
        "incomeBeforeTaxRatio": 0.0832733381,
        "incomeTaxExpense": 309500,
        "netIncome": 384500,
        "netIncomeRatio": 0.0461363091,
        "eps": 0.0543,
        "epsdiluted": 0.0543,
        "weightedAverageShsOut": 7083000,
        "weightedAverageShsOutDil": 7083000,
        "link": "https://www.sec.gov/Archives/edgar/data/1036848/000103684817000047/0001036848-17-000047-index.html",
        "finalLink": "https://www.sec.gov/Archives/edgar/data/1036848/000103684817000047/acy3q2017.htm"
    },
    {
        "date": "2017-06-30",
        "symbol": "ACY",
        "reportedCurrency": "USD",
        "cik": "0001036848",
        "fillingDate": "2017-08-11",
        "acceptedDate": "2017-08-11 13:01:40",
        "calendarYear": "2017",
        "period": "Q2",
        "revenue": 8228000,
        "costOfRevenue": 405300,
        "grossProfit": 7823000,
        "grossProfitRatio": 0.9507778318,
        "researchAndDevelopmentExpenses": 0,
        "generalAndAdministrativeExpenses": 1974000,
        "sellingAndMarketingExpenses": 0,
        "sellingGeneralAndAdministrativeExpenses": 1974000,
        "otherExpenses": 3371000,
        "operatingExpenses": 5345000,
        "costAndExpenses": 5750000,
        "interestIncome": 0,
        "interestExpense": 1743000,
        "depreciationAndAmortization": 2943000,
        "ebitda": 5225000,
        "ebitdaratio": 0.635026738,
        "operatingIncome": 2736000,
        "operatingIncomeRatio": 0.3325230919,
        "totalOtherIncomeExpensesNet": -2197000,
        "incomeBeforeTax": 539200,
        "incomeBeforeTaxRatio": 0.0655323286,
        "incomeTaxExpense": 183500,
        "netIncome": 355700,
        "netIncomeRatio": 0.0432304327,
        "eps": 0.0502,
        "epsdiluted": 0.0502,
        "weightedAverageShsOut": 7083000,
        "weightedAverageShsOutDil": 7083000,
        "link": "https://www.sec.gov/Archives/edgar/data/1036848/000103684817000035/0001036848-17-000035-index.html",
        "finalLink": "https://www.sec.gov/Archives/edgar/data/1036848/000103684817000035/acy2q201710q.htm"
    },
    {
        "date": "2017-03-31",
        "symbol": "ACY",
        "reportedCurrency": "USD",
        "cik": "0001036848",
        "fillingDate": "2017-05-11",
        "acceptedDate": "2017-05-11 13:40:08",
        "calendarYear": "2017",
        "period": "Q1",
        "revenue": 7940000,
        "costOfRevenue": 256100,
        "grossProfit": 7684000,
        "grossProfitRatio": 0.9677581864,
        "researchAndDevelopmentExpenses": 0,
        "generalAndAdministrativeExpenses": 2086000,
        "sellingAndMarketingExpenses": 0,
        "sellingGeneralAndAdministrativeExpenses": 2086000,
        "otherExpenses": 3215000,
        "operatingExpenses": 5301000,
        "costAndExpenses": 5557000,
        "interestIncome": 0,
        "interestExpense": 1610000,
        "depreciationAndAmortization": 2936000,
        "ebitda": 5589000,
        "ebitdaratio": 0.7039042821,
        "operatingIncome": 2653000,
        "operatingIncomeRatio": 0.3341309824,
        "totalOtherIncomeExpensesNet": -1610000,
        "incomeBeforeTax": 1043000,
        "incomeBeforeTaxRatio": 0.1313602015,
        "incomeTaxExpense": 401100,
        "netIncome": 641500,
        "netIncomeRatio": 0.0807934509,
        "eps": 0.0828,
        "epsdiluted": 0.0828,
        "weightedAverageShsOut": 7750000,
        "weightedAverageShsOutDil": 7750000,
        "link": "https://www.sec.gov/Archives/edgar/data/1036848/000103684817000017/0001036848-17-000017-index.html",
        "finalLink": "https://www.sec.gov/Archives/edgar/data/1036848/000103684817000017/acy10q1stq2017.htm"
    },
    {
        "date": "2016-12-31",
        "symbol": "ACY",
        "reportedCurrency": "USD",
        "cik": "0001036848",
        "fillingDate": "2017-03-09",
        "acceptedDate": "2017-03-09 14:49:56",
        "calendarYear": "2016",
        "period": "Q4",
        "revenue": 7710000,
        "costOfRevenue": 714100,
        "grossProfit": 6996000,
        "grossProfitRatio": 0.9073929961,
        "researchAndDevelopmentExpenses": 0,
        "generalAndAdministrativeExpenses": 2012000,
        "sellingAndMarketingExpenses": 0,
        "sellingGeneralAndAdministrativeExpenses": 2012000,
        "otherExpenses": 3226000,
        "operatingExpenses": 5238000,
        "costAndExpenses": 5952000,
        "interestIncome": 0,
        "interestExpense": 1573000,
        "depreciationAndAmortization": 2857000,
        "ebitda": 4438000,
        "ebitdaratio": 0.575616083,
        "operatingIncome": 2488000,
        "operatingIncomeRatio": 0.3226977951,
        "totalOtherIncomeExpensesNet": -2479000,
        "incomeBeforeTax": 8500,
        "incomeBeforeTaxRatio": 0.0011024643,
        "incomeTaxExpense": 48800,
        "netIncome": -40300,
        "netIncomeRatio": -0.005226978,
        "eps": -0.0051,
        "epsdiluted": -0.0051,
        "weightedAverageShsOut": 7833000,
        "weightedAverageShsOutDil": 7833000,
        "link": "https://www.sec.gov/Archives/edgar/data/1036848/000103684817000007/0001036848-17-000007-index.html",
        "finalLink": "https://www.sec.gov/Archives/edgar/data/1036848/000103684817000007/acy10k12312016.htm"
    },
    {
        "date": "2016-09-30",
        "symbol": "ACY",
        "reportedCurrency": "USD",
        "cik": "0001036848",
        "fillingDate": "2016-11-10",
        "acceptedDate": "2016-11-10 14:57:22",
        "calendarYear": "2016",
        "period": "Q3",
        "revenue": 7441000,
        "costOfRevenue": 750700,
        "grossProfit": 6690000,
        "grossProfitRatio": 0.8990727053,
        "researchAndDevelopmentExpenses": 0,
        "generalAndAdministrativeExpenses": 1613000,
        "sellingAndMarketingExpenses": 0,
        "sellingGeneralAndAdministrativeExpenses": 1613000,
        "otherExpenses": 3106000,
        "operatingExpenses": 4718000,
        "costAndExpenses": 5469000,
        "interestIncome": 0,
        "interestExpense": 1339000,
        "depreciationAndAmortization": 2333000,
        "ebitda": 4485000,
        "ebitdaratio": 0.602741567,
        "operatingIncome": 2153000,
        "operatingIncomeRatio": 0.2893428303,
        "totalOtherIncomeExpensesNet": -1338000,
        "incomeBeforeTax": 814100,
        "incomeBeforeTaxRatio": 0.1094073377,
        "incomeTaxExpense": 284400,
        "netIncome": 529700,
        "netIncomeRatio": 0.0711866685,
        "eps": 0.0676,
        "epsdiluted": 0.0676,
        "weightedAverageShsOut": 7833000,
        "weightedAverageShsOutDil": 7833000,
        "link": "https://www.sec.gov/Archives/edgar/data/1036848/000103684816000121/0001036848-16-000121-index.html",
        "finalLink": "https://www.sec.gov/Archives/edgar/data/1036848/000103684816000121/acy3q1610q.htm"
    },
    {
        "date": "2016-06-30",
        "symbol": "ACY",
        "reportedCurrency": "USD",
        "cik": "0001036848",
        "fillingDate": "2016-08-11",
        "acceptedDate": "2016-08-11 16:27:02",
        "calendarYear": "2016",
        "period": "Q2",
        "revenue": 5164000,
        "costOfRevenue": 1501000,
        "grossProfit": 3663000,
        "grossProfitRatio": 0.7093338497,
        "researchAndDevelopmentExpenses": 0,
        "generalAndAdministrativeExpenses": 1804000,
        "sellingAndMarketingExpenses": 0,
        "sellingGeneralAndAdministrativeExpenses": 1804000,
        "otherExpenses": 3395000,
        "operatingExpenses": 5198000,
        "costAndExpenses": 6700000,
        "interestIncome": 0,
        "interestExpense": 1139000,
        "depreciationAndAmortization": 1871000,
        "ebitda": 3475000,
        "ebitdaratio": 0.6729279628,
        "operatingIncome": 1850000,
        "operatingIncomeRatio": 0.3582494191,
        "totalOtherIncomeExpensesNet": -1385000,
        "incomeBeforeTax": 464700,
        "incomeBeforeTaxRatio": 0.0899883811,
        "incomeTaxExpense": 166100,
        "netIncome": 298600,
        "netIncomeRatio": 0.0578233927,
        "eps": 0.0381,
        "epsdiluted": 0.0381,
        "weightedAverageShsOut": 7833000,
        "weightedAverageShsOutDil": 7833000,
        "link": "https://www.sec.gov/Archives/edgar/data/1036848/000103684816000106/0001036848-16-000106-index.html",
        "finalLink": "https://www.sec.gov/Archives/edgar/data/1036848/000103684816000106/acy2q2016q.htm"
    },
    {
        "date": "2016-03-31",
        "symbol": "ACY",
        "reportedCurrency": "USD",
        "cik": "0001036848",
        "fillingDate": "2016-05-12",
        "acceptedDate": "2016-05-12 12:35:11",
        "calendarYear": "2016",
        "period": "Q1",
        "revenue": 6229000,
        "costOfRevenue": 319900,
        "grossProfit": 5910000,
        "grossProfitRatio": 0.9487879274,
        "researchAndDevelopmentExpenses": 0,
        "generalAndAdministrativeExpenses": 1765000,
        "sellingAndMarketingExpenses": 0,
        "sellingGeneralAndAdministrativeExpenses": 1765000,
        "otherExpenses": 2422000,
        "operatingExpenses": 4187000,
        "costAndExpenses": 4507000,
        "interestIncome": 0,
        "interestExpense": 1289000,
        "depreciationAndAmortization": 2080000,
        "ebitda": 4053000,
        "ebitdaratio": 0.6506662386,
        "operatingIncome": 1974000,
        "operatingIncomeRatio": 0.3169048001,
        "totalOtherIncomeExpensesNet": -1289000,
        "incomeBeforeTax": 684700,
        "incomeBeforeTaxRatio": 0.1099213357,
        "incomeTaxExpense": 251000,
        "netIncome": 433700,
        "netIncomeRatio": 0.0696259432,
        "eps": 0.0554,
        "epsdiluted": 0.0554,
        "weightedAverageShsOut": 7833000,
        "weightedAverageShsOutDil": 7833000,
        "link": "https://www.sec.gov/Archives/edgar/data/1036848/000103684816000099/0001036848-16-000099-index.html",
        "finalLink": "https://www.sec.gov/Archives/edgar/data/1036848/000103684816000099/acy10q1q2016.htm"
    },
    {
        "date": "2015-12-31",
        "symbol": "ACY",
        "reportedCurrency": "USD",
        "cik": "0001036848",
        "fillingDate": "2016-03-11",
        "acceptedDate": "2016-03-11 14:06:06",
        "calendarYear": "2015",
        "period": "Q4",
        "revenue": 11365000,
        "costOfRevenue": 1623000,
        "grossProfit": 9742000,
        "grossProfitRatio": 0.8571931368,
        "researchAndDevelopmentExpenses": 0,
        "generalAndAdministrativeExpenses": 1629000,
        "sellingAndMarketingExpenses": 0,
        "sellingGeneralAndAdministrativeExpenses": 1629000,
        "otherExpenses": 3776000,
        "operatingExpenses": 5406000,
        "costAndExpenses": 7029000,
        "interestIncome": 0,
        "interestExpense": 1336000,
        "depreciationAndAmortization": 2131000,
        "ebitda": 8337000,
        "ebitdaratio": 0.7335679718,
        "operatingIncome": 7341000,
        "operatingIncomeRatio": 0.6459304883,
        "totalOtherIncomeExpensesNet": -2471000,
        "incomeBeforeTax": 4870000,
        "incomeBeforeTaxRatio": 0.428508579,
        "incomeTaxExpense": 1795000,
        "netIncome": 3075000,
        "netIncomeRatio": 0.2705675319,
        "eps": 0.4,
        "epsdiluted": 0.4,
        "weightedAverageShsOut": 7716000,
        "weightedAverageShsOutDil": 7737000,
        "link": "https://www.sec.gov/Archives/edgar/data/1036848/000103684816000082/0001036848-16-000082-index.html",
        "finalLink": "https://www.sec.gov/Archives/edgar/data/1036848/000103684816000082/acy201510k.htm"
    },
    {
        "date": "2015-09-30",
        "symbol": "ACY",
        "reportedCurrency": "USD",
        "cik": "0001036848",
        "fillingDate": "2015-11-12",
        "acceptedDate": "2015-11-12 13:02:47",
        "calendarYear": "2015",
        "period": "Q3",
        "revenue": 6511000,
        "costOfRevenue": 197300,
        "grossProfit": 6314000,
        "grossProfitRatio": 0.969743511,
        "researchAndDevelopmentExpenses": 0,
        "generalAndAdministrativeExpenses": 1891000,
        "sellingAndMarketingExpenses": 0,
        "sellingGeneralAndAdministrativeExpenses": 1891000,
        "otherExpenses": 2528000,
        "operatingExpenses": 4419000,
        "costAndExpenses": 4617000,
        "interestIncome": 0,
        "interestExpense": 1459000,
        "depreciationAndAmortization": 2282000,
        "ebitda": 5654000,
        "ebitdaratio": 0.8683765935,
        "operatingIncome": 3372000,
        "operatingIncomeRatio": 0.5178927968,
        "totalOtherIncomeExpensesNet": -1459000,
        "incomeBeforeTax": 1913000,
        "incomeBeforeTaxRatio": 0.2938104746,
        "incomeTaxExpense": 658200,
        "netIncome": 1255000,
        "netIncomeRatio": 0.1927507295,
        "eps": 0.16,
        "epsdiluted": 0.16,
        "weightedAverageShsOut": 7716000,
        "weightedAverageShsOutDil": 7742000,
        "link": "https://www.sec.gov/Archives/edgar/data/1036848/000103684815000070/0001036848-15-000070-index.html",
        "finalLink": "https://www.sec.gov/Archives/edgar/data/1036848/000103684815000070/acy2015.htm"
    },
    {
        "date": "2015-06-30",
        "symbol": "ACY",
        "reportedCurrency": "USD",
        "cik": "0001036848",
        "fillingDate": "2015-08-14",
        "acceptedDate": "2015-08-14 15:18:10",
        "calendarYear": "2015",
        "period": "Q2",
        "revenue": 6594000,
        "costOfRevenue": 1458000,
        "grossProfit": 5136000,
        "grossProfitRatio": 0.7788898999,
        "researchAndDevelopmentExpenses": 0,
        "generalAndAdministrativeExpenses": 1829000,
        "sellingAndMarketingExpenses": 0,
        "sellingGeneralAndAdministrativeExpenses": 1829000,
        "otherExpenses": 3838000,
        "operatingExpenses": 5667000,
        "costAndExpenses": 7125000,
        "interestIncome": 0,
        "interestExpense": 1468000,
        "depreciationAndAmortization": 2322000,
        "ebitda": 5876000,
        "ebitdaratio": 0.8911131332,
        "operatingIncome": 3701000,
        "operatingIncomeRatio": 0.5612678192,
        "totalOtherIncomeExpensesNet": -1616000,
        "incomeBeforeTax": 2086000,
        "incomeBeforeTaxRatio": 0.3163481953,
        "incomeTaxExpense": 730200,
        "netIncome": 1355000,
        "netIncomeRatio": 0.2054898392,
        "eps": 0.18,
        "epsdiluted": 0.17,
        "weightedAverageShsOut": 7716000,
        "weightedAverageShsOutDil": 7775000,
        "link": "https://www.sec.gov/Archives/edgar/data/1036848/000103684815000058/0001036848-15-000058-index.html",
        "finalLink": "https://www.sec.gov/Archives/edgar/data/1036848/000103684815000058/acy10q2015.htm"
    },
    {
        "date": "2015-03-31",
        "symbol": "ACY",
        "reportedCurrency": "USD",
        "cik": "0001036848",
        "fillingDate": "2015-05-12",
        "acceptedDate": "2015-05-12 15:08:41",
        "calendarYear": "2015",
        "period": "Q1",
        "revenue": 6765000,
        "costOfRevenue": 1382000,
        "grossProfit": 5383000,
        "grossProfitRatio": 0.7957132299,
        "researchAndDevelopmentExpenses": 0,
        "generalAndAdministrativeExpenses": 1844000,
        "sellingAndMarketingExpenses": 0,
        "sellingGeneralAndAdministrativeExpenses": 1844000,
        "otherExpenses": 3768000,
        "operatingExpenses": 5611000,
        "costAndExpenses": 6993000,
        "interestIncome": 0,
        "interestExpense": 1878000,
        "depreciationAndAmortization": 2328000,
        "ebitda": 5358000,
        "ebitdaratio": 0.7920177384,
        "operatingIncome": 3031000,
        "operatingIncomeRatio": 0.4480413895,
        "totalOtherIncomeExpensesNet": -1878000,
        "incomeBeforeTax": 1152000,
        "incomeBeforeTaxRatio": 0.1702882483,
        "incomeTaxExpense": 400000,
        "netIncome": 752200,
        "netIncomeRatio": 0.1111899483,
        "eps": 0.0975,
        "epsdiluted": 0.0969,
        "weightedAverageShsOut": 7716000,
        "weightedAverageShsOutDil": 7764000,
        "link": "https://www.sec.gov/Archives/edgar/data/1036848/000103684815000047/0001036848-15-000047-index.html",
        "finalLink": "https://www.sec.gov/Archives/edgar/data/1036848/000103684815000047/acy1q2015form10q.htm"
    },
    {
        "date": "2014-12-31",
        "symbol": "ACY",
        "reportedCurrency": "USD",
        "cik": "0001036848",
        "fillingDate": "2015-03-12",
        "acceptedDate": "2015-03-12 14:33:59",
        "calendarYear": "2014",
        "period": "Q4",
        "revenue": 5915000,
        "costOfRevenue": 1659000,
        "grossProfit": 4256000,
        "grossProfitRatio": 0.7195266272,
        "researchAndDevelopmentExpenses": 0,
        "generalAndAdministrativeExpenses": 452000,
        "sellingAndMarketingExpenses": 0,
        "sellingGeneralAndAdministrativeExpenses": 452000,
        "otherExpenses": 3405000,
        "operatingExpenses": 3857000,
        "costAndExpenses": 5516000,
        "interestIncome": 0,
        "interestExpense": 1341000,
        "depreciationAndAmortization": 1689000,
        "ebitda": 3813000,
        "ebitdaratio": 0.6446322908,
        "operatingIncome": 2341000,
        "operatingIncomeRatio": 0.3957734573,
        "totalOtherIncomeExpensesNet": -1559000,
        "incomeBeforeTax": 782400,
        "incomeBeforeTaxRatio": 0.13227388,
        "incomeTaxExpense": 278600,
        "netIncome": 503800,
        "netIncomeRatio": 0.0851732883,
        "eps": 0.0653,
        "epsdiluted": 0.0649,
        "weightedAverageShsOut": 7716000,
        "weightedAverageShsOutDil": 7763000,
        "link": "https://www.sec.gov/Archives/edgar/data/1036848/000103684815000007/0001036848-15-000007-index.htm",
        "finalLink": "https://www.sec.gov/Archives/edgar/data/1036848/000103684815000007/acy10k2014.htm"
    },
    {
        "date": "2014-09-30",
        "symbol": "ACY",
        "reportedCurrency": "USD",
        "cik": "0001036848",
        "fillingDate": "2014-11-14",
        "acceptedDate": "2014-11-14 12:39:02",
        "calendarYear": "2014",
        "period": "Q3",
        "revenue": 4815000,
        "costOfRevenue": 2173000,
        "grossProfit": 2642000,
        "grossProfitRatio": 0.548701973,
        "researchAndDevelopmentExpenses": 0,
        "generalAndAdministrativeExpenses": 1979000,
        "sellingAndMarketingExpenses": 0,
        "sellingGeneralAndAdministrativeExpenses": 1979000,
        "otherExpenses": 4267000,
        "operatingExpenses": 6246000,
        "costAndExpenses": 8419000,
        "interestIncome": 0,
        "interestExpense": 1225000,
        "depreciationAndAmortization": 1732000,
        "ebitda": -9608000,
        "ebitdaratio": -1.995430945,
        "operatingIncome": -1431000,
        "operatingIncomeRatio": -0.2971962617,
        "totalOtherIncomeExpensesNet": -11134000,
        "incomeBeforeTax": -12564000,
        "incomeBeforeTaxRatio": -2.6093457944,
        "incomeTaxExpense": -4317000,
        "netIncome": -8247000,
        "netIncomeRatio": -1.7127725857,
        "eps": -1.07,
        "epsdiluted": -1.07,
        "weightedAverageShsOut": 7716000,
        "weightedAverageShsOutDil": 7716000,
        "link": "https://www.sec.gov/Archives/edgar/data/1036848/000103684814000031/0001036848-14-000031-index.html",
        "finalLink": "https://www.sec.gov/Archives/edgar/data/1036848/000103684814000031/acy10q93014.htm"
    },
    {
        "date": "2014-06-30",
        "symbol": "ACY",
        "reportedCurrency": "USD",
        "cik": "0001036848",
        "fillingDate": "2014-08-13",
        "acceptedDate": "2014-08-13 14:39:46",
        "calendarYear": "2014",
        "period": "Q2",
        "revenue": 7050000,
        "costOfRevenue": 1302000,
        "grossProfit": 5748000,
        "grossProfitRatio": 0.8153191489,
        "researchAndDevelopmentExpenses": 0,
        "generalAndAdministrativeExpenses": 2469000,
        "sellingAndMarketingExpenses": 0,
        "sellingGeneralAndAdministrativeExpenses": 2469000,
        "otherExpenses": 3337000,
        "operatingExpenses": 5806000,
        "costAndExpenses": 7109000,
        "interestIncome": 0,
        "interestExpense": 1261000,
        "depreciationAndAmortization": 2013000,
        "ebitda": -2714000,
        "ebitdaratio": -0.384964539,
        "operatingIncome": 2073000,
        "operatingIncomeRatio": 0.2940425532,
        "totalOtherIncomeExpensesNet": -8061000,
        "incomeBeforeTax": -5988000,
        "incomeBeforeTaxRatio": -0.8493617021,
        "incomeTaxExpense": -2068000,
        "netIncome": -3920000,
        "netIncomeRatio": -0.5560283688,
        "eps": -0.51,
        "epsdiluted": -0.51,
        "weightedAverageShsOut": 7716000,
        "weightedAverageShsOutDil": 7716000,
        "link": "https://www.sec.gov/Archives/edgar/data/1036848/000103684814000022/0001036848-14-000022-index.html",
        "finalLink": "https://www.sec.gov/Archives/edgar/data/1036848/000103684814000022/acy2q201410q.htm"
    },
    {
        "date": "2014-03-31",
        "symbol": "ACY",
        "reportedCurrency": "USD",
        "cik": "0001036848",
        "fillingDate": "2014-05-15",
        "acceptedDate": "2014-05-15 12:15:54",
        "calendarYear": "2014",
        "period": "Q1",
        "revenue": 7527000,
        "costOfRevenue": 2344000,
        "grossProfit": 5182000,
        "grossProfitRatio": 0.6884548957,
        "researchAndDevelopmentExpenses": 0,
        "generalAndAdministrativeExpenses": 1939000,
        "sellingAndMarketingExpenses": 0,
        "sellingGeneralAndAdministrativeExpenses": 1939000,
        "otherExpenses": 4233000,
        "operatingExpenses": 6172000,
        "costAndExpenses": 8516000,
        "interestIncome": 0,
        "interestExpense": 1307000,
        "depreciationAndAmortization": 1866000,
        "ebitda": 3697000,
        "ebitdaratio": 0.4911651388,
        "operatingIncome": 1831000,
        "operatingIncomeRatio": 0.243257606,
        "totalOtherIncomeExpensesNet": -1307000,
        "incomeBeforeTax": 524200,
        "incomeBeforeTaxRatio": 0.0696426199,
        "incomeTaxExpense": 154500,
        "netIncome": 369700,
        "netIncomeRatio": 0.0491165139,
        "eps": 0.0479,
        "epsdiluted": 0.0467,
        "weightedAverageShsOut": 7716000,
        "weightedAverageShsOutDil": 7915000,
        "link": "https://www.sec.gov/Archives/edgar/data/1036848/000103684814000014/0001036848-14-000014-index.html",
        "finalLink": "https://www.sec.gov/Archives/edgar/data/1036848/000103684814000014/acy10qmarch312014.htm"
    },
    {
        "date": "2013-12-31",
        "symbol": "ACY",
        "reportedCurrency": "USD",
        "cik": "0001036848",
        "fillingDate": "2014-03-12",
        "acceptedDate": "2014-03-12 13:49:30",
        "calendarYear": "2013",
        "period": "Q4",
        "revenue": 5471000,
        "costOfRevenue": 2525000,
        "grossProfit": 2946000,
        "grossProfitRatio": 0.5384755986,
        "researchAndDevelopmentExpenses": 0,
        "generalAndAdministrativeExpenses": 2056000,
        "sellingAndMarketingExpenses": 0,
        "sellingGeneralAndAdministrativeExpenses": 2056000,
        "otherExpenses": 4588000,
        "operatingExpenses": 6644000,
        "costAndExpenses": 9169000,
        "interestIncome": 0,
        "interestExpense": 1041000,
        "depreciationAndAmortization": 1973000,
        "ebitda": 892000,
        "ebitdaratio": 0.1630414915,
        "operatingIncome": -2122000,
        "operatingIncomeRatio": -0.3878632791,
        "totalOtherIncomeExpensesNet": 500,
        "incomeBeforeTax": -2121000,
        "incomeBeforeTaxRatio": -0.3876804972,
        "incomeTaxExpense": -726000,
        "netIncome": -1396000,
        "netIncomeRatio": -0.2551635898,
        "eps": -0.18,
        "epsdiluted": -0.18,
        "weightedAverageShsOut": 7716000,
        "weightedAverageShsOutDil": 7716000,
        "link": "https://www.sec.gov/Archives/edgar/data/1036848/000103684814000002/0001036848-14-000002-index.htm",
        "finalLink": "https://www.sec.gov/Archives/edgar/data/1036848/000103684814000002/acy10112312013.htm"
    },
    {
        "date": "2013-09-30",
        "symbol": "ACY",
        "reportedCurrency": "USD",
        "cik": "0001036848",
        "fillingDate": "2013-11-08",
        "acceptedDate": "2013-11-08 14:42:31",
        "calendarYear": "2013",
        "period": "Q3",
        "revenue": 4925000,
        "costOfRevenue": 2451000,
        "grossProfit": 2474000,
        "grossProfitRatio": 0.5023350254,
        "researchAndDevelopmentExpenses": 0,
        "generalAndAdministrativeExpenses": 1609000,
        "sellingAndMarketingExpenses": 0,
        "sellingGeneralAndAdministrativeExpenses": 1609000,
        "otherExpenses": 4241000,
        "operatingExpenses": 5851000,
        "costAndExpenses": 8302000,
        "interestIncome": 0,
        "interestExpense": 966200,
        "depreciationAndAmortization": 1790000,
        "ebitda": 2530000,
        "ebitdaratio": 0.5137055838,
        "operatingIncome": 739900,
        "operatingIncomeRatio": 0.1502335025,
        "totalOtherIncomeExpensesNet": -966000,
        "incomeBeforeTax": -226000,
        "incomeBeforeTaxRatio": -0.0458883249,
        "incomeTaxExpense": 114300,
        "netIncome": -341000,
        "netIncomeRatio": -0.0692385787,
        "eps": -0.0441,
        "epsdiluted": -0.0441,
        "weightedAverageShsOut": 7716000,
        "weightedAverageShsOutDil": 7716000,
        "link": "https://www.sec.gov/Archives/edgar/data/1036848/000103684813000036/0001036848-13-000036-index.html",
        "finalLink": "https://www.sec.gov/Archives/edgar/data/1036848/000103684813000036/acy10q3q2013.htm"
    },
    {
        "date": "2013-06-30",
        "symbol": "ACY",
        "reportedCurrency": "USD",
        "cik": "0001036848",
        "fillingDate": "2013-08-07",
        "acceptedDate": "2013-08-07 13:03:51",
        "calendarYear": "2013",
        "period": "Q2",
        "revenue": 5242000,
        "costOfRevenue": 1384000,
        "grossProfit": 3859000,
        "grossProfitRatio": 0.736169401,
        "researchAndDevelopmentExpenses": 0,
        "generalAndAdministrativeExpenses": 1690000,
        "sellingAndMarketingExpenses": 0,
        "sellingGeneralAndAdministrativeExpenses": 1690000,
        "otherExpenses": 3187000,
        "operatingExpenses": 4877000,
        "costAndExpenses": 6261000,
        "interestIncome": 0,
        "interestExpense": 1003000,
        "depreciationAndAmortization": 1803000,
        "ebitda": 4169000,
        "ebitdaratio": 0.7953071347,
        "operatingIncome": 2366000,
        "operatingIncomeRatio": 0.4513544449,
        "totalOtherIncomeExpensesNet": -1002000,
        "incomeBeforeTax": 1363000,
        "incomeBeforeTaxRatio": 0.2600152614,
        "incomeTaxExpense": 461600,
        "netIncome": 901700,
        "netIncomeRatio": 0.1720144983,
        "eps": 0.12,
        "epsdiluted": 0.11,
        "weightedAverageShsOut": 7716000,
        "weightedAverageShsOutDil": 7942000,
        "link": "https://www.sec.gov/Archives/edgar/data/1036848/000103684813000028/0001036848-13-000028-index.html",
        "finalLink": "https://www.sec.gov/Archives/edgar/data/1036848/000103684813000028/acy6302012q.htm"
    },
    {
        "date": "2013-03-31",
        "symbol": "ACY",
        "reportedCurrency": "USD",
        "cik": "0001036848",
        "fillingDate": "2013-05-14",
        "acceptedDate": "2013-05-14 12:49:48",
        "calendarYear": "2013",
        "period": "Q1",
        "revenue": 12035000,
        "costOfRevenue": 2405000,
        "grossProfit": 9629000,
        "grossProfitRatio": 0.800083091,
        "researchAndDevelopmentExpenses": 0,
        "generalAndAdministrativeExpenses": 1673000,
        "sellingAndMarketingExpenses": 0,
        "sellingGeneralAndAdministrativeExpenses": 1673000,
        "otherExpenses": 4174000,
        "operatingExpenses": 5847000,
        "costAndExpenses": 8252000,
        "interestIncome": 0,
        "interestExpense": 1066000,
        "depreciationAndAmortization": 1746000,
        "ebitda": 8702000,
        "ebitdaratio": 0.7230577482,
        "operatingIncome": 6956000,
        "operatingIncomeRatio": 0.5779808891,
        "totalOtherIncomeExpensesNet": -1066000,
        "incomeBeforeTax": 5891000,
        "incomeBeforeTaxRatio": 0.4894889904,
        "incomeTaxExpense": 1838000,
        "netIncome": 4052000,
        "netIncomeRatio": 0.3366846697,
        "eps": 0.53,
        "epsdiluted": 0.51,
        "weightedAverageShsOut": 7716000,
        "weightedAverageShsOutDil": 7912000,
        "link": "https://www.sec.gov/Archives/edgar/data/1036848/000103684813000018/0001036848-13-000018-index.html",
        "finalLink": "https://www.sec.gov/Archives/edgar/data/1036848/000103684813000018/acy10qmarch312013.htm"
    },
    {
        "date": "2012-12-31",
        "symbol": "ACY",
        "reportedCurrency": "USD",
        "cik": "0001036848",
        "fillingDate": "2013-03-14",
        "acceptedDate": "2013-03-14 13:31:45",
        "calendarYear": "2012",
        "period": "Q4",
        "revenue": 6392000,
        "costOfRevenue": 907600,
        "grossProfit": 5484000,
        "grossProfitRatio": 0.8579474343,
        "researchAndDevelopmentExpenses": 0,
        "generalAndAdministrativeExpenses": 1871000,
        "sellingAndMarketingExpenses": 0,
        "sellingGeneralAndAdministrativeExpenses": 1871000,
        "otherExpenses": 5463000,
        "operatingExpenses": 7334000,
        "costAndExpenses": 4160000,
        "interestIncome": 0,
        "interestExpense": 1168000,
        "depreciationAndAmortization": 1601000,
        "ebitda": 5430000,
        "ebitdaratio": 0.8494993742,
        "operatingIncome": 3829000,
        "operatingIncomeRatio": 0.5990300375,
        "totalOtherIncomeExpensesNet": -1168000,
        "incomeBeforeTax": 2661000,
        "incomeBeforeTaxRatio": 0.416301627,
        "incomeTaxExpense": 870600,
        "netIncome": 1791000,
        "netIncomeRatio": 0.2801939925,
        "eps": 0.23,
        "epsdiluted": 0.23,
        "weightedAverageShsOut": 7716000,
        "weightedAverageShsOutDil": 7912000,
        "link": "https://www.sec.gov/Archives/edgar/data/1036848/000103684813000005/0001036848-13-000005-index.html",
        "finalLink": "https://www.sec.gov/Archives/edgar/data/1036848/000103684813000005/acy201210k.htm"
    },
    {
        "date": "2012-09-30",
        "symbol": "ACY",
        "reportedCurrency": "USD",
        "cik": "0001036848",
        "fillingDate": "2012-11-14",
        "acceptedDate": "2012-11-14 13:02:00",
        "calendarYear": "2012",
        "period": "Q3",
        "revenue": 7083000,
        "costOfRevenue": 807400,
        "grossProfit": 6276000,
        "grossProfitRatio": 0.8860652266,
        "researchAndDevelopmentExpenses": 0,
        "generalAndAdministrativeExpenses": 1734000,
        "sellingAndMarketingExpenses": 0,
        "sellingGeneralAndAdministrativeExpenses": 1734000,
        "otherExpenses": 1546000,
        "operatingExpenses": 3280000,
        "costAndExpenses": 4088000,
        "interestIncome": 0,
        "interestExpense": 1234000,
        "depreciationAndAmortization": 1546000,
        "ebitda": 4542000,
        "ebitdaratio": 0.6412537061,
        "operatingIncome": 2995000,
        "operatingIncomeRatio": 0.4228434279,
        "totalOtherIncomeExpensesNet": -1234000,
        "incomeBeforeTax": 1762000,
        "incomeBeforeTaxRatio": 0.2487646477,
        "incomeTaxExpense": 648600,
        "netIncome": 1113000,
        "netIncomeRatio": 0.1571368064,
        "eps": 0.14,
        "epsdiluted": 0.14,
        "weightedAverageShsOut": 7716000,
        "weightedAverageShsOutDil": 7825000,
        "link": "https://www.sec.gov/Archives/edgar/data/1036848/000103684812000033/0001036848-12-000033-index.html",
        "finalLink": "https://www.sec.gov/Archives/edgar/data/1036848/000103684812000033/acy10a09302012.htm"
    },
    {
        "date": "2012-06-30",
        "symbol": "ACY",
        "reportedCurrency": "USD",
        "cik": "0001036848",
        "fillingDate": "2012-08-10",
        "acceptedDate": "2012-08-10 13:23:11",
        "calendarYear": "2012",
        "period": "Q2",
        "revenue": 7503000,
        "costOfRevenue": 1613000,
        "grossProfit": 5891000,
        "grossProfitRatio": 0.7851526056,
        "researchAndDevelopmentExpenses": 0,
        "generalAndAdministrativeExpenses": 1487000,
        "sellingAndMarketingExpenses": 0,
        "sellingGeneralAndAdministrativeExpenses": 1487000,
        "otherExpenses": 1803000,
        "operatingExpenses": 3290000,
        "costAndExpenses": 4903000,
        "interestIncome": 0,
        "interestExpense": 1153000,
        "depreciationAndAmortization": 1493000,
        "ebitda": 4093000,
        "ebitdaratio": 0.5455151273,
        "operatingIncome": 2600000,
        "operatingIncomeRatio": 0.3465280554,
        "totalOtherIncomeExpensesNet": -1153000,
        "incomeBeforeTax": 1447000,
        "incomeBeforeTaxRatio": 0.1928561909,
        "incomeTaxExpense": 486700,
        "netIncome": 960500,
        "netIncomeRatio": 0.1280154605,
        "eps": 0.12,
        "epsdiluted": 0.12,
        "weightedAverageShsOut": 7716000,
        "weightedAverageShsOutDil": 7818000,
        "link": "https://www.sec.gov/Archives/edgar/data/1036848/000103684812000023/0001036848-12-000023-index.html",
        "finalLink": "https://www.sec.gov/Archives/edgar/data/1036848/000103684812000023/aerocentury10q2dq2012.htm"
    },
    {
        "date": "2012-03-31",
        "symbol": "ACY",
        "reportedCurrency": "USD",
        "cik": "0001036848",
        "fillingDate": "2012-05-11",
        "acceptedDate": "2012-05-11 12:12:34",
        "calendarYear": "2012",
        "period": "Q1",
        "revenue": 6783000,
        "costOfRevenue": 754500,
        "grossProfit": 6029000,
        "grossProfitRatio": 0.8888397464,
        "researchAndDevelopmentExpenses": 0,
        "generalAndAdministrativeExpenses": 1431000,
        "sellingAndMarketingExpenses": 0,
        "sellingGeneralAndAdministrativeExpenses": 1431000,
        "otherExpenses": 1509000,
        "operatingExpenses": 2940000,
        "costAndExpenses": 3695000,
        "interestIncome": 0,
        "interestExpense": 1072000,
        "depreciationAndAmortization": 1487000,
        "ebitda": 4576000,
        "ebitdaratio": 0.6746277458,
        "operatingIncome": 2017000,
        "operatingIncomeRatio": 0.2973610497,
        "totalOtherIncomeExpensesNet": 0,
        "incomeBeforeTax": 2017000,
        "incomeBeforeTaxRatio": 0.2973610497,
        "incomeTaxExpense": 691800,
        "netIncome": 1325000,
        "netIncomeRatio": 0.1953412944,
        "eps": 0.17,
        "epsdiluted": 0.17,
        "weightedAverageShsOut": 7716000,
        "weightedAverageShsOutDil": 7754000,
        "link": "https://www.sec.gov/Archives/edgar/data/1036848/000103684812000020/0001036848-12-000020-index.htm",
        "finalLink": "https://www.sec.gov/Archives/edgar/data/1036848/000103684812000006/acy10kdec312011.htm"
    },
    {
        "date": "2011-12-31",
        "symbol": "ACY",
        "reportedCurrency": "USD",
        "cik": "0001036848",
        "fillingDate": "2011-12-31",
        "acceptedDate": "2011-12-30 19:00:00",
        "calendarYear": "2011",
        "period": "Q4",
        "revenue": 6702000,
        "costOfRevenue": 704700,
        "grossProfit": 5997000,
        "grossProfitRatio": 0.8948075201,
        "researchAndDevelopmentExpenses": 0,
        "generalAndAdministrativeExpenses": 1290000,
        "sellingAndMarketingExpenses": 0,
        "sellingGeneralAndAdministrativeExpenses": 1290000,
        "otherExpenses": 1583000,
        "operatingExpenses": 2872000,
        "costAndExpenses": 3577000,
        "interestIncome": 0,
        "interestExpense": 1024000,
        "depreciationAndAmortization": 1492000,
        "ebitda": 4617000,
        "ebitdaratio": 0.6888988362,
        "operatingIncome": 3125000,
        "operatingIncomeRatio": 0.4662787228,
        "totalOtherIncomeExpensesNet": -1024000,
        "incomeBeforeTax": 2101000,
        "incomeBeforeTaxRatio": 0.3134885109,
        "incomeTaxExpense": 880400,
        "netIncome": 1220000,
        "netIncomeRatio": 0.1820352134,
        "eps": 0.16,
        "epsdiluted": 0.16,
        "weightedAverageShsOut": 7716000,
        "weightedAverageShsOutDil": 7754000,
        "link": "",
        "finalLink": ""
    },
    {
        "date": "2011-09-30",
        "symbol": "ACY",
        "reportedCurrency": "USD",
        "cik": "0001036848",
        "fillingDate": "2011-09-30",
        "acceptedDate": "2011-09-29 20:00:00",
        "calendarYear": "2011",
        "period": "Q3",
        "revenue": 6202000,
        "costOfRevenue": 2721000,
        "grossProfit": 3480000,
        "grossProfitRatio": 0.5611093196,
        "researchAndDevelopmentExpenses": 0,
        "generalAndAdministrativeExpenses": 1407000,
        "sellingAndMarketingExpenses": 0,
        "sellingGeneralAndAdministrativeExpenses": 1407000,
        "otherExpenses": 1445000,
        "operatingExpenses": 2852000,
        "costAndExpenses": 5573000,
        "interestIncome": 0,
        "interestExpense": 978000,
        "depreciationAndAmortization": 1445000,
        "ebitda": 2074000,
        "ebitdaratio": 0.3344082554,
        "operatingIncome": 628500,
        "operatingIncomeRatio": 0.101338278,
        "totalOtherIncomeExpensesNet": -978000,
        "incomeBeforeTax": -349000,
        "incomeBeforeTaxRatio": -0.0562721703,
        "incomeTaxExpense": -107000,
        "netIncome": -243000,
        "netIncomeRatio": -0.0391809094,
        "eps": -0.0315,
        "epsdiluted": -0.0315,
        "weightedAverageShsOut": 7716000,
        "weightedAverageShsOutDil": 7716000,
        "link": "",
        "finalLink": ""
    },
    {
        "date": "2011-06-30",
        "symbol": "ACY",
        "reportedCurrency": "USD",
        "cik": "0001036848",
        "fillingDate": "2011-06-30",
        "acceptedDate": "2011-06-29 20:00:00",
        "calendarYear": "2011",
        "period": "Q2",
        "revenue": 6755000,
        "costOfRevenue": 2940000,
        "grossProfit": 3816000,
        "grossProfitRatio": 0.5649148779,
        "researchAndDevelopmentExpenses": 0,
        "generalAndAdministrativeExpenses": 1650000,
        "sellingAndMarketingExpenses": 0,
        "sellingGeneralAndAdministrativeExpenses": 1650000,
        "otherExpenses": 1445000,
        "operatingExpenses": 3095000,
        "costAndExpenses": 6035000,
        "interestIncome": 0,
        "interestExpense": 965600,
        "depreciationAndAmortization": 1423000,
        "ebitda": 2143000,
        "ebitdaratio": 0.3172464841,
        "operatingIncome": 720500,
        "operatingIncomeRatio": 0.1066617321,
        "totalOtherIncomeExpensesNet": -966000,
        "incomeBeforeTax": -245000,
        "incomeBeforeTaxRatio": -0.0362694301,
        "incomeTaxExpense": -95800,
        "netIncome": -149000,
        "netIncomeRatio": -0.022057735,
        "eps": -0.0193,
        "epsdiluted": -0.0193,
        "weightedAverageShsOut": 7716000,
        "weightedAverageShsOutDil": 7716000,
        "link": "",
        "finalLink": ""
    },
    {
        "date": "2011-03-31",
        "symbol": "ACY",
        "reportedCurrency": "USD",
        "cik": "0001036848",
        "fillingDate": "2011-03-31",
        "acceptedDate": "2011-03-30 20:00:00",
        "calendarYear": "2011",
        "period": "Q1",
        "revenue": 4895000,
        "costOfRevenue": 4568000,
        "grossProfit": 326400,
        "grossProfitRatio": 0.066680286,
        "researchAndDevelopmentExpenses": 0,
        "generalAndAdministrativeExpenses": 1537000,
        "sellingAndMarketingExpenses": 0,
        "sellingGeneralAndAdministrativeExpenses": 1537000,
        "otherExpenses": 1261000,
        "operatingExpenses": 2798000,
        "costAndExpenses": 7366000,
        "interestIncome": 0,
        "interestExpense": 967100,
        "depreciationAndAmortization": 1239000,
        "ebitda": -1233000,
        "ebitdaratio": -0.2518896834,
        "operatingIncome": -2471000,
        "operatingIncomeRatio": -0.5048008172,
        "totalOtherIncomeExpensesNet": -967000,
        "incomeBeforeTax": -3439000,
        "incomeBeforeTaxRatio": -0.7025536261,
        "incomeTaxExpense": -1160000,
        "netIncome": -2279000,
        "netIncomeRatio": -0.4655771195,
        "eps": -0.3,
        "epsdiluted": -0.3,
        "weightedAverageShsOut": 7716000,
        "weightedAverageShsOutDil": 7716000,
        "link": "",
        "finalLink": ""
    },
    {
        "date": "2010-12-31",
        "symbol": "ACY",
        "reportedCurrency": "USD",
        "cik": "0001036848",
        "fillingDate": "2011-03-18",
        "acceptedDate": "2011-03-17 19:57:52",
        "calendarYear": "2010",
        "period": "Q4",
        "revenue": 5878000,
        "costOfRevenue": 3131000,
        "grossProfit": 2747000,
        "grossProfitRatio": 0.4673358285,
        "researchAndDevelopmentExpenses": 0,
        "generalAndAdministrativeExpenses": 1380000,
        "sellingAndMarketingExpenses": 0,
        "sellingGeneralAndAdministrativeExpenses": 1380000,
        "otherExpenses": 1903000,
        "operatingExpenses": 3284000,
        "costAndExpenses": 6415000,
        "interestIncome": 0,
        "interestExpense": 992600,
        "depreciationAndAmortization": 1880000,
        "ebitda": 1343000,
        "ebitdaratio": 0.2284790745,
        "operatingIncome": -536000,
        "operatingIncomeRatio": -0.0911874787,
        "totalOtherIncomeExpensesNet": -993000,
        "incomeBeforeTax": -1529000,
        "incomeBeforeTaxRatio": -0.2601224906,
        "incomeTaxExpense": -513000,
        "netIncome": -1016000,
        "netIncomeRatio": -0.1728479075,
        "eps": -0.13,
        "epsdiluted": -0.13,
        "weightedAverageShsOut": 7716000,
        "weightedAverageShsOutDil": 7716000,
        "link": "https://www.sec.gov/Archives/edgar/data/1036848/000103684811000020/0001036848-11-000020-index.htm",
        "finalLink": "https://www.sec.gov/Archives/edgar/data/1036848/000103684811000020/acy10k2010.htm"
    },
    {
        "date": "2010-09-30",
        "symbol": "ACY",
        "reportedCurrency": "USD",
        "cik": "0001036848",
        "fillingDate": "2010-11-12",
        "acceptedDate": "2010-11-12 15:11:58",
        "calendarYear": "2010",
        "period": "Q3",
        "revenue": 6927000,
        "costOfRevenue": 2256000,
        "grossProfit": 4670000,
        "grossProfitRatio": 0.6741735239,
        "researchAndDevelopmentExpenses": 0,
        "generalAndAdministrativeExpenses": 1322000,
        "sellingAndMarketingExpenses": 0,
        "sellingGeneralAndAdministrativeExpenses": 1322000,
        "otherExpenses": 1880000,
        "operatingExpenses": 3202000,
        "costAndExpenses": 5459000,
        "interestIncome": 0,
        "interestExpense": 1109000,
        "depreciationAndAmortization": 1858000,
        "ebitda": 3326000,
        "ebitdaratio": 0.4801501371,
        "operatingIncome": 1468000,
        "operatingIncomeRatio": 0.211924354,
        "totalOtherIncomeExpensesNet": -1109000,
        "incomeBeforeTax": 358800,
        "incomeBeforeTaxRatio": 0.0517973149,
        "incomeTaxExpense": 117800,
        "netIncome": 241000,
        "netIncomeRatio": 0.034791396,
        "eps": 0.0312,
        "epsdiluted": 0.0305,
        "weightedAverageShsOut": 7716000,
        "weightedAverageShsOutDil": 7912000,
        "link": "https://www.sec.gov/Archives/edgar/data/1036848/000103684810000034/0001036848-10-000034-index.html",
        "finalLink": "https://www.sec.gov/Archives/edgar/data/1036848/000103684810000034/acy3q201010q.htm"
    },
    {
        "date": "2010-06-30",
        "symbol": "ACY",
        "reportedCurrency": "USD",
        "cik": "0001036848",
        "fillingDate": "2010-08-12",
        "acceptedDate": "2010-08-12 17:18:11",
        "calendarYear": "2010",
        "period": "Q2",
        "revenue": 9050000,
        "costOfRevenue": 3690000,
        "grossProfit": 5360000,
        "grossProfitRatio": 0.5922651934,
        "researchAndDevelopmentExpenses": 0,
        "generalAndAdministrativeExpenses": 1288000,
        "sellingAndMarketingExpenses": 0,
        "sellingGeneralAndAdministrativeExpenses": 1288000,
        "otherExpenses": 2129000,
        "operatingExpenses": 3417000,
        "costAndExpenses": 7107000,
        "interestIncome": 0,
        "interestExpense": 1140000,
        "depreciationAndAmortization": 1822000,
        "ebitda": 3765000,
        "ebitdaratio": 0.4160220994,
        "operatingIncome": 1943000,
        "operatingIncomeRatio": 0.2146961326,
        "totalOtherIncomeExpensesNet": -1140000,
        "incomeBeforeTax": 803500,
        "incomeBeforeTaxRatio": 0.0887845304,
        "incomeTaxExpense": 275800,
        "netIncome": 527700,
        "netIncomeRatio": 0.0583093923,
        "eps": 0.0684,
        "epsdiluted": 0.0663,
        "weightedAverageShsOut": 7716000,
        "weightedAverageShsOutDil": 7954000,
        "link": "https://www.sec.gov/Archives/edgar/data/1036848/000103684810000026/0001036848-10-000026-index.html",
        "finalLink": "https://www.sec.gov/Archives/edgar/data/1036848/000103684810000026/acy10q2q2010.htm"
    },
    {
        "date": "2010-03-31",
        "symbol": "ACY",
        "reportedCurrency": "USD",
        "cik": "0001036848",
        "fillingDate": "2010-05-14",
        "acceptedDate": "2010-05-14 13:42:31",
        "calendarYear": "2010",
        "period": "Q1",
        "revenue": 8846000,
        "costOfRevenue": 1812000,
        "grossProfit": 7034000,
        "grossProfitRatio": 0.795161655,
        "researchAndDevelopmentExpenses": 0,
        "generalAndAdministrativeExpenses": 1227000,
        "sellingAndMarketingExpenses": 0,
        "sellingGeneralAndAdministrativeExpenses": 1227000,
        "otherExpenses": 1859000,
        "operatingExpenses": 3086000,
        "costAndExpenses": 4898000,
        "interestIncome": 0,
        "interestExpense": 1057000,
        "depreciationAndAmortization": 1836000,
        "ebitda": 5785000,
        "ebitdaratio": 0.6539678951,
        "operatingIncome": 3948000,
        "operatingIncomeRatio": 0.446303414,
        "totalOtherIncomeExpensesNet": -1057000,
        "incomeBeforeTax": 2891000,
        "incomeBeforeTaxRatio": 0.3268143794,
        "incomeTaxExpense": 995700,
        "netIncome": 1896000,
        "netIncomeRatio": 0.2143341623,
        "eps": 0.25,
        "epsdiluted": 0.24,
        "weightedAverageShsOut": 7716000,
        "weightedAverageShsOutDil": 7906000,
        "link": "https://www.sec.gov/Archives/edgar/data/1036848/000103684810000023/0001036848-10-000023-index.html",
        "finalLink": "https://www.sec.gov/Archives/edgar/data/1036848/000103684810000023/acy1q201010q.htm"
    },
    {
        "date": "2009-12-31",
        "symbol": "ACY",
        "reportedCurrency": "USD",
        "cik": "0001036848",
        "fillingDate": "2010-03-15",
        "acceptedDate": "2010-03-15 15:34:46",
        "calendarYear": "2009",
        "period": "Q4",
        "revenue": 8605000,
        "costOfRevenue": 1232000,
        "grossProfit": 7374000,
        "grossProfitRatio": 0.8569436374,
        "researchAndDevelopmentExpenses": 0,
        "generalAndAdministrativeExpenses": 1152000,
        "sellingAndMarketingExpenses": 0,
        "sellingGeneralAndAdministrativeExpenses": 1152000,
        "otherExpenses": 2148000,
        "operatingExpenses": 3301000,
        "costAndExpenses": 4532000,
        "interestIncome": 0,
        "interestExpense": 1136000,
        "depreciationAndAmortization": 1916000,
        "ebitda": 5989000,
        "ebitdaratio": 0.6959907031,
        "operatingIncome": 4073000,
        "operatingIncomeRatio": 0.4733294596,
        "totalOtherIncomeExpensesNet": -1136000,
        "incomeBeforeTax": 2937000,
        "incomeBeforeTaxRatio": 0.34131319,
        "incomeTaxExpense": 1032000,
        "netIncome": 1906000,
        "netIncomeRatio": 0.2214991284,
        "eps": 0.25,
        "epsdiluted": 0.24,
        "weightedAverageShsOut": 7716000,
        "weightedAverageShsOutDil": 7906000,
        "link": "https://www.sec.gov/Archives/edgar/data/1036848/000103684810000007/0001036848-10-000007-index.html",
        "finalLink": "https://www.sec.gov/Archives/edgar/data/1036848/000103684810000007/acy10kdec312009.htm"
    },
    {
        "date": "2009-09-30",
        "symbol": "ACY",
        "reportedCurrency": "USD",
        "cik": "0001036848",
        "fillingDate": "2009-11-16",
        "acceptedDate": "2009-11-16 13:58:50",
        "calendarYear": "2009",
        "period": "Q3",
        "revenue": 8674000,
        "costOfRevenue": 2702000,
        "grossProfit": 5972000,
        "grossProfitRatio": 0.6884943509,
        "researchAndDevelopmentExpenses": 0,
        "generalAndAdministrativeExpenses": 1135000,
        "sellingAndMarketingExpenses": 0,
        "sellingGeneralAndAdministrativeExpenses": 1135000,
        "otherExpenses": 1809000,
        "operatingExpenses": 2944000,
        "costAndExpenses": 5646000,
        "interestIncome": 0,
        "interestExpense": 1276000,
        "depreciationAndAmortization": 1912000,
        "ebitda": 4940000,
        "ebitdaratio": 0.5695181001,
        "operatingIncome": 3028000,
        "operatingIncomeRatio": 0.3490892322,
        "totalOtherIncomeExpensesNet": -1276000,
        "incomeBeforeTax": 1752000,
        "incomeBeforeTaxRatio": 0.2019829375,
        "incomeTaxExpense": 606400,
        "netIncome": 1146000,
        "netIncomeRatio": 0.1321189763,
        "eps": 0.15,
        "epsdiluted": 0.15,
        "weightedAverageShsOut": 7716000,
        "weightedAverageShsOutDil": 7835000,
        "link": "https://www.sec.gov/Archives/edgar/data/1036848/000103684809000022/0001036848-09-000022-index.html",
        "finalLink": "https://www.sec.gov/Archives/edgar/data/1036848/000103684809000022/ac3q0910q.htm"
    },
    {
        "date": "2009-06-30",
        "symbol": "ACY",
        "reportedCurrency": "USD",
        "cik": "0001036848",
        "fillingDate": "2009-08-13",
        "acceptedDate": "2009-08-13 15:48:10",
        "calendarYear": "2009",
        "period": "Q2",
        "revenue": 8241000,
        "costOfRevenue": 1710000,
        "grossProfit": 6531000,
        "grossProfitRatio": 0.7925009101,
        "researchAndDevelopmentExpenses": 0,
        "generalAndAdministrativeExpenses": 1142000,
        "sellingAndMarketingExpenses": 0,
        "sellingGeneralAndAdministrativeExpenses": 1142000,
        "otherExpenses": 1931000,
        "operatingExpenses": 3073000,
        "costAndExpenses": 4783000,
        "interestIncome": 0,
        "interestExpense": 1381000,
        "depreciationAndAmortization": 1908000,
        "ebitda": 5366000,
        "ebitdaratio": 0.651134571,
        "operatingIncome": 3459000,
        "operatingIncomeRatio": 0.4197306152,
        "totalOtherIncomeExpensesNet": -1381000,
        "incomeBeforeTax": 2077000,
        "incomeBeforeTaxRatio": 0.2520325203,
        "incomeTaxExpense": 709400,
        "netIncome": 1368000,
        "netIncomeRatio": 0.1659992719,
        "eps": 0.18,
        "epsdiluted": 0.18,
        "weightedAverageShsOut": 7716000,
        "weightedAverageShsOutDil": 7716000,
        "link": "https://www.sec.gov/Archives/edgar/data/1036848/000103684809000018/0001036848-09-000018-index.html",
        "finalLink": "https://www.sec.gov/Archives/edgar/data/1036848/000103684809000018/acy2q0910q.htm"
    },
    {
        "date": "2009-03-31",
        "symbol": "ACY",
        "reportedCurrency": "USD",
        "cik": "0001036848",
        "fillingDate": "2009-05-14",
        "acceptedDate": "2009-05-14 12:16:03",
        "calendarYear": "2009",
        "period": "Q1",
        "revenue": 8038000,
        "costOfRevenue": 1505000,
        "grossProfit": 6532000,
        "grossProfitRatio": 0.8126399602,
        "researchAndDevelopmentExpenses": 0,
        "generalAndAdministrativeExpenses": 1277000,
        "sellingAndMarketingExpenses": 0,
        "sellingGeneralAndAdministrativeExpenses": 1277000,
        "otherExpenses": 1966000,
        "operatingExpenses": 3242000,
        "costAndExpenses": 4748000,
        "interestIncome": 0,
        "interestExpense": 1410000,
        "depreciationAndAmortization": 1908000,
        "ebitda": 5204000,
        "ebitdaratio": 0.6474247325,
        "operatingIncome": 3290000,
        "operatingIncomeRatio": 0.4093057975,
        "totalOtherIncomeExpensesNet": -1403000,
        "incomeBeforeTax": 1887000,
        "incomeBeforeTaxRatio": 0.2347598905,
        "incomeTaxExpense": 648300,
        "netIncome": 1238000,
        "netIncomeRatio": 0.1540184125,
        "eps": 0.16,
        "epsdiluted": 0.16,
        "weightedAverageShsOut": 7716000,
        "weightedAverageShsOutDil": 7716000,
        "link": "https://www.sec.gov/Archives/edgar/data/1036848/000103684809000014/0001036848-09-000014-index.html",
        "finalLink": "https://www.sec.gov/Archives/edgar/data/1036848/000103684809000014/acy10q1q09.htm"
    },
    {
        "date": "2008-12-31",
        "symbol": "ACY",
        "reportedCurrency": "USD",
        "cik": "0001036848",
        "fillingDate": "2008-12-31",
        "acceptedDate": "2008-12-30 19:00:00",
        "calendarYear": "2008",
        "period": "Q4",
        "revenue": 8266000,
        "costOfRevenue": 2217000,
        "grossProfit": 6049000,
        "grossProfitRatio": 0.7317928865,
        "researchAndDevelopmentExpenses": 0,
        "generalAndAdministrativeExpenses": 0,
        "sellingAndMarketingExpenses": 0,
        "sellingGeneralAndAdministrativeExpenses": 1245000,
        "otherExpenses": 1912000,
        "operatingExpenses": 3157000,
        "costAndExpenses": 5374000,
        "interestIncome": 0,
        "interestExpense": 2174000,
        "depreciationAndAmortization": 1896000,
        "ebitda": 3828000,
        "ebitdaratio": 0.4631018631,
        "operatingIncome": 2892000,
        "operatingIncomeRatio": 0.3498669248,
        "totalOtherIncomeExpensesNet": -3134000,
        "incomeBeforeTax": -242000,
        "incomeBeforeTaxRatio": -0.0292765546,
        "incomeTaxExpense": -82100,
        "netIncome": -160000,
        "netIncomeRatio": -0.0193563997,
        "eps": -0.0207,
        "epsdiluted": -0.0207,
        "weightedAverageShsOut": 7716000,
        "weightedAverageShsOutDil": 7716000,
        "link": "",
        "finalLink": ""
    },
    {
        "date": "2008-09-30",
        "symbol": "ACY",
        "reportedCurrency": "USD",
        "cik": "0001036848",
        "fillingDate": "2008-09-30",
        "acceptedDate": "2008-09-29 20:00:00",
        "calendarYear": "2008",
        "period": "Q3",
        "revenue": 8226000,
        "costOfRevenue": 920800,
        "grossProfit": 7305000,
        "grossProfitRatio": 0.8880379285,
        "researchAndDevelopmentExpenses": 0,
        "generalAndAdministrativeExpenses": 0,
        "sellingAndMarketingExpenses": 0,
        "sellingGeneralAndAdministrativeExpenses": 1224000,
        "otherExpenses": 1829000,
        "operatingExpenses": 3054000,
        "costAndExpenses": 3975000,
        "interestIncome": 0,
        "interestExpense": 1750000,
        "depreciationAndAmortization": 1877000,
        "ebitda": 6138000,
        "ebitdaratio": 0.7461706783,
        "operatingIncome": 4252000,
        "operatingIncomeRatio": 0.5168976416,
        "totalOtherIncomeExpensesNet": -1740000,
        "incomeBeforeTax": 2512000,
        "incomeBeforeTaxRatio": 0.3053732069,
        "incomeTaxExpense": 940400,
        "netIncome": 1571000,
        "netIncomeRatio": 0.1909798201,
        "eps": 0.2,
        "epsdiluted": 0.2,
        "weightedAverageShsOut": 7716000,
        "weightedAverageShsOutDil": 7862000,
        "link": "",
        "finalLink": ""
    },
    {
        "date": "2008-06-30",
        "symbol": "ACY",
        "reportedCurrency": "USD",
        "cik": "0001036848",
        "fillingDate": "2008-06-30",
        "acceptedDate": "2008-06-29 20:00:00",
        "calendarYear": "2008",
        "period": "Q2",
        "revenue": 7660000,
        "costOfRevenue": 1253000,
        "grossProfit": 6406000,
        "grossProfitRatio": 0.8362924282,
        "researchAndDevelopmentExpenses": 0,
        "generalAndAdministrativeExpenses": 0,
        "sellingAndMarketingExpenses": 0,
        "sellingGeneralAndAdministrativeExpenses": 1139000,
        "otherExpenses": 1777000,
        "operatingExpenses": 2916000,
        "costAndExpenses": 4170000,
        "interestIncome": 0,
        "interestExpense": 1101000,
        "depreciationAndAmortization": 1743000,
        "ebitda": 5258000,
        "ebitdaratio": 0.6864229765,
        "operatingIncome": 3490000,
        "operatingIncomeRatio": 0.455613577,
        "totalOtherIncomeExpensesNet": -1076000,
        "incomeBeforeTax": 2414000,
        "incomeBeforeTaxRatio": 0.3151436031,
        "incomeTaxExpense": 828800,
        "netIncome": 1586000,
        "netIncomeRatio": 0.2070496084,
        "eps": 0.21,
        "epsdiluted": 0.2,
        "weightedAverageShsOut": 7716000,
        "weightedAverageShsOutDil": 7972000,
        "link": "",
        "finalLink": ""
    },
    {
        "date": "2008-03-31",
        "symbol": "ACY",
        "reportedCurrency": "USD",
        "cik": "0001036848",
        "fillingDate": "2008-03-31",
        "acceptedDate": "2008-03-30 20:00:00",
        "calendarYear": "2008",
        "period": "Q1",
        "revenue": 7643000,
        "costOfRevenue": 2381000,
        "grossProfit": 5262000,
        "grossProfitRatio": 0.6884731127,
        "researchAndDevelopmentExpenses": 0,
        "generalAndAdministrativeExpenses": 0,
        "sellingAndMarketingExpenses": 0,
        "sellingGeneralAndAdministrativeExpenses": 1162000,
        "otherExpenses": 1627000,
        "operatingExpenses": 2789000,
        "costAndExpenses": 5170000,
        "interestIncome": 0,
        "interestExpense": 2129000,
        "depreciationAndAmortization": 1707000,
        "ebitda": 4281000,
        "ebitdaratio": 0.5601203716,
        "operatingIncome": 2473000,
        "operatingIncomeRatio": 0.3235640455,
        "totalOtherIncomeExpensesNet": 4905000,
        "incomeBeforeTax": 7378000,
        "incomeBeforeTaxRatio": 0.9653277509,
        "incomeTaxExpense": 149700,
        "netIncome": 295600,
        "netIncomeRatio": 0.0386759126,
        "eps": 0.0383,
        "epsdiluted": 0.0364,
        "weightedAverageShsOut": 7716000,
        "weightedAverageShsOutDil": 8120000,
        "link": "",
        "finalLink": ""
    },
    {
        "date": "2007-12-31",
        "symbol": "ACY",
        "reportedCurrency": "USD",
        "cik": "0001036848",
        "fillingDate": "2007-12-31",
        "acceptedDate": "2007-12-30 19:00:00",
        "calendarYear": "2007",
        "period": "Q4",
        "revenue": 7420000,
        "costOfRevenue": 1094000,
        "grossProfit": 6326000,
        "grossProfitRatio": 0.8525606469,
        "researchAndDevelopmentExpenses": 0,
        "generalAndAdministrativeExpenses": 0,
        "sellingAndMarketingExpenses": 0,
        "sellingGeneralAndAdministrativeExpenses": 1098000,
        "otherExpenses": 1641000,
        "operatingExpenses": 2739000,
        "costAndExpenses": 3834000,
        "interestIncome": 0,
        "interestExpense": 1890000,
        "depreciationAndAmortization": 1628000,
        "ebitda": 5215000,
        "ebitdaratio": 0.7028301887,
        "operatingIncome": 3586000,
        "operatingIncomeRatio": 0.4832884097,
        "totalOtherIncomeExpensesNet": -1890000,
        "incomeBeforeTax": 1696000,
        "incomeBeforeTaxRatio": 0.2285714286,
        "incomeTaxExpense": 422110,
        "netIncome": 1274000,
        "netIncomeRatio": 0.1716981132,
        "eps": 0.17,
        "epsdiluted": 0.16,
        "weightedAverageShsOut": 7716000,
        "weightedAverageShsOutDil": 8120000,
        "link": "",
        "finalLink": ""
    },
    {
        "date": "2007-09-30",
        "symbol": "ACY",
        "reportedCurrency": "USD",
        "cik": "0001036848",
        "fillingDate": "2007-09-30",
        "acceptedDate": "2007-09-29 20:00:00",
        "calendarYear": "2007",
        "period": "Q3",
        "revenue": 6388000,
        "costOfRevenue": 375310,
        "grossProfit": 6013000,
        "grossProfitRatio": 0.9412961803,
        "researchAndDevelopmentExpenses": 0,
        "generalAndAdministrativeExpenses": 0,
        "sellingAndMarketingExpenses": 0,
        "sellingGeneralAndAdministrativeExpenses": 1012000,
        "otherExpenses": 1785000,
        "operatingExpenses": 2796000,
        "costAndExpenses": 3172000,
        "interestIncome": 0,
        "interestExpense": 1724000,
        "depreciationAndAmortization": 1493000,
        "ebitda": 4710000,
        "ebitdaratio": 0.737319975,
        "operatingIncome": 3217000,
        "operatingIncomeRatio": 0.5036005009,
        "totalOtherIncomeExpensesNet": -1724000,
        "incomeBeforeTax": 1492000,
        "incomeBeforeTaxRatio": 0.2335629305,
        "incomeTaxExpense": 428160,
        "netIncome": 1064000,
        "netIncomeRatio": 0.1665623043,
        "eps": 0.14,
        "epsdiluted": 0.13,
        "weightedAverageShsOut": 7716000,
        "weightedAverageShsOutDil": 8093000,
        "link": "",
        "finalLink": ""
    },
    {
        "date": "2007-06-30",
        "symbol": "ACY",
        "reportedCurrency": "USD",
        "cik": "0001036848",
        "fillingDate": "2007-06-30",
        "acceptedDate": "2007-06-29 20:00:00",
        "calendarYear": "2007",
        "period": "Q2",
        "revenue": 5000000,
        "costOfRevenue": 700550,
        "grossProfit": 4299000,
        "grossProfitRatio": 0.8598,
        "researchAndDevelopmentExpenses": 0,
        "generalAndAdministrativeExpenses": 0,
        "sellingAndMarketingExpenses": 0,
        "sellingGeneralAndAdministrativeExpenses": 916490,
        "otherExpenses": 1258000,
        "operatingExpenses": 2175000,
        "costAndExpenses": 2875000,
        "interestIncome": 0,
        "interestExpense": 1424000,
        "depreciationAndAmortization": 1258000,
        "ebitda": 3383000,
        "ebitdaratio": 0.6766,
        "operatingIncome": 2125000,
        "operatingIncomeRatio": 0.425,
        "totalOtherIncomeExpensesNet": -1424000,
        "incomeBeforeTax": 700440,
        "incomeBeforeTaxRatio": 0.140088,
        "incomeTaxExpense": 237180,
        "netIncome": 463260,
        "netIncomeRatio": 0.092652,
        "eps": 0.06,
        "epsdiluted": 0.0579,
        "weightedAverageShsOut": 7716000,
        "weightedAverageShsOutDil": 8007000,
        "link": "",
        "finalLink": ""
    },
    {
        "date": "2007-03-31",
        "symbol": "ACY",
        "reportedCurrency": "USD",
        "cik": "0001036848",
        "fillingDate": "2007-03-31",
        "acceptedDate": "2007-03-30 20:00:00",
        "calendarYear": "2007",
        "period": "Q1",
        "revenue": 5042000,
        "costOfRevenue": 225340,
        "grossProfit": 4816000,
        "grossProfitRatio": 0.9551765173,
        "researchAndDevelopmentExpenses": 0,
        "generalAndAdministrativeExpenses": 0,
        "sellingAndMarketingExpenses": 0,
        "sellingGeneralAndAdministrativeExpenses": 894330,
        "otherExpenses": 1235000,
        "operatingExpenses": 2129000,
        "costAndExpenses": 2354000,
        "interestIncome": 0,
        "interestExpense": 0,
        "depreciationAndAmortization": 1235000,
        "ebitda": 2700000,
        "ebitdaratio": 0.535501785,
        "operatingIncome": 2687000,
        "operatingIncomeRatio": 0.5329234431,
        "totalOtherIncomeExpensesNet": -1222000,
        "incomeBeforeTax": 1465000,
        "incomeBeforeTaxRatio": 0.2905593019,
        "incomeTaxExpense": 491640,
        "netIncome": 973760,
        "netIncomeRatio": 0.1931297104,
        "eps": 0.13,
        "epsdiluted": 0.13,
        "weightedAverageShsOut": 7716000,
        "weightedAverageShsOutDil": 7716000,
        "link": "",
        "finalLink": ""
    },
    {
        "date": "2006-12-31",
        "symbol": "ACY",
        "reportedCurrency": "USD",
        "cik": "0001036848",
        "fillingDate": "2007-03-13",
        "acceptedDate": "2007-03-12 19:17:27",
        "calendarYear": "2006",
        "period": "Q4",
        "revenue": 4058000,
        "costOfRevenue": 3504000,
        "grossProfit": 553670,
        "grossProfitRatio": 0.1364391326,
        "researchAndDevelopmentExpenses": 0,
        "generalAndAdministrativeExpenses": 0,
        "sellingAndMarketingExpenses": 0,
        "sellingGeneralAndAdministrativeExpenses": -2667000,
        "otherExpenses": 1271000,
        "operatingExpenses": -1396000,
        "costAndExpenses": 2108000,
        "interestIncome": 0,
        "interestExpense": 1267000,
        "depreciationAndAmortization": 0,
        "ebitda": 1950000,
        "ebitdaratio": 0.4805322819,
        "operatingIncome": 1950000,
        "operatingIncomeRatio": 0.4805322819,
        "totalOtherIncomeExpensesNet": -1267000,
        "incomeBeforeTax": 683010,
        "incomeBeforeTaxRatio": 0.1683119763,
        "incomeTaxExpense": 275400,
        "netIncome": 407610,
        "netIncomeRatio": 0.1004460325,
        "eps": 0.0528,
        "epsdiluted": 0.0528,
        "weightedAverageShsOut": 7716000,
        "weightedAverageShsOutDil": 7716000,
        "link": "https://www.sec.gov/Archives/edgar/data/1036848/000103684807000008/0001036848-07-000008-index.htm",
        "finalLink": "https://www.sec.gov/Archives/edgar/data/1036848/000103684807000008/ac10k2006.htm"
    },
    {
        "date": "2006-09-30",
        "symbol": "ACY",
        "reportedCurrency": "USD",
        "cik": "0001036848",
        "fillingDate": "2006-11-13",
        "acceptedDate": "2006-11-13 15:03:42",
        "calendarYear": "2006",
        "period": "Q3",
        "revenue": 3930000,
        "costOfRevenue": 0,
        "grossProfit": 3930000,
        "grossProfitRatio": 1,
        "researchAndDevelopmentExpenses": 0,
        "generalAndAdministrativeExpenses": 0,
        "sellingAndMarketingExpenses": 0,
        "sellingGeneralAndAdministrativeExpenses": 1079000,
        "otherExpenses": 1248000,
        "operatingExpenses": 2326000,
        "costAndExpenses": 2326000,
        "interestIncome": 0,
        "interestExpense": 1272000,
        "depreciationAndAmortization": 0,
        "ebitda": 1603000,
        "ebitdaratio": 0.4078880407,
        "operatingIncome": 1603000,
        "operatingIncomeRatio": 0.4078880407,
        "totalOtherIncomeExpensesNet": -1272000,
        "incomeBeforeTax": 331690,
        "incomeBeforeTaxRatio": 0.0843994911,
        "incomeTaxExpense": 112580,
        "netIncome": 219110,
        "netIncomeRatio": 0.0557531807,
        "eps": 0.0284,
        "epsdiluted": 0.0284,
        "weightedAverageShsOut": 7716000,
        "weightedAverageShsOutDil": 7716000,
        "link": "https://www.sec.gov/Archives/edgar/data/1036848/000103684806000047/0001036848-06-000047-index.htm",
        "finalLink": "https://www.sec.gov/Archives/edgar/data/1036848/000103684806000047/acy10qsb3dq.htm"
    },
    {
        "date": "2006-06-30",
        "symbol": "ACY",
        "reportedCurrency": "USD",
        "cik": "0001036848",
        "fillingDate": "2006-08-14",
        "acceptedDate": "2006-08-14 11:32:34",
        "calendarYear": "2006",
        "period": "Q2",
        "revenue": 4247000,
        "costOfRevenue": 0,
        "grossProfit": 4247000,
        "grossProfitRatio": 1,
        "researchAndDevelopmentExpenses": 0,
        "generalAndAdministrativeExpenses": 0,
        "sellingAndMarketingExpenses": 0,
        "sellingGeneralAndAdministrativeExpenses": 1638000,
        "otherExpenses": 1231000,
        "operatingExpenses": 2869000,
        "costAndExpenses": 2869000,
        "interestIncome": 0,
        "interestExpense": 1251000,
        "depreciationAndAmortization": 0,
        "ebitda": 1377000,
        "ebitdaratio": 0.3242288674,
        "operatingIncome": 1377000,
        "operatingIncomeRatio": 0.3242288674,
        "totalOtherIncomeExpensesNet": -1251000,
        "incomeBeforeTax": 125960,
        "incomeBeforeTaxRatio": 0.0296585825,
        "incomeTaxExpense": 40360,
        "netIncome": 85600,
        "netIncomeRatio": 0.0201554038,
        "eps": 0.0111,
        "epsdiluted": 0.0111,
        "weightedAverageShsOut": 7716000,
        "weightedAverageShsOutDil": 7716000,
        "link": "https://www.sec.gov/Archives/edgar/data/1036848/000103684806000036/0001036848-06-000036-index.htm",
        "finalLink": "https://www.sec.gov/Archives/edgar/data/1036848/000103684806000036/acy10qsbjul06.htm"
    },
    {
        "date": "2006-03-31",
        "symbol": "ACY",
        "reportedCurrency": "USD",
        "cik": "0001036848",
        "fillingDate": "2006-03-31",
        "acceptedDate": "2006-03-30 19:00:00",
        "calendarYear": "2006",
        "period": "Q1",
        "revenue": 6088000,
        "costOfRevenue": 2554000,
        "grossProfit": 3535000,
        "grossProfitRatio": 0.5806504599,
        "researchAndDevelopmentExpenses": 0,
        "generalAndAdministrativeExpenses": 0,
        "sellingAndMarketingExpenses": 0,
        "sellingGeneralAndAdministrativeExpenses": 991090,
        "otherExpenses": 1230000,
        "operatingExpenses": 2221000,
        "costAndExpenses": 4775000,
        "interestIncome": 0,
        "interestExpense": 1164000,
        "depreciationAndAmortization": 0,
        "ebitda": 1313000,
        "ebitdaratio": 0.2156701708,
        "operatingIncome": 1313000,
        "operatingIncomeRatio": 0.2156701708,
        "totalOtherIncomeExpensesNet": -1164000,
        "incomeBeforeTax": 149010,
        "incomeBeforeTaxRatio": 0.0244760184,
        "incomeTaxExpense": 44020,
        "netIncome": 104990,
        "netIncomeRatio": 0.0172454008,
        "eps": 0.0136,
        "epsdiluted": 0.0136,
        "weightedAverageShsOut": 7716000,
        "weightedAverageShsOutDil": 7716000,
        "link": "",
        "finalLink": ""
    },
    {
        "date": "2005-12-31",
        "symbol": "ACY",
        "reportedCurrency": "USD",
        "cik": "0001036848",
        "fillingDate": "2005-12-31",
        "acceptedDate": "2005-12-30 19:00:00",
        "calendarYear": "2005",
        "period": "Q4",
        "revenue": 5248000,
        "costOfRevenue": 2340000,
        "grossProfit": 2908000,
        "grossProfitRatio": 0.5541158537,
        "researchAndDevelopmentExpenses": 0,
        "generalAndAdministrativeExpenses": 0,
        "sellingAndMarketingExpenses": 0,
        "sellingGeneralAndAdministrativeExpenses": 618760,
        "otherExpenses": 1096000,
        "operatingExpenses": 1714000,
        "costAndExpenses": 4054000,
        "interestIncome": 0,
        "interestExpense": 1028000,
        "depreciationAndAmortization": -12180,
        "ebitda": 1182000,
        "ebitdaratio": 0.2252286585,
        "operatingIncome": 1194000,
        "operatingIncomeRatio": 0.2275152439,
        "totalOtherIncomeExpensesNet": -1040000,
        "incomeBeforeTax": 153440,
        "incomeBeforeTaxRatio": 0.0292378049,
        "incomeTaxExpense": 98350,
        "netIncome": 55090,
        "netIncomeRatio": 0.0104973323,
        "eps": 0.0071,
        "epsdiluted": 0.0071,
        "weightedAverageShsOut": 7716000,
        "weightedAverageShsOutDil": 7716000,
        "link": "",
        "finalLink": ""
    },
    {
        "date": "2005-09-30",
        "symbol": "ACY",
        "reportedCurrency": "USD",
        "cik": "0001036848",
        "fillingDate": "2005-09-30",
        "acceptedDate": "2005-09-29 20:00:00",
        "calendarYear": "2005",
        "period": "Q3",
        "revenue": 2956540,
        "costOfRevenue": 0,
        "grossProfit": 2956540,
        "grossProfitRatio": 1,
        "researchAndDevelopmentExpenses": 0,
        "generalAndAdministrativeExpenses": 0,
        "sellingAndMarketingExpenses": 0,
        "sellingGeneralAndAdministrativeExpenses": 968570,
        "otherExpenses": 1030030,
        "operatingExpenses": 1998600,
        "costAndExpenses": 1998600,
        "interestIncome": 0,
        "interestExpense": 0,
        "depreciationAndAmortization": -877000,
        "ebitda": 80940,
        "ebitdaratio": 0.0273765956,
        "operatingIncome": 957940,
        "operatingIncomeRatio": 0.3240071164,
        "totalOtherIncomeExpensesNet": -877000,
        "incomeBeforeTax": 80940,
        "incomeBeforeTaxRatio": 0.0273765956,
        "incomeTaxExpense": 28840,
        "netIncome": 52100,
        "netIncomeRatio": 0.01762195,
        "eps": 0.0068,
        "epsdiluted": 0.0068,
        "weightedAverageShsOut": 7716285,
        "weightedAverageShsOutDil": 7716285,
        "link": "",
        "finalLink": ""
    },
    {
        "date": "2005-06-30",
        "symbol": "ACY",
        "reportedCurrency": "USD",
        "cik": "0001036848",
        "fillingDate": "2005-06-30",
        "acceptedDate": "2005-06-29 20:00:00",
        "calendarYear": "2005",
        "period": "Q2",
        "revenue": 2754870,
        "costOfRevenue": 0,
        "grossProfit": 2754870,
        "grossProfitRatio": 1,
        "researchAndDevelopmentExpenses": 0,
        "generalAndAdministrativeExpenses": 0,
        "sellingAndMarketingExpenses": 0,
        "sellingGeneralAndAdministrativeExpenses": 812790,
        "otherExpenses": 980270,
        "operatingExpenses": 1793060,
        "costAndExpenses": 1793060,
        "interestIncome": 0,
        "interestExpense": 817140,
        "depreciationAndAmortization": -88110,
        "ebitda": 873700,
        "ebitdaratio": 0.3171474516,
        "operatingIncome": 961810,
        "operatingIncomeRatio": 0.349130812,
        "totalOtherIncomeExpensesNet": -905250,
        "incomeBeforeTax": 56560,
        "incomeBeforeTaxRatio": 0.0205309143,
        "incomeTaxExpense": 10690,
        "netIncome": 45870,
        "netIncomeRatio": 0.0166505135,
        "eps": 0.0059,
        "epsdiluted": 0.0059,
        "weightedAverageShsOut": 7716285,
        "weightedAverageShsOutDil": 7716285,
        "link": "",
        "finalLink": ""
    },
    {
        "date": "2005-03-31",
        "symbol": "ACY",
        "reportedCurrency": "USD",
        "cik": "0001036848",
        "fillingDate": "2005-03-31",
        "acceptedDate": "2005-03-30 19:00:00",
        "calendarYear": "2005",
        "period": "Q1",
        "revenue": 2599700,
        "costOfRevenue": 16610,
        "grossProfit": 2583090,
        "grossProfitRatio": 0.9936108012,
        "researchAndDevelopmentExpenses": 0,
        "generalAndAdministrativeExpenses": 0,
        "sellingAndMarketingExpenses": 0,
        "sellingGeneralAndAdministrativeExpenses": 775420,
        "otherExpenses": 925130,
        "operatingExpenses": 1700550,
        "costAndExpenses": 1717160,
        "interestIncome": 0,
        "interestExpense": 762720,
        "depreciationAndAmortization": -71730,
        "ebitda": 810810,
        "ebitdaratio": 0.3118859868,
        "operatingIncome": 882540,
        "operatingIncomeRatio": 0.339477632,
        "totalOtherIncomeExpensesNet": -834450,
        "incomeBeforeTax": 48090,
        "incomeBeforeTaxRatio": 0.0184982883,
        "incomeTaxExpense": 8250,
        "netIncome": 39840,
        "netIncomeRatio": 0.0153248452,
        "eps": 0.0052,
        "epsdiluted": 0.0052,
        "weightedAverageShsOut": 7716285,
        "weightedAverageShsOutDil": 7716285,
        "link": "",
        "finalLink": ""
    },
    {
        "date": "2004-12-31",
        "symbol": "ACY",
        "reportedCurrency": "USD",
        "cik": "0001036848",
        "fillingDate": "2004-12-31",
        "acceptedDate": "2004-12-30 19:00:00",
        "calendarYear": "2004",
        "period": "Q4",
        "revenue": 4340000,
        "costOfRevenue": 529150,
        "grossProfit": 3811000,
        "grossProfitRatio": 0.8781105991,
        "researchAndDevelopmentExpenses": 0,
        "generalAndAdministrativeExpenses": 0,
        "sellingAndMarketingExpenses": 0,
        "sellingGeneralAndAdministrativeExpenses": 489860,
        "otherExpenses": 916560,
        "operatingExpenses": 1406000,
        "costAndExpenses": 1936000,
        "interestIncome": 0,
        "interestExpense": 689980,
        "depreciationAndAmortization": -535000,
        "ebitda": 1870000,
        "ebitdaratio": 0.430875576,
        "operatingIncome": 2404000,
        "operatingIncomeRatio": 0.5539170507,
        "totalOtherIncomeExpensesNet": -1225000,
        "incomeBeforeTax": 1180000,
        "incomeBeforeTaxRatio": 0.2718894009,
        "incomeTaxExpense": 436430,
        "netIncome": 743370,
        "netIncomeRatio": 0.1712834101,
        "eps": 0.0963,
        "epsdiluted": 0.0963,
        "weightedAverageShsOut": 7716000,
        "weightedAverageShsOutDil": 7716000,
        "link": "",
        "finalLink": ""
    },
    {
        "date": "2004-09-30",
        "symbol": "ACY",
        "reportedCurrency": "USD",
        "cik": "0001036848",
        "fillingDate": "2004-09-30",
        "acceptedDate": "2004-09-29 20:00:00",
        "calendarYear": "2004",
        "period": "Q3",
        "revenue": 2473000,
        "costOfRevenue": 499730,
        "grossProfit": 1974000,
        "grossProfitRatio": 0.7982207845,
        "researchAndDevelopmentExpenses": 0,
        "generalAndAdministrativeExpenses": 0,
        "sellingAndMarketingExpenses": 0,
        "sellingGeneralAndAdministrativeExpenses": 880540,
        "otherExpenses": 893700,
        "operatingExpenses": 1774000,
        "costAndExpenses": 2274000,
        "interestIncome": 0,
        "interestExpense": 0,
        "depreciationAndAmortization": -1070000,
        "ebitda": -870000,
        "ebitdaratio": -0.3517994339,
        "operatingIncome": 199330,
        "operatingIncomeRatio": 0.0806025071,
        "totalOtherIncomeExpensesNet": -1070000,
        "incomeBeforeTax": -870000,
        "incomeBeforeTaxRatio": -0.3517994339,
        "incomeTaxExpense": -313000,
        "netIncome": -557000,
        "netIncomeRatio": -0.2252325111,
        "eps": -0.0722,
        "epsdiluted": -0.0722,
        "weightedAverageShsOut": 7716000,
        "weightedAverageShsOutDil": 7716000,
        "link": "",
        "finalLink": ""
    },
    {
        "date": "2004-06-30",
        "symbol": "ACY",
        "reportedCurrency": "USD",
        "cik": "0001036848",
        "fillingDate": "2004-06-30",
        "acceptedDate": "2004-06-29 20:00:00",
        "calendarYear": "2004",
        "period": "Q2",
        "revenue": 2302000,
        "costOfRevenue": 117400,
        "grossProfit": 2184000,
        "grossProfitRatio": 0.9487402259,
        "researchAndDevelopmentExpenses": 0,
        "generalAndAdministrativeExpenses": 0,
        "sellingAndMarketingExpenses": 0,
        "sellingGeneralAndAdministrativeExpenses": 649580,
        "otherExpenses": 899290,
        "operatingExpenses": 1549000,
        "costAndExpenses": 1666000,
        "interestIncome": 0,
        "interestExpense": 572940,
        "depreciationAndAmortization": 0,
        "ebitda": 635530,
        "ebitdaratio": 0.2760773241,
        "operatingIncome": 635530,
        "operatingIncomeRatio": 0.2760773241,
        "totalOtherIncomeExpensesNet": -573000,
        "incomeBeforeTax": 62590,
        "incomeBeforeTaxRatio": 0.0271894005,
        "incomeTaxExpense": 12480,
        "netIncome": 50110,
        "netIncomeRatio": 0.0217680278,
        "eps": 0.0065,
        "epsdiluted": 0.0065,
        "weightedAverageShsOut": 7716000,
        "weightedAverageShsOutDil": 7716000,
        "link": "",
        "finalLink": ""
    },
    {
        "date": "2004-03-31",
        "symbol": "ACY",
        "reportedCurrency": "USD",
        "cik": "0001036848",
        "fillingDate": "2004-03-31",
        "acceptedDate": "2004-03-30 19:00:00",
        "calendarYear": "2004",
        "period": "Q1",
        "revenue": 2130000,
        "costOfRevenue": 462780,
        "grossProfit": 1667000,
        "grossProfitRatio": 0.782629108,
        "researchAndDevelopmentExpenses": 0,
        "generalAndAdministrativeExpenses": 0,
        "sellingAndMarketingExpenses": 0,
        "sellingGeneralAndAdministrativeExpenses": 239980,
        "otherExpenses": 845080,
        "operatingExpenses": 1085000,
        "costAndExpenses": 1548000,
        "interestIncome": 0,
        "interestExpense": 551140,
        "depreciationAndAmortization": 0,
        "ebitda": 582190,
        "ebitdaratio": 0.2733286385,
        "operatingIncome": 582190,
        "operatingIncomeRatio": 0.2733286385,
        "totalOtherIncomeExpensesNet": -551000,
        "incomeBeforeTax": 31050,
        "incomeBeforeTaxRatio": 0.0145774648,
        "incomeTaxExpense": 930,
        "netIncome": 30120,
        "netIncomeRatio": 0.0141408451,
        "eps": 0.0039,
        "epsdiluted": 0.0039,
        "weightedAverageShsOut": 7716000,
        "weightedAverageShsOutDil": 7716000,
        "link": "",
        "finalLink": ""
    },
    {
        "date": "2003-12-31",
        "symbol": "ACY",
        "reportedCurrency": "USD",
        "cik": "0001036848",
        "fillingDate": "2003-12-31",
        "acceptedDate": "2003-12-30 19:00:00",
        "calendarYear": "2003",
        "period": "Q4",
        "revenue": 2149000,
        "costOfRevenue": 467960,
        "grossProfit": 1681000,
        "grossProfitRatio": 0.7822242904,
        "researchAndDevelopmentExpenses": 0,
        "generalAndAdministrativeExpenses": 0,
        "sellingAndMarketingExpenses": 0,
        "sellingGeneralAndAdministrativeExpenses": 269730,
        "otherExpenses": 840250,
        "operatingExpenses": 1110000,
        "costAndExpenses": 1578000,
        "interestIncome": 0,
        "interestExpense": 545480,
        "depreciationAndAmortization": 0,
        "ebitda": 570660,
        "ebitdaratio": 0.2655467659,
        "operatingIncome": 570660,
        "operatingIncomeRatio": 0.2655467659,
        "totalOtherIncomeExpensesNet": -545000,
        "incomeBeforeTax": 25180,
        "incomeBeforeTaxRatio": 0.0117170777,
        "incomeTaxExpense": -460,
        "netIncome": 25640,
        "netIncomeRatio": 0.0119311308,
        "eps": 0.0033,
        "epsdiluted": 0.0033,
        "weightedAverageShsOut": 7716000,
        "weightedAverageShsOutDil": 7716000,
        "link": "",
        "finalLink": ""
    },
    {
        "date": "2003-09-30",
        "symbol": "ACY",
        "reportedCurrency": "USD",
        "cik": "0001036848",
        "fillingDate": "2003-09-30",
        "acceptedDate": "2003-09-29 20:00:00",
        "calendarYear": "2003",
        "period": "Q3",
        "revenue": 2078000,
        "costOfRevenue": 474260,
        "grossProfit": 1604000,
        "grossProfitRatio": 0.7718960539,
        "researchAndDevelopmentExpenses": 0,
        "generalAndAdministrativeExpenses": 0,
        "sellingAndMarketingExpenses": 0,
        "sellingGeneralAndAdministrativeExpenses": 257940,
        "otherExpenses": 840250,
        "operatingExpenses": 1098000,
        "costAndExpenses": 1572000,
        "interestIncome": 0,
        "interestExpense": 442770,
        "depreciationAndAmortization": 0,
        "ebitda": 505500,
        "ebitdaratio": 0.2432627526,
        "operatingIncome": 505500,
        "operatingIncomeRatio": 0.2432627526,
        "totalOtherIncomeExpensesNet": -443000,
        "incomeBeforeTax": 62730,
        "incomeBeforeTaxRatio": 0.0301876805,
        "incomeTaxExpense": 12580,
        "netIncome": 50150,
        "netIncomeRatio": 0.0241337825,
        "eps": 0.0065,
        "epsdiluted": 0.0065,
        "weightedAverageShsOut": 7716000,
        "weightedAverageShsOutDil": 7716000,
        "link": "",
        "finalLink": ""
    },
    {
        "date": "2003-06-30",
        "symbol": "ACY",
        "reportedCurrency": "USD",
        "cik": "0001036848",
        "fillingDate": "2003-06-30",
        "acceptedDate": "2003-06-29 20:00:00",
        "calendarYear": "2003",
        "period": "Q2",
        "revenue": 2207000,
        "costOfRevenue": 480560,
        "grossProfit": 1727000,
        "grossProfitRatio": 0.7825101948,
        "researchAndDevelopmentExpenses": 0,
        "generalAndAdministrativeExpenses": 0,
        "sellingAndMarketingExpenses": 0,
        "sellingGeneralAndAdministrativeExpenses": 2889000,
        "otherExpenses": 839310,
        "operatingExpenses": 3729000,
        "costAndExpenses": 4209000,
        "interestIncome": 0,
        "interestExpense": 0,
        "depreciationAndAmortization": -442000,
        "ebitda": -2444000,
        "ebitdaratio": -1.1073855913,
        "operatingIncome": -2002000,
        "operatingIncomeRatio": -0.907113729,
        "totalOtherIncomeExpensesNet": -442000,
        "incomeBeforeTax": -2444000,
        "incomeBeforeTaxRatio": -1.1073855913,
        "incomeTaxExpense": -853000,
        "netIncome": -1591000,
        "netIncomeRatio": -0.7208880834,
        "eps": -0.21,
        "epsdiluted": -0.21,
        "weightedAverageShsOut": 7716000,
        "weightedAverageShsOutDil": 7716000,
        "link": "",
        "finalLink": ""
    },
    {
        "date": "2003-03-31",
        "symbol": "ACY",
        "reportedCurrency": "USD",
        "cik": "0001036848",
        "fillingDate": "2003-03-31",
        "acceptedDate": "2003-03-30 19:00:00",
        "calendarYear": "2003",
        "period": "Q1",
        "revenue": 2452000,
        "costOfRevenue": 487060,
        "grossProfit": 1965000,
        "grossProfitRatio": 0.8013866232,
        "researchAndDevelopmentExpenses": 0,
        "generalAndAdministrativeExpenses": 0,
        "sellingAndMarketingExpenses": 0,
        "sellingGeneralAndAdministrativeExpenses": 416770,
        "otherExpenses": 840800,
        "operatingExpenses": 1258000,
        "costAndExpenses": 1745000,
        "interestIncome": 0,
        "interestExpense": 0,
        "depreciationAndAmortization": -487000,
        "ebitda": 220240,
        "ebitdaratio": 0.0898205546,
        "operatingIncome": 707310,
        "operatingIncomeRatio": 0.2884624796,
        "totalOtherIncomeExpensesNet": -487000,
        "incomeBeforeTax": 220240,
        "incomeBeforeTaxRatio": 0.0898205546,
        "incomeTaxExpense": 45120,
        "netIncome": 175120,
        "netIncomeRatio": 0.0714192496,
        "eps": 0.0227,
        "epsdiluted": 0.0227,
        "weightedAverageShsOut": 7716000,
        "weightedAverageShsOutDil": 7716000,
        "link": "",
        "finalLink": ""
    },
    {
        "date": "2002-12-31",
        "symbol": "ACY",
        "reportedCurrency": "USD",
        "cik": "0001036848",
        "fillingDate": "2002-12-31",
        "acceptedDate": "2002-12-30 19:00:00",
        "calendarYear": "2002",
        "period": "Q4",
        "revenue": 2356000,
        "costOfRevenue": 467870,
        "grossProfit": 1888000,
        "grossProfitRatio": 0.8013582343,
        "researchAndDevelopmentExpenses": 0,
        "generalAndAdministrativeExpenses": 0,
        "sellingAndMarketingExpenses": 0,
        "sellingGeneralAndAdministrativeExpenses": 330470,
        "otherExpenses": 782640,
        "operatingExpenses": 1113000,
        "costAndExpenses": 1581000,
        "interestIncome": 0,
        "interestExpense": 551590,
        "depreciationAndAmortization": 0,
        "ebitda": 774880,
        "ebitdaratio": 0.3288964346,
        "operatingIncome": 774880,
        "operatingIncomeRatio": 0.3288964346,
        "totalOtherIncomeExpensesNet": -552000,
        "incomeBeforeTax": 223290,
        "incomeBeforeTaxRatio": 0.0947750424,
        "incomeTaxExpense": 64840,
        "netIncome": 158450,
        "netIncomeRatio": 0.06725382,
        "eps": 0.0205,
        "epsdiluted": 0.0205,
        "weightedAverageShsOut": 7716000,
        "weightedAverageShsOutDil": 7716000,
        "link": "",
        "finalLink": ""
    },
    {
        "date": "2002-09-30",
        "symbol": "ACY",
        "reportedCurrency": "USD",
        "cik": "0001036848",
        "fillingDate": "2002-11-14",
        "acceptedDate": "2002-11-13 19:00:00",
        "calendarYear": "2002",
        "period": "Q3",
        "revenue": 1976000,
        "costOfRevenue": 419820,
        "grossProfit": 1556000,
        "grossProfitRatio": 0.7874493927,
        "researchAndDevelopmentExpenses": 0,
        "generalAndAdministrativeExpenses": -29340,
        "sellingAndMarketingExpenses": 0,
        "sellingGeneralAndAdministrativeExpenses": -29340,
        "otherExpenses": 703170,
        "operatingExpenses": 673830,
        "costAndExpenses": 1094000,
        "interestIncome": 0,
        "interestExpense": 480320,
        "depreciationAndAmortization": 0,
        "ebitda": 882270,
        "ebitdaratio": 0.446492915,
        "operatingIncome": 882270,
        "operatingIncomeRatio": 0.446492915,
        "totalOtherIncomeExpensesNet": -480000,
        "incomeBeforeTax": 401950,
        "incomeBeforeTaxRatio": 0.2034159919,
        "incomeTaxExpense": 115500,
        "netIncome": 286450,
        "netIncomeRatio": 0.1449645749,
        "eps": 0.0371,
        "epsdiluted": 0.0371,
        "weightedAverageShsOut": 7716000,
        "weightedAverageShsOutDil": 7716000,
        "link": "https://www.sec.gov/Archives/edgar/data/1036848/000103684802000061/0001036848-02-000061-index.htm",
        "finalLink": "https://www.sec.gov/Archives/edgar/data/1036848/000103684802000061/acy3q0210q.txt"
    },
    {
        "date": "2002-06-30",
        "symbol": "ACY",
        "reportedCurrency": "USD",
        "cik": "0001036848",
        "fillingDate": "2002-06-30",
        "acceptedDate": "2002-06-29 20:00:00",
        "calendarYear": "2002",
        "period": "Q2",
        "revenue": 2257000,
        "costOfRevenue": 416990,
        "grossProfit": 1840000,
        "grossProfitRatio": 0.815241471,
        "researchAndDevelopmentExpenses": 0,
        "generalAndAdministrativeExpenses": 279010,
        "sellingAndMarketingExpenses": 0,
        "sellingGeneralAndAdministrativeExpenses": 279010,
        "otherExpenses": 685340,
        "operatingExpenses": 964350,
        "costAndExpenses": 1381000,
        "interestIncome": 0,
        "interestExpense": 469730,
        "depreciationAndAmortization": 0,
        "ebitda": 875830,
        "ebitdaratio": 0.3880505095,
        "operatingIncome": 875830,
        "operatingIncomeRatio": 0.3880505095,
        "totalOtherIncomeExpensesNet": -470000,
        "incomeBeforeTax": 406100,
        "incomeBeforeTaxRatio": 0.1799291094,
        "incomeTaxExpense": 141120,
        "netIncome": 264980,
        "netIncomeRatio": 0.1174036331,
        "eps": 0.0343,
        "epsdiluted": 0.0343,
        "weightedAverageShsOut": 7716000,
        "weightedAverageShsOutDil": 7716000,
        "link": "",
        "finalLink": ""
    },
    {
        "date": "2002-03-31",
        "symbol": "ACY",
        "reportedCurrency": "USD",
        "cik": "0001036848",
        "fillingDate": "2002-03-31",
        "acceptedDate": "2002-03-30 19:00:00",
        "calendarYear": "2002",
        "period": "Q1",
        "revenue": 2225000,
        "costOfRevenue": 420660,
        "grossProfit": 1804000,
        "grossProfitRatio": 0.8107865169,
        "researchAndDevelopmentExpenses": 0,
        "generalAndAdministrativeExpenses": 204830,
        "sellingAndMarketingExpenses": 0,
        "sellingGeneralAndAdministrativeExpenses": 204830,
        "otherExpenses": 680710,
        "operatingExpenses": 885540,
        "costAndExpenses": 1306000,
        "interestIncome": 0,
        "interestExpense": 467510,
        "depreciationAndAmortization": 0,
        "ebitda": 918890,
        "ebitdaratio": 0.4129842697,
        "operatingIncome": 918890,
        "operatingIncomeRatio": 0.4129842697,
        "totalOtherIncomeExpensesNet": -468000,
        "incomeBeforeTax": 451380,
        "incomeBeforeTaxRatio": 0.2028674157,
        "incomeTaxExpense": 151760,
        "netIncome": 299620,
        "netIncomeRatio": 0.1346606742,
        "eps": 0.0388,
        "epsdiluted": 0.0388,
        "weightedAverageShsOut": 7716000,
        "weightedAverageShsOutDil": 7716000,
        "link": "",
        "finalLink": ""
    },
    {
        "date": "2001-12-31",
        "symbol": "ACY",
        "reportedCurrency": "USD",
        "cik": "0001036848",
        "fillingDate": "2001-12-31",
        "acceptedDate": "2001-12-30 19:00:00",
        "calendarYear": "2001",
        "period": "Q4",
        "revenue": 2777000,
        "costOfRevenue": 428330,
        "grossProfit": 2349000,
        "grossProfitRatio": 0.8458768455,
        "researchAndDevelopmentExpenses": 0,
        "generalAndAdministrativeExpenses": 0,
        "sellingAndMarketingExpenses": 0,
        "sellingGeneralAndAdministrativeExpenses": 888220,
        "otherExpenses": 688590,
        "operatingExpenses": 1577000,
        "costAndExpenses": 2005000,
        "interestIncome": 0,
        "interestExpense": 565980,
        "depreciationAndAmortization": 0,
        "ebitda": 772250,
        "ebitdaratio": 0.2780878646,
        "operatingIncome": 772250,
        "operatingIncomeRatio": 0.2780878646,
        "totalOtherIncomeExpensesNet": -566000,
        "incomeBeforeTax": 206270,
        "incomeBeforeTaxRatio": 0.0742779978,
        "incomeTaxExpense": 51750,
        "netIncome": 154520,
        "netIncomeRatio": 0.05564278,
        "eps": 0.02,
        "epsdiluted": 0.02,
        "weightedAverageShsOut": 7716000,
        "weightedAverageShsOutDil": 7716000,
        "link": "",
        "finalLink": ""
    },
    {
        "date": "2001-09-30",
        "symbol": "ACY",
        "reportedCurrency": "USD",
        "cik": "0001036848",
        "fillingDate": "2001-09-30",
        "acceptedDate": "2001-09-29 20:00:00",
        "calendarYear": "2001",
        "period": "Q3",
        "revenue": 2879000,
        "costOfRevenue": 438910,
        "grossProfit": 2440000,
        "grossProfitRatio": 0.8475164988,
        "researchAndDevelopmentExpenses": 0,
        "generalAndAdministrativeExpenses": 269260,
        "sellingAndMarketingExpenses": 0,
        "sellingGeneralAndAdministrativeExpenses": 269260,
        "otherExpenses": 705560,
        "operatingExpenses": 974820,
        "costAndExpenses": 1414000,
        "interestIncome": 0,
        "interestExpense": 662970,
        "depreciationAndAmortization": 0,
        "ebitda": 1465000,
        "ebitdaratio": 0.5088572421,
        "operatingIncome": 1465000,
        "operatingIncomeRatio": 0.5088572421,
        "totalOtherIncomeExpensesNet": -663000,
        "incomeBeforeTax": 802130,
        "incomeBeforeTaxRatio": 0.2786141021,
        "incomeTaxExpense": 271850,
        "netIncome": 530280,
        "netIncomeRatio": 0.1841889545,
        "eps": 0.0687,
        "epsdiluted": 0.0687,
        "weightedAverageShsOut": 7716000,
        "weightedAverageShsOutDil": 7716000,
        "link": "",
        "finalLink": ""
    },
    {
        "date": "2001-06-30",
        "symbol": "ACY",
        "reportedCurrency": "USD",
        "cik": "0001036848",
        "fillingDate": "2001-06-30",
        "acceptedDate": "2001-06-29 20:00:00",
        "calendarYear": "2001",
        "period": "Q2",
        "revenue": 2706000,
        "costOfRevenue": 442800,
        "grossProfit": 2263000,
        "grossProfitRatio": 0.8362897265,
        "researchAndDevelopmentExpenses": 0,
        "generalAndAdministrativeExpenses": 98130,
        "sellingAndMarketingExpenses": 0,
        "sellingGeneralAndAdministrativeExpenses": 98130,
        "otherExpenses": 697700,
        "operatingExpenses": 795830,
        "costAndExpenses": 1239000,
        "interestIncome": 0,
        "interestExpense": 723900,
        "depreciationAndAmortization": 0,
        "ebitda": 1467000,
        "ebitdaratio": 0.5421286031,
        "operatingIncome": 1467000,
        "operatingIncomeRatio": 0.5421286031,
        "totalOtherIncomeExpensesNet": -724000,
        "incomeBeforeTax": 743310,
        "incomeBeforeTaxRatio": 0.2746895787,
        "incomeTaxExpense": 238550,
        "netIncome": 504760,
        "netIncomeRatio": 0.186533629,
        "eps": 0.0654,
        "epsdiluted": 0.0654,
        "weightedAverageShsOut": 7716000,
        "weightedAverageShsOutDil": 7716000,
        "link": "",
        "finalLink": ""
    },
    {
        "date": "2001-03-31",
        "symbol": "ACY",
        "reportedCurrency": "USD",
        "cik": "0001036848",
        "fillingDate": "2001-05-15",
        "acceptedDate": "2001-05-14 20:00:00",
        "calendarYear": "2001",
        "period": "Q1",
        "revenue": 2870000,
        "costOfRevenue": 448010,
        "grossProfit": 2422000,
        "grossProfitRatio": 0.843902439,
        "researchAndDevelopmentExpenses": 0,
        "generalAndAdministrativeExpenses": 107390,
        "sellingAndMarketingExpenses": 0,
        "sellingGeneralAndAdministrativeExpenses": 107390,
        "otherExpenses": 697700,
        "operatingExpenses": 805090,
        "costAndExpenses": 1253000,
        "interestIncome": 0,
        "interestExpense": 843870,
        "depreciationAndAmortization": 0,
        "ebitda": 1617000,
        "ebitdaratio": 0.5634146341,
        "operatingIncome": 1617000,
        "operatingIncomeRatio": 0.5634146341,
        "totalOtherIncomeExpensesNet": -844000,
        "incomeBeforeTax": 772960,
        "incomeBeforeTaxRatio": 0.2693240418,
        "incomeTaxExpense": 263580,
        "netIncome": 509380,
        "netIncomeRatio": 0.1774843206,
        "eps": 0.066,
        "epsdiluted": 0.066,
        "weightedAverageShsOut": 7716000,
        "weightedAverageShsOutDil": 7716000,
        "link": "https://www.sec.gov/Archives/edgar/data/1036848/000095013401501896/0000950134-01-501896-index.htm",
        "finalLink": "https://www.sec.gov/Archives/edgar/data/1036848/000095013401501896/d87343e10qsb.txt"
    },
    {
        "date": "2000-12-31",
        "symbol": "ACY",
        "reportedCurrency": "USD",
        "cik": "0001036848",
        "fillingDate": "2000-12-31",
        "acceptedDate": "2000-12-30 19:00:00",
        "calendarYear": "2000",
        "period": "Q4",
        "revenue": 3738000,
        "costOfRevenue": 0,
        "grossProfit": 3738000,
        "grossProfitRatio": 1,
        "researchAndDevelopmentExpenses": 0,
        "generalAndAdministrativeExpenses": 0,
        "sellingAndMarketingExpenses": 0,
        "sellingGeneralAndAdministrativeExpenses": 1645000,
        "otherExpenses": 712440,
        "operatingExpenses": 2358000,
        "costAndExpenses": 2358000,
        "interestIncome": 0,
        "interestExpense": 1083000,
        "depreciationAndAmortization": 0,
        "ebitda": 1380000,
        "ebitdaratio": 0.3691813804,
        "operatingIncome": 1380000,
        "operatingIncomeRatio": 0.3691813804,
        "totalOtherIncomeExpensesNet": -1083000,
        "incomeBeforeTax": 297530,
        "incomeBeforeTaxRatio": 0.0795960407,
        "incomeTaxExpense": 73070,
        "netIncome": 224460,
        "netIncomeRatio": 0.0600481541,
        "eps": 0.0291,
        "epsdiluted": 0.0291,
        "weightedAverageShsOut": 7716000,
        "weightedAverageShsOutDil": 7716000,
        "link": "",
        "finalLink": ""
    },
    {
        "date": "2000-09-30",
        "symbol": "ACY",
        "reportedCurrency": "USD",
        "cik": "0001036848",
        "fillingDate": "2000-09-30",
        "acceptedDate": "2000-09-29 20:00:00",
        "calendarYear": "2000",
        "period": "Q3",
        "revenue": 2970000,
        "costOfRevenue": 0,
        "grossProfit": 2970000,
        "grossProfitRatio": 1,
        "researchAndDevelopmentExpenses": 0,
        "generalAndAdministrativeExpenses": 658560,
        "sellingAndMarketingExpenses": 0,
        "sellingGeneralAndAdministrativeExpenses": 658560,
        "otherExpenses": 679400,
        "operatingExpenses": 1338000,
        "costAndExpenses": 1338000,
        "interestIncome": 0,
        "interestExpense": 892150,
        "depreciationAndAmortization": 0,
        "ebitda": 1632000,
        "ebitdaratio": 0.5494949495,
        "operatingIncome": 1632000,
        "operatingIncomeRatio": 0.5494949495,
        "totalOtherIncomeExpensesNet": -892000,
        "incomeBeforeTax": 739550,
        "incomeBeforeTaxRatio": 0.249006734,
        "incomeTaxExpense": 251190,
        "netIncome": 488360,
        "netIncomeRatio": 0.1644309764,
        "eps": 0.0633,
        "epsdiluted": 0.0633,
        "weightedAverageShsOut": 7716000,
        "weightedAverageShsOutDil": 7716000,
        "link": "",
        "finalLink": ""
    },
    {
        "date": "2000-06-30",
        "symbol": "ACY",
        "reportedCurrency": "USD",
        "cik": "0001036848",
        "fillingDate": "2000-06-30",
        "acceptedDate": "2000-06-29 20:00:00",
        "calendarYear": "2000",
        "period": "Q2",
        "revenue": 2722000,
        "costOfRevenue": 0,
        "grossProfit": 2722000,
        "grossProfitRatio": 1,
        "researchAndDevelopmentExpenses": 0,
        "generalAndAdministrativeExpenses": 570960,
        "sellingAndMarketingExpenses": 0,
        "sellingGeneralAndAdministrativeExpenses": 570960,
        "otherExpenses": 641060,
        "operatingExpenses": 1212000,
        "costAndExpenses": 1212000,
        "interestIncome": 0,
        "interestExpense": 0,
        "depreciationAndAmortization": -752000,
        "ebitda": 758380,
        "ebitdaratio": 0.2786113152,
        "operatingIncome": 1510000,
        "operatingIncomeRatio": 0.5547391624,
        "totalOtherIncomeExpensesNet": -752000,
        "incomeBeforeTax": 758380,
        "incomeBeforeTaxRatio": 0.2786113152,
        "incomeTaxExpense": 257700,
        "netIncome": 500680,
        "netIncomeRatio": 0.1839382807,
        "eps": 0.0649,
        "epsdiluted": 0.0649,
        "weightedAverageShsOut": 7716000,
        "weightedAverageShsOutDil": 7716000,
        "link": "",
        "finalLink": ""
    },
    {
        "date": "2000-03-31",
        "symbol": "ACY",
        "reportedCurrency": "USD",
        "cik": "0001036848",
        "fillingDate": "2000-03-31",
        "acceptedDate": "2000-03-30 19:00:00",
        "calendarYear": "2000",
        "period": "Q1",
        "revenue": 2678000,
        "costOfRevenue": 0,
        "grossProfit": 2678000,
        "grossProfitRatio": 1,
        "researchAndDevelopmentExpenses": 0,
        "generalAndAdministrativeExpenses": 570100,
        "sellingAndMarketingExpenses": 0,
        "sellingGeneralAndAdministrativeExpenses": 570100,
        "otherExpenses": 641060,
        "operatingExpenses": 1211000,
        "costAndExpenses": 1211000,
        "interestIncome": 0,
        "interestExpense": 745080,
        "depreciationAndAmortization": 0,
        "ebitda": 1467000,
        "ebitdaratio": 0.5477968633,
        "operatingIncome": 1467000,
        "operatingIncomeRatio": 0.5477968633,
        "totalOtherIncomeExpensesNet": -745000,
        "incomeBeforeTax": 721970,
        "incomeBeforeTaxRatio": 0.2695929798,
        "incomeTaxExpense": 264120,
        "netIncome": 457850,
        "netIncomeRatio": 0.1709671397,
        "eps": 0.0593,
        "epsdiluted": 0.0593,
        "weightedAverageShsOut": 7716000,
        "weightedAverageShsOutDil": 7716000,
        "link": "",
        "finalLink": ""
    },
    {
        "date": "1999-12-31",
        "symbol": "ACY",
        "reportedCurrency": "USD",
        "cik": "0001036848",
        "fillingDate": "1999-12-31",
        "acceptedDate": "1999-12-30 19:00:00",
        "calendarYear": "1999",
        "period": "Q4",
        "revenue": 2475000,
        "costOfRevenue": 0,
        "grossProfit": 2475000,
        "grossProfitRatio": 1,
        "researchAndDevelopmentExpenses": 0,
        "generalAndAdministrativeExpenses": 0,
        "sellingAndMarketingExpenses": 0,
        "sellingGeneralAndAdministrativeExpenses": 905300,
        "otherExpenses": 586230,
        "operatingExpenses": 1492000,
        "costAndExpenses": 1492000,
        "interestIncome": 0,
        "interestExpense": 0,
        "depreciationAndAmortization": -640000,
        "ebitda": 343510,
        "ebitdaratio": 0.1387919192,
        "operatingIncome": 983930,
        "operatingIncomeRatio": 0.3975474747,
        "totalOtherIncomeExpensesNet": -640000,
        "incomeBeforeTax": 343510,
        "incomeBeforeTaxRatio": 0.1387919192,
        "incomeTaxExpense": 39000,
        "netIncome": 304510,
        "netIncomeRatio": 0.1230343434,
        "eps": 0.0395,
        "epsdiluted": 0.0395,
        "weightedAverageShsOut": 7716000,
        "weightedAverageShsOutDil": 7716000,
        "link": "",
        "finalLink": ""
    },
    {
        "date": "1999-09-30",
        "symbol": "ACY",
        "reportedCurrency": "USD",
        "cik": "0001036848",
        "fillingDate": "1999-09-30",
        "acceptedDate": "1999-09-29 20:00:00",
        "calendarYear": "1999",
        "period": "Q3",
        "revenue": 1875000,
        "costOfRevenue": 0,
        "grossProfit": 1875000,
        "grossProfitRatio": 1,
        "researchAndDevelopmentExpenses": 0,
        "generalAndAdministrativeExpenses": 466870,
        "sellingAndMarketingExpenses": 0,
        "sellingGeneralAndAdministrativeExpenses": 466870,
        "otherExpenses": 465550,
        "operatingExpenses": 932420,
        "costAndExpenses": 932420,
        "interestIncome": 0,
        "interestExpense": 436840,
        "depreciationAndAmortization": 46490,
        "ebitda": 988670,
        "ebitdaratio": 0.5272906667,
        "operatingIncome": 942180,
        "operatingIncomeRatio": 0.502496,
        "totalOtherIncomeExpensesNet": -390000,
        "incomeBeforeTax": 551830,
        "incomeBeforeTaxRatio": 0.2943093333,
        "incomeTaxExpense": 188150,
        "netIncome": 363680,
        "netIncomeRatio": 0.1939626667,
        "eps": 0.0469,
        "epsdiluted": 0.0469,
        "weightedAverageShsOut": 7749000,
        "weightedAverageShsOutDil": 7749000,
        "link": "",
        "finalLink": ""
    },
    {
        "date": "1999-06-30",
        "symbol": "ACY",
        "reportedCurrency": "USD",
        "cik": "0001036848",
        "fillingDate": "1999-06-30",
        "acceptedDate": "1999-06-29 20:00:00",
        "calendarYear": "1999",
        "period": "Q2",
        "revenue": 1563000,
        "costOfRevenue": 0,
        "grossProfit": 1563000,
        "grossProfitRatio": 1,
        "researchAndDevelopmentExpenses": 0,
        "generalAndAdministrativeExpenses": 375220,
        "sellingAndMarketingExpenses": 0,
        "sellingGeneralAndAdministrativeExpenses": 375220,
        "otherExpenses": 341250,
        "operatingExpenses": 716470,
        "costAndExpenses": 716470,
        "interestIncome": 0,
        "interestExpense": 0,
        "depreciationAndAmortization": -248000,
        "ebitda": 598960,
        "ebitdaratio": 0.3832117722,
        "operatingIncome": 846590,
        "operatingIncomeRatio": 0.5416442738,
        "totalOtherIncomeExpensesNet": -248000,
        "incomeBeforeTax": 598960,
        "incomeBeforeTaxRatio": 0.3832117722,
        "incomeTaxExpense": 202050,
        "netIncome": 396910,
        "netIncomeRatio": 0.2539411388,
        "eps": 0.0506,
        "epsdiluted": 0.0506,
        "weightedAverageShsOut": 7846000,
        "weightedAverageShsOutDil": 7846000,
        "link": "",
        "finalLink": ""
    },
    {
        "date": "1999-03-31",
        "symbol": "ACY",
        "reportedCurrency": "USD",
        "cik": "0001036848",
        "fillingDate": "1999-03-31",
        "acceptedDate": "1999-03-30 19:00:00",
        "calendarYear": "1999",
        "period": "Q1",
        "revenue": 1421000,
        "costOfRevenue": 0,
        "grossProfit": 1421000,
        "grossProfitRatio": 1,
        "researchAndDevelopmentExpenses": 0,
        "generalAndAdministrativeExpenses": 357330,
        "sellingAndMarketingExpenses": 0,
        "sellingGeneralAndAdministrativeExpenses": 357330,
        "otherExpenses": 306970,
        "operatingExpenses": 664300,
        "costAndExpenses": 664300,
        "interestIncome": 0,
        "interestExpense": 209430,
        "depreciationAndAmortization": 0,
        "ebitda": 756220,
        "ebitdaratio": 0.532174525,
        "operatingIncome": 756220,
        "operatingIncomeRatio": 0.532174525,
        "totalOtherIncomeExpensesNet": -209000,
        "incomeBeforeTax": 546790,
        "incomeBeforeTaxRatio": 0.3847923997,
        "incomeTaxExpense": 206470,
        "netIncome": 340320,
        "netIncomeRatio": 0.2394933146,
        "eps": 0.0427,
        "epsdiluted": 0.0427,
        "weightedAverageShsOut": 7964000,
        "weightedAverageShsOutDil": 7964000,
        "link": "",
        "finalLink": ""
    },
    {
        "date": "1998-12-31",
        "symbol": "ACY",
        "reportedCurrency": "USD",
        "cik": "0001036848",
        "fillingDate": "1998-12-31",
        "acceptedDate": "1998-12-30 19:00:00",
        "calendarYear": "1998",
        "period": "Q4",
        "revenue": 1020000,
        "costOfRevenue": 0,
        "grossProfit": 1020000,
        "grossProfitRatio": 1,
        "researchAndDevelopmentExpenses": 0,
        "generalAndAdministrativeExpenses": 0,
        "sellingAndMarketingExpenses": 0,
        "sellingGeneralAndAdministrativeExpenses": 281790,
        "otherExpenses": 200530,
        "operatingExpenses": 482320,
        "costAndExpenses": 482320,
        "interestIncome": 0,
        "interestExpense": 20890,
        "depreciationAndAmortization": 0,
        "ebitda": 537460,
        "ebitdaratio": 0.5269215686,
        "operatingIncome": 537460,
        "operatingIncomeRatio": 0.5269215686,
        "totalOtherIncomeExpensesNet": -20890,
        "incomeBeforeTax": 516570,
        "incomeBeforeTaxRatio": 0.5064411765,
        "incomeTaxExpense": 242320,
        "netIncome": 274250,
        "netIncomeRatio": 0.268872549,
        "eps": 0.0344,
        "epsdiluted": 0.0344,
        "weightedAverageShsOut": 7964000,
        "weightedAverageShsOutDil": 7964000,
        "link": "",
        "finalLink": ""
    },
    {
        "date": "1998-09-30",
        "symbol": "ACY",
        "reportedCurrency": "USD",
        "cik": "0001036848",
        "fillingDate": "1998-09-30",
        "acceptedDate": "1998-09-29 20:00:00",
        "calendarYear": "1998",
        "period": "Q3",
        "revenue": 1062000,
        "costOfRevenue": 0,
        "grossProfit": 1062000,
        "grossProfitRatio": 1,
        "researchAndDevelopmentExpenses": 0,
        "generalAndAdministrativeExpenses": 214100,
        "sellingAndMarketingExpenses": 0,
        "sellingGeneralAndAdministrativeExpenses": 214100,
        "otherExpenses": 175300,
        "operatingExpenses": 389400,
        "costAndExpenses": 389400,
        "interestIncome": 0,
        "interestExpense": 28700,
        "depreciationAndAmortization": 0,
        "ebitda": 672100,
        "ebitdaratio": 0.6328625235,
        "operatingIncome": 672100,
        "operatingIncomeRatio": 0.6328625235,
        "totalOtherIncomeExpensesNet": -28700,
        "incomeBeforeTax": 643400,
        "incomeBeforeTaxRatio": 0.6058380414,
        "incomeTaxExpense": 263000,
        "netIncome": 380400,
        "netIncomeRatio": 0.3581920904,
        "eps": 0.0474,
        "epsdiluted": 0.0474,
        "weightedAverageShsOut": 8033000,
        "weightedAverageShsOutDil": 8033000,
        "link": "",
        "finalLink": ""
    },
    {
        "date": "1998-06-30",
        "symbol": "ACY",
        "reportedCurrency": "USD",
        "cik": "0001036848",
        "fillingDate": "1998-06-30",
        "acceptedDate": "1998-06-29 20:00:00",
        "calendarYear": "1998",
        "period": "Q2",
        "revenue": 874330,
        "costOfRevenue": 0,
        "grossProfit": 874330,
        "grossProfitRatio": 1,
        "researchAndDevelopmentExpenses": 0,
        "generalAndAdministrativeExpenses": 219970,
        "sellingAndMarketingExpenses": 0,
        "sellingGeneralAndAdministrativeExpenses": 219970,
        "otherExpenses": 180690,
        "operatingExpenses": 400660,
        "costAndExpenses": 400660,
        "interestIncome": 0,
        "interestExpense": 0,
        "depreciationAndAmortization": -26000,
        "ebitda": 447670,
        "ebitdaratio": 0.5120149143,
        "operatingIncome": 473670,
        "operatingIncomeRatio": 0.5417519701,
        "totalOtherIncomeExpensesNet": -26000,
        "incomeBeforeTax": 447670,
        "incomeBeforeTaxRatio": 0.5120149143,
        "incomeTaxExpense": 178660,
        "netIncome": 269010,
        "netIncomeRatio": 0.3076755916,
        "eps": 0.0335,
        "epsdiluted": 0.0335,
        "weightedAverageShsOut": 8033000,
        "weightedAverageShsOutDil": 8033000,
        "link": "",
        "finalLink": ""
    },
    {
        "date": "1998-03-31",
        "symbol": "ACY",
        "reportedCurrency": "USD",
        "cik": "0001036848",
        "fillingDate": "1998-03-31",
        "acceptedDate": "1998-03-30 19:00:00",
        "calendarYear": "1998",
        "period": "Q1",
        "revenue": 821920,
        "costOfRevenue": 0,
        "grossProfit": 821920,
        "grossProfitRatio": 1,
        "researchAndDevelopmentExpenses": 0,
        "generalAndAdministrativeExpenses": 219530,
        "sellingAndMarketingExpenses": 0,
        "sellingGeneralAndAdministrativeExpenses": 219530,
        "otherExpenses": 165820,
        "operatingExpenses": 385350,
        "costAndExpenses": 385350,
        "interestIncome": 0,
        "interestExpense": 0,
        "depreciationAndAmortization": 162800,
        "ebitda": 591280,
        "ebitdaratio": 0.7193887483,
        "operatingIncome": 436570,
        "operatingIncomeRatio": 0.5311587502,
        "totalOtherIncomeExpensesNet": -8090,
        "incomeBeforeTax": 428480,
        "incomeBeforeTaxRatio": 0.5213159432,
        "incomeTaxExpense": 170440,
        "netIncome": 258040,
        "netIncomeRatio": 0.3139478295,
        "eps": 0.0321,
        "epsdiluted": 0.0321,
        "weightedAverageShsOut": 8033000,
        "weightedAverageShsOutDil": 8033000,
        "link": "",
        "finalLink": ""
    }
]