[
    {
        "date": "2020-03-31",
        "symbol": "AGN",
        "reportedCurrency": "USD",
        "cik": "0000000000",
        "fillingDate": "2020-05-07",
        "acceptedDate": "2020-05-07 08:03:25",
        "calendarYear": "2020",
        "period": "Q1",
        "revenue": 3604400000,
        "costOfRevenue": 596300000,
        "grossProfit": 3008100000,
        "grossProfitRatio": 0.8345633115,
        "researchAndDevelopmentExpenses": 430000000,
        "generalAndAdministrativeExpenses": 328800000,
        "sellingAndMarketingExpenses": 972100000,
        "sellingGeneralAndAdministrativeExpenses": 1300900000,
        "otherExpenses": 2576800000,
        "operatingExpenses": 4307700000,
        "costAndExpenses": 4904000000,
        "interestIncome": 0,
        "interestExpense": 184500000,
        "depreciationAndAmortization": 1473200000,
        "ebitda": 168900000,
        "ebitdaratio": 0.0468593941,
        "operatingIncome": -1299600000,
        "operatingIncomeRatio": -0.3605593164,
        "totalOtherIncomeExpensesNet": -188200000,
        "incomeBeforeTax": -1487800000,
        "incomeBeforeTaxRatio": -0.4127732771,
        "incomeTaxExpense": -1866800000,
        "netIncome": 378000000,
        "netIncomeRatio": 0.1048718233,
        "eps": 1.14,
        "epsdiluted": 1.14,
        "weightedAverageShsOut": 331900000,
        "weightedAverageShsOutDil": 331900000,
        "link": "https://www.sec.gov/Archives/edgar/data/1578845/000156459020022386/0001564590-20-022386-index.html",
        "finalLink": "https://www.sec.gov/Archives/edgar/data/1578845/000156459020022386/agn-10q_20200331.htm"
    },
    {
        "date": "2019-12-31",
        "symbol": "AGN",
        "reportedCurrency": "USD",
        "cik": "0000000000",
        "fillingDate": "2020-02-18",
        "acceptedDate": "2020-02-18 16:27:25",
        "calendarYear": "2019",
        "period": "Q4",
        "revenue": 4351000000,
        "costOfRevenue": 697100000,
        "grossProfit": 3653900000,
        "grossProfitRatio": 0.8397839577,
        "researchAndDevelopmentExpenses": 452500000,
        "generalAndAdministrativeExpenses": 754800000,
        "sellingAndMarketingExpenses": 883000000,
        "sellingGeneralAndAdministrativeExpenses": 1637800000,
        "otherExpenses": 1840200000,
        "operatingExpenses": 3930500000,
        "costAndExpenses": 5332000000,
        "interestIncome": 0,
        "interestExpense": 192000000,
        "depreciationAndAmortization": 1571400000,
        "ebitda": 1341500000,
        "ebitdaratio": 0.3083199265,
        "operatingIncome": -276600000,
        "operatingIncomeRatio": -0.0635715927,
        "totalOtherIncomeExpensesNet": -145400000,
        "incomeBeforeTax": -422000000,
        "incomeBeforeTaxRatio": -0.0969891979,
        "incomeTaxExpense": -104700000,
        "netIncome": -317200000,
        "netIncomeRatio": -0.072902781,
        "eps": -0.97,
        "epsdiluted": -0.97,
        "weightedAverageShsOut": 328100000,
        "weightedAverageShsOutDil": 328100000,
        "link": "https://www.sec.gov/Archives/edgar/data/1578845/000156459020005038/0001564590-20-005038-index.html",
        "finalLink": "https://www.sec.gov/Archives/edgar/data/1578845/000156459020005038/agn-10k_20191231.htm"
    },
    {
        "date": "2019-09-30",
        "symbol": "AGN",
        "reportedCurrency": "USD",
        "cik": "0000000000",
        "fillingDate": "2019-11-05",
        "acceptedDate": "2019-11-05 17:00:24",
        "calendarYear": "2019",
        "period": "Q3",
        "revenue": 4050700000,
        "costOfRevenue": 638800000,
        "grossProfit": 3411900000,
        "grossProfitRatio": 0.8422988619,
        "researchAndDevelopmentExpenses": 474500000,
        "generalAndAdministrativeExpenses": 1092500000,
        "sellingAndMarketingExpenses": 901400000,
        "sellingGeneralAndAdministrativeExpenses": 1993900000,
        "otherExpenses": 1540100000,
        "operatingExpenses": 4008500000,
        "costAndExpenses": 4647300000,
        "interestIncome": 0,
        "interestExpense": 193900000,
        "depreciationAndAmortization": 1592100000,
        "ebitda": 1017300000,
        "ebitdaratio": 0.251141778,
        "operatingIncome": -596600000,
        "operatingIncomeRatio": -0.1472831856,
        "totalOtherIncomeExpensesNet": -170900000,
        "incomeBeforeTax": -767500000,
        "incomeBeforeTaxRatio": -0.1894734243,
        "incomeTaxExpense": 18100000,
        "netIncome": -786800000,
        "netIncomeRatio": -0.1942380329,
        "eps": -2.4,
        "epsdiluted": -2.4,
        "weightedAverageShsOut": 328000000,
        "weightedAverageShsOutDil": 328000000,
        "link": "https://www.sec.gov/Archives/edgar/data/1578845/000156459019040462/0001564590-19-040462-index.html",
        "finalLink": "https://www.sec.gov/Archives/edgar/data/1578845/000156459019040462/agn-10q_20190930.htm"
    },
    {
        "date": "2019-06-30",
        "symbol": "AGN",
        "reportedCurrency": "USD",
        "cik": "0000000000",
        "fillingDate": "2019-08-08",
        "acceptedDate": "2019-08-08 17:29:12",
        "calendarYear": "2019",
        "period": "Q2",
        "revenue": 4090100000,
        "costOfRevenue": 652200000,
        "grossProfit": 3437900000,
        "grossProfitRatio": 0.840541796,
        "researchAndDevelopmentExpenses": 450000000,
        "generalAndAdministrativeExpenses": 318800000,
        "sellingAndMarketingExpenses": 873300000,
        "sellingGeneralAndAdministrativeExpenses": 1192100000,
        "otherExpenses": 3058600000,
        "operatingExpenses": 4700700000,
        "costAndExpenses": 5353000000,
        "interestIncome": 0,
        "interestExpense": 195400000,
        "depreciationAndAmortization": 1450700000,
        "ebitda": 188700000,
        "ebitdaratio": 0.0461357913,
        "operatingIncome": -1262800000,
        "operatingIncomeRatio": -0.3087455074,
        "totalOtherIncomeExpensesNet": -190500000,
        "incomeBeforeTax": -1453300000,
        "incomeBeforeTaxRatio": -0.3553213858,
        "incomeTaxExpense": 301600000,
        "netIncome": -1759000000,
        "netIncomeRatio": -0.4300628346,
        "eps": -5.37,
        "epsdiluted": -5.37,
        "weightedAverageShsOut": 327800000,
        "weightedAverageShsOutDil": 327800000,
        "link": "https://www.sec.gov/Archives/edgar/data/1578845/000156459019030919/0001564590-19-030919-index.htm",
        "finalLink": "https://www.sec.gov/Archives/edgar/data/1578845/000156459019030919/agn-10q_20190630.htm"
    },
    {
        "date": "2019-03-31",
        "symbol": "AGN",
        "reportedCurrency": "USD",
        "cik": "0000000000",
        "fillingDate": "2019-05-07",
        "acceptedDate": "2019-05-07 17:25:39",
        "calendarYear": "2019",
        "period": "Q1",
        "revenue": 3597100000,
        "costOfRevenue": 496700000,
        "grossProfit": 3100400000,
        "grossProfitRatio": 0.8619165439,
        "researchAndDevelopmentExpenses": 435000000,
        "generalAndAdministrativeExpenses": 307400000,
        "sellingAndMarketingExpenses": 804000000,
        "sellingGeneralAndAdministrativeExpenses": 1111400000,
        "otherExpenses": 3863500000,
        "operatingExpenses": 5409900000,
        "costAndExpenses": 5906300000,
        "interestIncome": 0,
        "interestExpense": 201800000,
        "depreciationAndAmortization": 1446900000,
        "ebitda": -827900000,
        "ebitdaratio": -0.230157627,
        "operatingIncome": -2309500000,
        "operatingIncomeRatio": -0.6420449807,
        "totalOtherIncomeExpensesNet": -166400000,
        "incomeBeforeTax": -2475900000,
        "incomeBeforeTaxRatio": -0.6883044675,
        "incomeTaxExpense": -68600000,
        "netIncome": -2408000000,
        "netIncomeRatio": -0.6694281505,
        "eps": -7.25,
        "epsdiluted": -7.25,
        "weightedAverageShsOut": 332000000,
        "weightedAverageShsOutDil": 332000000,
        "link": "https://www.sec.gov/Archives/edgar/data/1578845/000156459019016635/0001564590-19-016635-index.html",
        "finalLink": "https://www.sec.gov/Archives/edgar/data/1578845/000156459019016635/agn-10q_20190331.htm"
    },
    {
        "date": "2018-12-31",
        "symbol": "AGN",
        "reportedCurrency": "USD",
        "cik": "0000000000",
        "fillingDate": "2019-02-15",
        "acceptedDate": "2019-02-15 16:44:23",
        "calendarYear": "2018",
        "period": "Q4",
        "revenue": 4079700000,
        "costOfRevenue": 590000000,
        "grossProfit": 3489700000,
        "grossProfitRatio": 0.8553815232,
        "researchAndDevelopmentExpenses": 678100000,
        "generalAndAdministrativeExpenses": 352000000,
        "sellingAndMarketingExpenses": 841600000,
        "sellingGeneralAndAdministrativeExpenses": 1193600000,
        "otherExpenses": 6987300000,
        "operatingExpenses": 8859000000,
        "costAndExpenses": 9463800000,
        "interestIncome": 0,
        "interestExpense": 210200000,
        "depreciationAndAmortization": 1615700000,
        "ebitda": -3756400000,
        "ebitdaratio": -0.920753977,
        "operatingIncome": -5369300000,
        "operatingIncomeRatio": -1.3161016741,
        "totalOtherIncomeExpensesNet": -223300000,
        "incomeBeforeTax": -5592600000,
        "incomeBeforeTaxRatio": -1.3708360909,
        "incomeTaxExpense": -1282400000,
        "netIncome": -4299900000,
        "netIncomeRatio": -1.053974557,
        "eps": -12.83,
        "epsdiluted": -12.83,
        "weightedAverageShsOut": 335200000,
        "weightedAverageShsOutDil": 335200000,
        "link": "https://www.sec.gov/Archives/edgar/data/1578845/000156459019003111/0001564590-19-003111-index.html",
        "finalLink": "https://www.sec.gov/Archives/edgar/data/1578845/000156459019003111/agn-10k_20181231.htm"
    },
    {
        "date": "2018-09-30",
        "symbol": "AGN",
        "reportedCurrency": "USD",
        "cik": "0000000000",
        "fillingDate": "2018-10-31",
        "acceptedDate": "2018-10-31 07:03:00",
        "calendarYear": "2018",
        "period": "Q3",
        "revenue": 3911400000,
        "costOfRevenue": 596800000,
        "grossProfit": 3314600000,
        "grossProfitRatio": 0.847420361,
        "researchAndDevelopmentExpenses": 424200000,
        "generalAndAdministrativeExpenses": 289200000,
        "sellingAndMarketingExpenses": 755600000,
        "sellingGeneralAndAdministrativeExpenses": 1044800000,
        "otherExpenses": 1466800000,
        "operatingExpenses": 2935800000,
        "costAndExpenses": 3653900000,
        "interestIncome": 0,
        "interestExpense": 220400000,
        "depreciationAndAmortization": 1633000000,
        "ebitda": 2028900000,
        "ebitdaratio": 0.5187145268,
        "operatingIncome": 378800000,
        "operatingIncomeRatio": 0.0968451194,
        "totalOtherIncomeExpensesNet": -201700000,
        "incomeBeforeTax": 177100000,
        "incomeBeforeTaxRatio": 0.0452779056,
        "incomeTaxExpense": 213400000,
        "netIncome": -37900000,
        "netIncomeRatio": -0.0096896252,
        "eps": -0.11,
        "epsdiluted": -0.11,
        "weightedAverageShsOut": 339000000,
        "weightedAverageShsOutDil": 339000000,
        "link": "https://www.sec.gov/Archives/edgar/data/1578845/000156459018025723/0001564590-18-025723-index.html",
        "finalLink": "https://www.sec.gov/Archives/edgar/data/1578845/000156459018025723/agn-10q_20180930.htm"
    },
    {
        "date": "2018-06-30",
        "symbol": "AGN",
        "reportedCurrency": "USD",
        "cik": "0000000000",
        "fillingDate": "2018-08-03",
        "acceptedDate": "2018-08-02 19:24:03",
        "calendarYear": "2018",
        "period": "Q2",
        "revenue": 4124200000,
        "costOfRevenue": 481800000,
        "grossProfit": 3642400000,
        "grossProfitRatio": 0.8831773435,
        "researchAndDevelopmentExpenses": 689200000,
        "generalAndAdministrativeExpenses": 334100000,
        "sellingAndMarketingExpenses": 853400000,
        "sellingGeneralAndAdministrativeExpenses": 1187500000,
        "otherExpenses": 2170600000,
        "operatingExpenses": 4047300000,
        "costAndExpenses": 4591200000,
        "interestIncome": 0,
        "interestExpense": 230000000,
        "depreciationAndAmortization": 1746200000,
        "ebitda": 1498500000,
        "ebitdaratio": 0.3633431938,
        "operatingIncome": -404900000,
        "operatingIncomeRatio": -0.0981766161,
        "totalOtherIncomeExpensesNet": -70400000,
        "incomeBeforeTax": -475300000,
        "incomeBeforeTaxRatio": -0.1152465933,
        "incomeTaxExpense": -5200000,
        "netIncome": -472500000,
        "netIncomeRatio": -0.1145676737,
        "eps": -1.39,
        "epsdiluted": -1.39,
        "weightedAverageShsOut": 339100000,
        "weightedAverageShsOutDil": 339100000,
        "link": "https://www.sec.gov/Archives/edgar/data/1578845/000156459018018996/0001564590-18-018996-index.html",
        "finalLink": "https://www.sec.gov/Archives/edgar/data/1578845/000156459018018996/agn-10q_20180630.htm"
    },
    {
        "date": "2018-03-31",
        "symbol": "AGN",
        "reportedCurrency": "USD",
        "cik": "0000000000",
        "fillingDate": "2018-05-03",
        "acceptedDate": "2018-05-03 16:24:17",
        "calendarYear": "2018",
        "period": "Q1",
        "revenue": 3672100000,
        "costOfRevenue": 522800000,
        "grossProfit": 3149300000,
        "grossProfitRatio": 0.8576291495,
        "researchAndDevelopmentExpenses": 474700000,
        "generalAndAdministrativeExpenses": 295900000,
        "sellingAndMarketingExpenses": 800000000,
        "sellingGeneralAndAdministrativeExpenses": 1095900000,
        "otherExpenses": 2232700000,
        "operatingExpenses": 3803300000,
        "costAndExpenses": 4326100000,
        "interestIncome": 0,
        "interestExpense": 250600000,
        "depreciationAndAmortization": 1753700000,
        "ebitda": 1036000000,
        "ebitdaratio": 0.282127393,
        "operatingIncome": -654000000,
        "operatingIncomeRatio": -0.178099725,
        "totalOtherIncomeExpensesNet": -312100000,
        "incomeBeforeTax": -966100000,
        "incomeBeforeTaxRatio": -0.2630919637,
        "incomeTaxExpense": -682200000,
        "netIncome": -286100000,
        "netIncomeRatio": -0.0779118216,
        "eps": -0.86,
        "epsdiluted": -0.86,
        "weightedAverageShsOut": 334600000,
        "weightedAverageShsOutDil": 334600000,
        "link": "https://www.sec.gov/Archives/edgar/data/1578845/000156459018010702/0001564590-18-010702-index.html",
        "finalLink": "https://www.sec.gov/Archives/edgar/data/1578845/000156459018010702/agn-10q_20180331.htm"
    },
    {
        "date": "2017-12-31",
        "symbol": "AGN",
        "reportedCurrency": "USD",
        "cik": "0000000000",
        "fillingDate": "2018-02-16",
        "acceptedDate": "2018-02-16 16:51:46",
        "calendarYear": "2017",
        "period": "Q4",
        "revenue": 4326100000,
        "costOfRevenue": 580900000,
        "grossProfit": 3745200000,
        "grossProfitRatio": 0.8657220129,
        "researchAndDevelopmentExpenses": 408200000,
        "generalAndAdministrativeExpenses": 389100000,
        "sellingAndMarketingExpenses": 877700000,
        "sellingGeneralAndAdministrativeExpenses": 1266800000,
        "otherExpenses": -1220600000,
        "operatingExpenses": 454400000,
        "costAndExpenses": 4416600000,
        "interestIncome": 0,
        "interestExpense": 263300000,
        "depreciationAndAmortization": 1970500000,
        "ebitda": 4236800000,
        "ebitdaratio": 0.9793578512,
        "operatingIncome": 3290800000,
        "operatingIncomeRatio": 0.7606851437,
        "totalOtherIncomeExpensesNet": -3700600000,
        "incomeBeforeTax": -409800000,
        "incomeBeforeTaxRatio": -0.0947273526,
        "incomeTaxExpense": -1118300000,
        "netIncome": 3121300000,
        "netIncomeRatio": 0.7215043573,
        "eps": 9.42,
        "epsdiluted": 9.42,
        "weightedAverageShsOut": 331400000,
        "weightedAverageShsOutDil": 331400000,
        "link": "https://www.sec.gov/Archives/edgar/data/1578845/000156459018002345/0001564590-18-002345-index.htm",
        "finalLink": "https://www.sec.gov/Archives/edgar/data/1578845/000156459018002345/agn-10k_20171231.htm"
    },
    {
        "date": "2017-09-30",
        "symbol": "AGN",
        "reportedCurrency": "USD",
        "cik": "0000000000",
        "fillingDate": "2017-11-02",
        "acceptedDate": "2017-11-01 18:02:08",
        "calendarYear": "2017",
        "period": "Q3",
        "revenue": 4034300000,
        "costOfRevenue": 586500000,
        "grossProfit": 3447800000,
        "grossProfitRatio": 0.8546216196,
        "researchAndDevelopmentExpenses": 442600000,
        "generalAndAdministrativeExpenses": 336900000,
        "sellingAndMarketingExpenses": 832800000,
        "sellingGeneralAndAdministrativeExpenses": 1169700000,
        "otherExpenses": 7153300000,
        "operatingExpenses": 8765600000,
        "costAndExpenses": 8056600000,
        "interestIncome": 0,
        "interestExpense": 265200000,
        "depreciationAndAmortization": 1823000000,
        "ebitda": -3506300000.0000005,
        "ebitdaratio": -0.8691222765,
        "operatingIncome": -5317800000,
        "operatingIncomeRatio": -1.3181468904,
        "totalOtherIncomeExpensesNet": -268900000,
        "incomeBeforeTax": -5586700000,
        "incomeBeforeTaxRatio": -1.3848003371,
        "incomeTaxExpense": -1638800000,
        "netIncome": -3955700000,
        "netIncomeRatio": -0.9805170662,
        "eps": -11.86,
        "epsdiluted": -11.86,
        "weightedAverageShsOut": 333500000,
        "weightedAverageShsOutDil": 333500000,
        "link": "https://www.sec.gov/Archives/edgar/data/1578845/000156459017020864/0001564590-17-020864-index.html",
        "finalLink": "https://www.sec.gov/Archives/edgar/data/1578845/000156459017020864/agn-10q_20170930.htm"
    },
    {
        "date": "2017-06-30",
        "symbol": "AGN",
        "reportedCurrency": "USD",
        "cik": "0000000000",
        "fillingDate": "2017-08-09",
        "acceptedDate": "2017-08-09 07:32:49",
        "calendarYear": "2017",
        "period": "Q2",
        "revenue": 4007400000,
        "costOfRevenue": 550200000,
        "grossProfit": 3457200000,
        "grossProfitRatio": 0.8627039976,
        "researchAndDevelopmentExpenses": 489400000,
        "generalAndAdministrativeExpenses": 459800000,
        "sellingAndMarketingExpenses": 935200000,
        "sellingGeneralAndAdministrativeExpenses": 1395000000,
        "otherExpenses": 2636700000,
        "operatingExpenses": 4521100000,
        "costAndExpenses": 4909800000,
        "interestIncome": 0,
        "interestExpense": 277400000,
        "depreciationAndAmortization": 1797500000,
        "ebitda": 767800000,
        "ebitdaratio": 0.1915955482,
        "operatingIncome": -1063900000,
        "operatingIncomeRatio": -0.2654838549,
        "totalOtherIncomeExpensesNet": -232800000,
        "incomeBeforeTax": -1296700000,
        "incomeBeforeTaxRatio": -0.3235763837,
        "incomeTaxExpense": -581200000,
        "netIncome": -725900000,
        "netIncomeRatio": -0.1811398912,
        "eps": -2.17,
        "epsdiluted": -2.17,
        "weightedAverageShsOut": 335200000,
        "weightedAverageShsOutDil": 335200000,
        "link": "https://www.sec.gov/Archives/edgar/data/1578845/000156459017016759/0001564590-17-016759-index.html",
        "finalLink": "https://www.sec.gov/Archives/edgar/data/1578845/000156459017016759/agn-10q_20170630.htm"
    },
    {
        "date": "2017-03-31",
        "symbol": "AGN",
        "reportedCurrency": "USD",
        "cik": "0000000000",
        "fillingDate": "2017-05-09",
        "acceptedDate": "2017-05-09 16:17:50",
        "calendarYear": "2017",
        "period": "Q1",
        "revenue": 3572900000,
        "costOfRevenue": 450400000,
        "grossProfit": 3122500000,
        "grossProfitRatio": 0.8739399367,
        "researchAndDevelopmentExpenses": 759900000,
        "generalAndAdministrativeExpenses": 316100000,
        "sellingAndMarketingExpenses": 869100000,
        "sellingGeneralAndAdministrativeExpenses": 1185200000,
        "otherExpenses": 4061400000,
        "operatingExpenses": 6006500000,
        "costAndExpenses": 4478900000,
        "interestIncome": 0,
        "interestExpense": 289700000,
        "depreciationAndAmortization": 1777600000,
        "ebitda": -1030000000,
        "ebitdaratio": -0.2882812281,
        "operatingIncome": -2884000000,
        "operatingIncomeRatio": -0.8071874388,
        "totalOtherIncomeExpensesNet": -209200000,
        "incomeBeforeTax": -3093200000,
        "incomeBeforeTaxRatio": -0.8657393154,
        "incomeTaxExpense": -532100000,
        "netIncome": -2565200000,
        "netIncomeRatio": -0.7179602004,
        "eps": -7.66,
        "epsdiluted": -7.66,
        "weightedAverageShsOut": 335100000,
        "weightedAverageShsOutDil": 335100000,
        "link": "https://www.sec.gov/Archives/edgar/data/1578845/000156459017009870/0001564590-17-009870-index.html",
        "finalLink": "https://www.sec.gov/Archives/edgar/data/1578845/000156459017009870/agn-10q_20170331.htm"
    },
    {
        "date": "2016-12-31",
        "symbol": "AGN",
        "reportedCurrency": "USD",
        "cik": "0000000000",
        "fillingDate": "2017-02-24",
        "acceptedDate": "2017-02-24 17:06:21",
        "calendarYear": "2016",
        "period": "Q4",
        "revenue": 3864300000,
        "costOfRevenue": 479700000,
        "grossProfit": 3384600000,
        "grossProfitRatio": 0.8758636752,
        "researchAndDevelopmentExpenses": 913300000,
        "generalAndAdministrativeExpenses": 440000000,
        "sellingAndMarketingExpenses": 836800000,
        "sellingGeneralAndAdministrativeExpenses": 1276800000,
        "otherExpenses": 2094500000,
        "operatingExpenses": 4284600000,
        "costAndExpenses": 4764300000,
        "interestIncome": 0,
        "interestExpense": 292700000,
        "depreciationAndAmortization": 1676700000,
        "ebitda": 897600000,
        "ebitdaratio": 0.2322801025,
        "operatingIncome": -900000000,
        "operatingIncomeRatio": -0.2329011723,
        "totalOtherIncomeExpensesNet": -211300000,
        "incomeBeforeTax": -1111300000,
        "incomeBeforeTaxRatio": -0.2875811919,
        "incomeTaxExpense": -1071200000,
        "netIncome": -600000,
        "netIncomeRatio": -0.0001552674,
        "eps": -0.0017,
        "epsdiluted": -0.0017,
        "weightedAverageShsOut": 356400000,
        "weightedAverageShsOutDil": 356400000,
        "link": "https://www.sec.gov/Archives/edgar/data/1578845/000156459017002433/0001564590-17-002433-index.html",
        "finalLink": "https://www.sec.gov/Archives/edgar/data/1578845/000156459017002433/agn-10k_20161231.htm"
    },
    {
        "date": "2016-09-30",
        "symbol": "AGN",
        "reportedCurrency": "USD",
        "cik": "0000000000",
        "fillingDate": "2016-11-04",
        "acceptedDate": "2016-11-04 17:16:33",
        "calendarYear": "2016",
        "period": "Q3",
        "revenue": 3622200000,
        "costOfRevenue": 462200000,
        "grossProfit": 3160000000,
        "grossProfitRatio": 0.8723979902,
        "researchAndDevelopmentExpenses": 622800000,
        "generalAndAdministrativeExpenses": 361200000,
        "sellingAndMarketingExpenses": 796000000,
        "sellingGeneralAndAdministrativeExpenses": 1157200000,
        "otherExpenses": 1646400000,
        "operatingExpenses": 3426400000,
        "costAndExpenses": 3888600000,
        "interestIncome": 0,
        "interestExpense": 324300000,
        "depreciationAndAmortization": 1649800000,
        "ebitda": 17035200000,
        "ebitdaratio": 4.7029981779,
        "operatingIncome": -266400000,
        "operatingIncomeRatio": -0.0735464635,
        "totalOtherIncomeExpensesNet": -272600000,
        "incomeBeforeTax": -539000000,
        "incomeBeforeTaxRatio": -0.1488045939,
        "incomeTaxExpense": -158900000,
        "netIncome": 15220000000,
        "netIncomeRatio": 4.2018662691,
        "eps": 38.76,
        "epsdiluted": 38.76,
        "weightedAverageShsOut": 392700000,
        "weightedAverageShsOutDil": 392700000,
        "link": "https://www.sec.gov/Archives/edgar/data/1578845/000156459016027705/0001564590-16-027705-index.html",
        "finalLink": "https://www.sec.gov/Archives/edgar/data/1578845/000156459016027705/agn-10q_20160930.htm"
    },
    {
        "date": "2016-06-30",
        "symbol": "AGN",
        "reportedCurrency": "USD",
        "cik": "0000000000",
        "fillingDate": "2016-08-08",
        "acceptedDate": "2016-08-08 17:05:24",
        "calendarYear": "2016",
        "period": "Q2",
        "revenue": 3684800000,
        "costOfRevenue": 441500000,
        "grossProfit": 3243300000,
        "grossProfitRatio": 0.8801834564,
        "researchAndDevelopmentExpenses": 636500000,
        "generalAndAdministrativeExpenses": 372200000,
        "sellingAndMarketingExpenses": 837800000,
        "sellingGeneralAndAdministrativeExpenses": 1210000000,
        "otherExpenses": 1884400000,
        "operatingExpenses": 3730900000,
        "costAndExpenses": 3793500000,
        "interestIncome": 0,
        "interestExpense": 345800000,
        "depreciationAndAmortization": 1670300000,
        "ebitda": 1256200000,
        "ebitdaratio": 0.3409140252,
        "operatingIncome": -487600000,
        "operatingIncomeRatio": -0.132327399,
        "totalOtherIncomeExpensesNet": -193200000,
        "incomeBeforeTax": -680800000,
        "incomeBeforeTaxRatio": -0.18475901,
        "incomeTaxExpense": -258200000,
        "netIncome": -501700000,
        "netIncomeRatio": -0.1361539297,
        "eps": -1.27,
        "epsdiluted": -1.27,
        "weightedAverageShsOut": 395600000,
        "weightedAverageShsOutDil": 395600000,
        "link": "https://www.sec.gov/Archives/edgar/data/1578845/000156459016023337/0001564590-16-023337-index.html",
        "finalLink": "https://www.sec.gov/Archives/edgar/data/1578845/000156459016023337/agn-10q_20160630.htm"
    },
    {
        "date": "2016-03-31",
        "symbol": "AGN",
        "reportedCurrency": "USD",
        "cik": "0000000000",
        "fillingDate": "2016-05-10",
        "acceptedDate": "2016-05-10 09:18:22",
        "calendarYear": "2016",
        "period": "Q1",
        "revenue": 3399300000,
        "costOfRevenue": 477400000,
        "grossProfit": 2921900000,
        "grossProfitRatio": 0.859559321,
        "researchAndDevelopmentExpenses": 403100000,
        "generalAndAdministrativeExpenses": 300500000,
        "sellingAndMarketingExpenses": 795800000,
        "sellingGeneralAndAdministrativeExpenses": 1096300000,
        "otherExpenses": 1594000000,
        "operatingExpenses": 3093400000,
        "costAndExpenses": 3949700000,
        "interestIncome": 0,
        "interestExpense": 332800000,
        "depreciationAndAmortization": 1634200000,
        "ebitda": 1814000000,
        "ebitdaratio": 0.5336392787,
        "operatingIncome": -171500000,
        "operatingIncomeRatio": -0.0504515636,
        "totalOtherIncomeExpensesNet": -329400000,
        "incomeBeforeTax": -500900000,
        "incomeBeforeTaxRatio": -0.147353867,
        "incomeTaxExpense": -408700000,
        "netIncome": 255700000,
        "netIncomeRatio": 0.0752213691,
        "eps": 0.65,
        "epsdiluted": 0.65,
        "weightedAverageShsOut": 394800000,
        "weightedAverageShsOutDil": 394800000,
        "link": "https://www.sec.gov/Archives/edgar/data/1578845/000156459016018775/0001564590-16-018775-index.html",
        "finalLink": "https://www.sec.gov/Archives/edgar/data/1578845/000156459016018775/agn-10q_20160331.htm"
    },
    {
        "date": "2015-12-31",
        "symbol": "AGN",
        "reportedCurrency": "USD",
        "cik": "0000000000",
        "fillingDate": "2016-02-26",
        "acceptedDate": "2016-02-26 08:04:22",
        "calendarYear": "2015",
        "period": "Q4",
        "revenue": 3606900000,
        "costOfRevenue": 601800000,
        "grossProfit": 3005100000,
        "grossProfitRatio": 0.8331531232,
        "researchAndDevelopmentExpenses": 430600000,
        "generalAndAdministrativeExpenses": 492700000,
        "sellingAndMarketingExpenses": 783600000,
        "sellingGeneralAndAdministrativeExpenses": 1276300000,
        "otherExpenses": 1867700000,
        "operatingExpenses": 3574600000,
        "costAndExpenses": 4737800000,
        "interestIncome": 0,
        "interestExpense": 341300000,
        "depreciationAndAmortization": 1618600000,
        "ebitda": 1214100000,
        "ebitdaratio": 0.3366048407,
        "operatingIncome": -569500000,
        "operatingIncomeRatio": -0.1578918185,
        "totalOtherIncomeExpensesNet": -334000000,
        "incomeBeforeTax": -903500000,
        "incomeBeforeTaxRatio": -0.2504921123,
        "incomeTaxExpense": -114900000,
        "netIncome": -630900000,
        "netIncomeRatio": -0.1749147467,
        "eps": -1.6,
        "epsdiluted": -1.6,
        "weightedAverageShsOut": 394500000,
        "weightedAverageShsOutDil": 394500000,
        "link": "https://www.sec.gov/Archives/edgar/data/1578845/000156459016013478/0001564590-16-013478-index.html",
        "finalLink": "https://www.sec.gov/Archives/edgar/data/1578845/000156459016013478/agn-10k_20151231.htm"
    },
    {
        "date": "2015-09-30",
        "symbol": "AGN",
        "reportedCurrency": "USD",
        "cik": "0000000000",
        "fillingDate": "2015-11-06",
        "acceptedDate": "2015-11-06 08:32:50",
        "calendarYear": "2015",
        "period": "Q3",
        "revenue": 3469500000,
        "costOfRevenue": 710300000,
        "grossProfit": 2759200000,
        "grossProfitRatio": 0.7952730941,
        "researchAndDevelopmentExpenses": 1260500000,
        "generalAndAdministrativeExpenses": 608800000,
        "sellingAndMarketingExpenses": 413900000,
        "sellingGeneralAndAdministrativeExpenses": 1022700000,
        "otherExpenses": 1853400000,
        "operatingExpenses": 4136600000,
        "costAndExpenses": 2873700000,
        "interestIncome": 0,
        "interestExpense": 340200000,
        "depreciationAndAmortization": 1645300000,
        "ebitda": 6447800000,
        "ebitdaratio": 1.8584234039,
        "operatingIncome": -1377400000,
        "operatingIncomeRatio": -0.3970024499,
        "totalOtherIncomeExpensesNet": -336500000,
        "incomeBeforeTax": -1713900000,
        "incomeBeforeTaxRatio": -0.4939904885,
        "incomeTaxExpense": -838900000,
        "netIncome": 5301200000,
        "netIncomeRatio": 1.5279435077,
        "eps": 13.47,
        "epsdiluted": 13.47,
        "weightedAverageShsOut": 393600000,
        "weightedAverageShsOutDil": 393600000,
        "link": "https://www.sec.gov/Archives/edgar/data/1578845/000156459015009844/0001564590-15-009844-index.html",
        "finalLink": "https://www.sec.gov/Archives/edgar/data/1578845/000156459015009844/agn-10q_20150930.htm"
    },
    {
        "date": "2015-06-30",
        "symbol": "AGN",
        "reportedCurrency": "USD",
        "cik": "0000000000",
        "fillingDate": "2015-08-06",
        "acceptedDate": "2015-08-06 09:27:30",
        "calendarYear": "2015",
        "period": "Q2",
        "revenue": 3628700000,
        "costOfRevenue": 917800000,
        "grossProfit": 2710900000,
        "grossProfitRatio": 0.7470719541,
        "researchAndDevelopmentExpenses": 349700000,
        "generalAndAdministrativeExpenses": 140100000,
        "sellingAndMarketingExpenses": 981000000,
        "sellingGeneralAndAdministrativeExpenses": 1121100000,
        "otherExpenses": 1716200000,
        "operatingExpenses": 3187000000,
        "costAndExpenses": 5917900000,
        "interestIncome": 0,
        "interestExpense": 339900000,
        "depreciationAndAmortization": 1748800000,
        "ebitda": 1463700000,
        "ebitdaratio": 0.4033675972,
        "operatingIncome": -476100000,
        "operatingIncomeRatio": -0.1312040125,
        "totalOtherIncomeExpensesNet": -377700000,
        "incomeBeforeTax": -853800000,
        "incomeBeforeTaxRatio": -0.2352908755,
        "incomeTaxExpense": -381900000,
        "netIncome": -243100000,
        "netIncomeRatio": -0.0669936892,
        "eps": -0.62,
        "epsdiluted": -0.62,
        "weightedAverageShsOut": 392600000,
        "weightedAverageShsOutDil": 392600000,
        "link": "https://www.sec.gov/Archives/edgar/data/1578845/000156459015006357/0001564590-15-006357-index.html",
        "finalLink": "https://www.sec.gov/Archives/edgar/data/1578845/000156459015006357/agn-10q_20150630.htm"
    },
    {
        "date": "2015-03-31",
        "symbol": "AGN",
        "reportedCurrency": "USD",
        "cik": "0000000000",
        "fillingDate": "2015-05-11",
        "acceptedDate": "2015-05-11 09:16:43",
        "calendarYear": "2015",
        "period": "Q1",
        "revenue": 1983000000,
        "costOfRevenue": 521900000,
        "grossProfit": 1461100000,
        "grossProfitRatio": 0.7368129097,
        "researchAndDevelopmentExpenses": 317700000,
        "generalAndAdministrativeExpenses": 325900000,
        "sellingAndMarketingExpenses": 735500000,
        "sellingGeneralAndAdministrativeExpenses": 1061400000,
        "otherExpenses": 790000000,
        "operatingExpenses": 2169100000,
        "costAndExpenses": 4556100000,
        "interestIncome": 0,
        "interestExpense": 171900000,
        "depreciationAndAmortization": 982600000,
        "ebitda": 372300000,
        "ebitdaratio": 0.1877458396,
        "operatingIncome": -708000000,
        "operatingIncomeRatio": -0.3570347958,
        "totalOtherIncomeExpensesNet": -368300000,
        "incomeBeforeTax": -1076300000,
        "incomeBeforeTaxRatio": -0.5427634897,
        "incomeTaxExpense": -270200000,
        "netIncome": -512000000,
        "netIncomeRatio": -0.2581946546,
        "eps": -1.4,
        "epsdiluted": -1.4,
        "weightedAverageShsOut": 367000000,
        "weightedAverageShsOutDil": 367000000,
        "link": "https://www.sec.gov/Archives/edgar/data/1578845/000119312515180860/0001193125-15-180860-index.html",
        "finalLink": "https://www.sec.gov/Archives/edgar/data/1578845/000119312515180860/d912920d10q.htm"
    },
    {
        "date": "2014-12-31",
        "symbol": "AGN",
        "reportedCurrency": "USD",
        "cik": "0000000000",
        "fillingDate": "2015-02-18",
        "acceptedDate": "2015-02-18 17:11:21",
        "calendarYear": "2014",
        "period": "Q4",
        "revenue": 2415600000,
        "costOfRevenue": 1082200000,
        "grossProfit": 1333400000,
        "grossProfitRatio": 0.5519953635,
        "researchAndDevelopmentExpenses": 237100000,
        "generalAndAdministrativeExpenses": 340100000,
        "sellingAndMarketingExpenses": 568200000,
        "sellingGeneralAndAdministrativeExpenses": 908300000,
        "otherExpenses": 1168600000,
        "operatingExpenses": 2314000000,
        "costAndExpenses": 4686500000,
        "interestIncome": 0,
        "interestExpense": 127800000,
        "depreciationAndAmortization": 938000000,
        "ebitda": 172500000,
        "ebitdaratio": 0.0714108296,
        "operatingIncome": -980600000,
        "operatingIncomeRatio": -0.4059446928,
        "totalOtherIncomeExpensesNet": -165300000,
        "incomeBeforeTax": -1145900000,
        "incomeBeforeTaxRatio": -0.4743748965,
        "incomeTaxExpense": -160400000,
        "netIncome": -732900000,
        "netIncomeRatio": -0.3034028813,
        "eps": -2.76,
        "epsdiluted": -2.76,
        "weightedAverageShsOut": 265600000,
        "weightedAverageShsOutDil": 265600000,
        "link": "https://www.sec.gov/Archives/edgar/data/1578845/000119312515052898/0001193125-15-052898-index.htm",
        "finalLink": "https://www.sec.gov/Archives/edgar/data/1578845/000119312515052898/d842874d10k.htm"
    },
    {
        "date": "2014-09-30",
        "symbol": "AGN",
        "reportedCurrency": "USD",
        "cik": "0000000000",
        "fillingDate": "2014-11-05",
        "acceptedDate": "2014-11-05 17:04:54",
        "calendarYear": "2014",
        "period": "Q3",
        "revenue": 2150800000,
        "costOfRevenue": 1183100000,
        "grossProfit": 967700000,
        "grossProfitRatio": 0.4499256091,
        "researchAndDevelopmentExpenses": 276600000,
        "generalAndAdministrativeExpenses": 255900000,
        "sellingAndMarketingExpenses": 707200000,
        "sellingGeneralAndAdministrativeExpenses": 963100000,
        "otherExpenses": 980100000,
        "operatingExpenses": 2219800000,
        "costAndExpenses": 4735200000,
        "interestIncome": 0,
        "interestExpense": 132100000,
        "depreciationAndAmortization": 938200000,
        "ebitda": -193500000,
        "ebitdaratio": -0.0899665241,
        "operatingIncome": -1252100000,
        "operatingIncomeRatio": -0.582155477,
        "totalOtherIncomeExpensesNet": -131000000,
        "incomeBeforeTax": -1383100000,
        "incomeBeforeTaxRatio": -0.6430630463,
        "incomeTaxExpense": -221000000,
        "netIncome": -1042800000,
        "netIncomeRatio": -0.4848428492,
        "eps": -3.95,
        "epsdiluted": -3.95,
        "weightedAverageShsOut": 264300000,
        "weightedAverageShsOutDil": 264300000,
        "link": "https://www.sec.gov/Archives/edgar/data/1578845/000119312514398729/0001193125-14-398729-index.html",
        "finalLink": "https://www.sec.gov/Archives/edgar/data/1578845/000119312514398729/d801284d10q.htm"
    },
    {
        "date": "2014-06-30",
        "symbol": "AGN",
        "reportedCurrency": "USD",
        "cik": "0000000000",
        "fillingDate": "2014-08-05",
        "acceptedDate": "2014-08-05 16:35:47",
        "calendarYear": "2014",
        "period": "Q2",
        "revenue": -482600000,
        "costOfRevenue": 0,
        "grossProfit": -377900000,
        "grossProfitRatio": 0.783050145,
        "researchAndDevelopmentExpenses": -79500000,
        "generalAndAdministrativeExpenses": -261400000,
        "sellingAndMarketingExpenses": 291500000,
        "sellingGeneralAndAdministrativeExpenses": 30100000,
        "otherExpenses": 60700000,
        "operatingExpenses": 11300000,
        "costAndExpenses": 2461100000,
        "interestIncome": 0,
        "interestExpense": 79100000,
        "depreciationAndAmortization": 472400000,
        "ebitda": 470200000,
        "ebitdaratio": -0.9743058433,
        "operatingIncome": -389200000,
        "operatingIncomeRatio": 0.8064649814,
        "totalOtherIncomeExpensesNet": -97000000,
        "incomeBeforeTax": -486200000,
        "incomeBeforeTaxRatio": 1.0074595939,
        "incomeTaxExpense": -130000000,
        "netIncome": 48700000,
        "netIncomeRatio": -0.1009117281,
        "eps": 0.16,
        "epsdiluted": 0.16,
        "weightedAverageShsOut": 296400000,
        "weightedAverageShsOutDil": 296400000,
        "link": "https://www.sec.gov/Archives/edgar/data/1578845/000119312514295884/0001193125-14-295884-index.html",
        "finalLink": "https://www.sec.gov/Archives/edgar/data/1578845/000119312514295884/d757905d10q.htm"
    },
    {
        "date": "2014-03-31",
        "symbol": "AGN",
        "reportedCurrency": "USD",
        "cik": "0000000000",
        "fillingDate": "2014-05-07",
        "acceptedDate": "2014-05-07 09:32:05",
        "calendarYear": "2014",
        "period": "Q1",
        "revenue": 2655100000,
        "costOfRevenue": 1293000000,
        "grossProfit": 1362100000,
        "grossProfitRatio": 0.5130126926,
        "researchAndDevelopmentExpenses": 171500000,
        "generalAndAdministrativeExpenses": 263400000,
        "sellingAndMarketingExpenses": 283100000,
        "sellingGeneralAndAdministrativeExpenses": 546500000,
        "otherExpenses": 436200000,
        "operatingExpenses": 1154200000,
        "costAndExpenses": 2447200000,
        "interestIncome": 0,
        "interestExpense": 72800000,
        "depreciationAndAmortization": 479800000,
        "ebitda": 693500000,
        "ebitdaratio": 0.2611954352,
        "operatingIncome": 207900000,
        "operatingIncomeRatio": 0.0783021355,
        "totalOtherIncomeExpensesNet": -66800000,
        "incomeBeforeTax": 141100000,
        "incomeBeforeTaxRatio": 0.0531430078,
        "incomeTaxExpense": 44400000,
        "netIncome": 96500000,
        "netIncomeRatio": 0.0363451471,
        "eps": 0.55,
        "epsdiluted": 0.55,
        "weightedAverageShsOut": 174900000,
        "weightedAverageShsOutDil": 174900000,
        "link": "https://www.sec.gov/Archives/edgar/data/850693/000085069314000004/0000850693-14-000004-index.html",
        "finalLink": "https://www.sec.gov/Archives/edgar/data/850693/000085069314000004/agn10-qq12014.htm"
    },
    {
        "date": "2013-12-31",
        "symbol": "AGN",
        "reportedCurrency": "USD",
        "cik": "0000000000",
        "fillingDate": "2014-02-25",
        "acceptedDate": "2014-02-25 09:02:04",
        "calendarYear": "2013",
        "period": "Q4",
        "revenue": 2779300000,
        "costOfRevenue": 1470600000,
        "grossProfit": 1308700000,
        "grossProfitRatio": 0.4708739611,
        "researchAndDevelopmentExpenses": 184800000,
        "generalAndAdministrativeExpenses": -302600000,
        "sellingAndMarketingExpenses": 1020300000,
        "sellingGeneralAndAdministrativeExpenses": 717700000,
        "otherExpenses": 476700000,
        "operatingExpenses": 1379200000,
        "costAndExpenses": 9100800000,
        "interestIncome": 0,
        "interestExpense": 239800000,
        "depreciationAndAmortization": 442700000,
        "ebitda": 535800000,
        "ebitdaratio": 0.1927823553,
        "operatingIncome": -70500000,
        "operatingIncomeRatio": -0.0253660994,
        "totalOtherIncomeExpensesNet": -76300000,
        "incomeBeforeTax": -146800000,
        "incomeBeforeTaxRatio": -0.0528190552,
        "incomeTaxExpense": 1700000,
        "netIncome": -148400000,
        "netIncomeRatio": -0.0533947397,
        "eps": -0.85,
        "epsdiluted": -0.85,
        "weightedAverageShsOut": 174100000,
        "weightedAverageShsOutDil": 174100000,
        "link": "https://www.sec.gov/Archives/edgar/data/1578845/000119312514066242/0001193125-14-066242-index.htm",
        "finalLink": "https://www.sec.gov/Archives/edgar/data/1578845/000119312514066242/d648811d10k.htm"
    }
]