[
    {
        "date": "2019-12-31",
        "symbol": "AKS",
        "reportedCurrency": "USD",
        "cik": "0000918160",
        "fillingDate": "2020-02-20",
        "acceptedDate": "2020-02-20 06:47:59",
        "calendarYear": "2019",
        "period": "Q4",
        "revenue": 1445700000,
        "costOfRevenue": 1337000000,
        "grossProfit": 108700000,
        "grossProfitRatio": 0.07518849,
        "researchAndDevelopmentExpenses": 0,
        "generalAndAdministrativeExpenses": 68300000,
        "sellingAndMarketingExpenses": 4000000,
        "sellingGeneralAndAdministrativeExpenses": 72300000,
        "otherExpenses": 26000000,
        "operatingExpenses": 98300000,
        "costAndExpenses": 4000000,
        "interestIncome": 0,
        "interestExpense": 0,
        "depreciationAndAmortization": 52200000,
        "ebitda": 1800000,
        "ebitdaratio": 0.0012450716,
        "operatingIncome": 10400000,
        "operatingIncomeRatio": 0.007193747,
        "totalOtherIncomeExpensesNet": -51800000,
        "incomeBeforeTax": -41400000,
        "incomeBeforeTaxRatio": -0.0286366466,
        "incomeTaxExpense": 3500000,
        "netIncome": -53900000,
        "netIncomeRatio": -0.0372829771,
        "eps": -0.17,
        "epsdiluted": -0.17,
        "weightedAverageShsOut": 315800000,
        "weightedAverageShsOutDil": 315800000,
        "link": "https://www.sec.gov/Archives/edgar/data/918160/000091816020000029/0000918160-20-000029-index.html",
        "finalLink": "https://www.sec.gov/Archives/edgar/data/918160/000091816020000029/form10-k2019.htm"
    },
    {
        "date": "2019-09-30",
        "symbol": "AKS",
        "reportedCurrency": "USD",
        "cik": "0000918160",
        "fillingDate": "2019-10-30",
        "acceptedDate": "2019-10-30 16:07:35",
        "calendarYear": "2019",
        "period": "Q3",
        "revenue": 1535500000,
        "costOfRevenue": 1350700000,
        "grossProfit": 184800000,
        "grossProfitRatio": 0.120351677,
        "researchAndDevelopmentExpenses": 0,
        "generalAndAdministrativeExpenses": 68000000,
        "sellingAndMarketingExpenses": 3000000,
        "sellingGeneralAndAdministrativeExpenses": 71000000,
        "otherExpenses": 62700000,
        "operatingExpenses": 133700000,
        "costAndExpenses": 1484400000,
        "interestIncome": 0,
        "interestExpense": 37000000,
        "depreciationAndAmortization": 55600000,
        "ebitda": 95700000,
        "ebitdaratio": 0.0623249756,
        "operatingIncome": 51100000,
        "operatingIncomeRatio": 0.0332790622,
        "totalOtherIncomeExpensesNet": -30900000,
        "incomeBeforeTax": 20200000,
        "incomeBeforeTaxRatio": 0.013155324,
        "incomeTaxExpense": 300000,
        "netIncome": 2800000,
        "netIncomeRatio": 0.0018235103,
        "eps": 0.0088,
        "epsdiluted": 0.0088,
        "weightedAverageShsOut": 316800000,
        "weightedAverageShsOutDil": 316800000,
        "link": "https://www.sec.gov/Archives/edgar/data/918160/000091816019000111/0000918160-19-000111-index.html",
        "finalLink": "https://www.sec.gov/Archives/edgar/data/918160/000091816019000111/form10-q2019q3.htm"
    },
    {
        "date": "2019-06-30",
        "symbol": "AKS",
        "reportedCurrency": "USD",
        "cik": "0000918160",
        "fillingDate": "2019-07-29",
        "acceptedDate": "2019-07-29 16:10:29",
        "calendarYear": "2019",
        "period": "Q2",
        "revenue": 1680500000,
        "costOfRevenue": 1484900000,
        "grossProfit": 195600000,
        "grossProfitRatio": 0.1163939304,
        "researchAndDevelopmentExpenses": 0,
        "generalAndAdministrativeExpenses": 73300000,
        "sellingAndMarketingExpenses": 2000000,
        "sellingGeneralAndAdministrativeExpenses": 75300000,
        "otherExpenses": 13700000,
        "operatingExpenses": 89000000,
        "costAndExpenses": 1573900000,
        "interestIncome": 0,
        "interestExpense": 37100000,
        "depreciationAndAmortization": 57000000,
        "ebitda": 161900000,
        "ebitdaratio": 0.0963403749,
        "operatingIncome": 106600000,
        "operatingIncomeRatio": 0.0634335019,
        "totalOtherIncomeExpensesNet": -25700000,
        "incomeBeforeTax": 80900000,
        "incomeBeforeTaxRatio": 0.0481404344,
        "incomeTaxExpense": 1000000,
        "netIncome": 66800000,
        "netIncomeRatio": 0.0397500744,
        "eps": 0.21,
        "epsdiluted": 0.21,
        "weightedAverageShsOut": 316500000,
        "weightedAverageShsOutDil": 316500000,
        "link": "https://www.sec.gov/Archives/edgar/data/918160/000091816019000092/0000918160-19-000092-index.html",
        "finalLink": "https://www.sec.gov/Archives/edgar/data/918160/000091816019000092/form10-q2019q2.htm"
    },
    {
        "date": "2019-03-31",
        "symbol": "AKS",
        "reportedCurrency": "USD",
        "cik": "0000918160",
        "fillingDate": "2019-04-29",
        "acceptedDate": "2019-04-29 16:08:24",
        "calendarYear": "2019",
        "period": "Q1",
        "revenue": 1697700000,
        "costOfRevenue": 1485900000,
        "grossProfit": 211800000,
        "grossProfitRatio": 0.1247570242,
        "researchAndDevelopmentExpenses": 0,
        "generalAndAdministrativeExpenses": 600000,
        "sellingAndMarketingExpenses": 76000000,
        "sellingGeneralAndAdministrativeExpenses": 76600000,
        "otherExpenses": 94000000,
        "operatingExpenses": 170600000,
        "costAndExpenses": 1656500000,
        "interestIncome": 0,
        "interestExpense": 37900000,
        "depreciationAndAmortization": 60500000,
        "ebitda": 95300000,
        "ebitdaratio": 0.0561347706,
        "operatingIncome": 41200000,
        "operatingIncomeRatio": 0.0242681275,
        "totalOtherIncomeExpensesNet": -31700000,
        "incomeBeforeTax": 9500000,
        "incomeBeforeTaxRatio": 0.0055958061,
        "incomeTaxExpense": 1400000,
        "netIncome": -4500000,
        "netIncomeRatio": -0.002650645,
        "eps": -0.0143,
        "epsdiluted": -0.0143,
        "weightedAverageShsOut": 315600000,
        "weightedAverageShsOutDil": 315600000,
        "link": "https://www.sec.gov/Archives/edgar/data/918160/000091816019000056/0000918160-19-000056-index.html",
        "finalLink": "https://www.sec.gov/Archives/edgar/data/918160/000091816019000056/form10-q2019q1.htm"
    },
    {
        "date": "2018-12-31",
        "symbol": "AKS",
        "reportedCurrency": "USD",
        "cik": "0000918160",
        "fillingDate": "2019-02-15",
        "acceptedDate": "2019-02-15 16:34:31",
        "calendarYear": "2018",
        "period": "Q4",
        "revenue": 1677100000,
        "costOfRevenue": 1448400000,
        "grossProfit": 228700000,
        "grossProfitRatio": 0.1363663467,
        "researchAndDevelopmentExpenses": 0,
        "generalAndAdministrativeExpenses": -233200000,
        "sellingAndMarketingExpenses": 320000000,
        "sellingGeneralAndAdministrativeExpenses": 86800000,
        "otherExpenses": 55400000,
        "operatingExpenses": 142200000,
        "costAndExpenses": 1590600000,
        "interestIncome": 0,
        "interestExpense": 38300000,
        "depreciationAndAmortization": 62900000,
        "ebitda": 132500000,
        "ebitdaratio": 0.079005426,
        "operatingIncome": 86500000,
        "operatingIncomeRatio": 0.0515771272,
        "totalOtherIncomeExpensesNet": -46600000,
        "incomeBeforeTax": 39900000,
        "incomeBeforeTaxRatio": 0.0237910679,
        "incomeTaxExpense": -2200000,
        "netIncome": 33500000,
        "netIncomeRatio": 0.0199749568,
        "eps": 0.11,
        "epsdiluted": 0.11,
        "weightedAverageShsOut": 304545460,
        "weightedAverageShsOutDil": 304545460,
        "link": "https://www.sec.gov/Archives/edgar/data/918160/000091816019000041/0000918160-19-000041-index.html",
        "finalLink": "https://www.sec.gov/Archives/edgar/data/918160/000091816019000041/form10-k2018.htm"
    },
    {
        "date": "2018-09-30",
        "symbol": "AKS",
        "reportedCurrency": "USD",
        "cik": "0000918160",
        "fillingDate": "2018-10-26",
        "acceptedDate": "2018-10-26 16:23:56",
        "calendarYear": "2018",
        "period": "Q3",
        "revenue": 1735600000,
        "costOfRevenue": 1486200000,
        "grossProfit": 249400000,
        "grossProfitRatio": 0.1436967043,
        "researchAndDevelopmentExpenses": 0,
        "generalAndAdministrativeExpenses": 77600000,
        "sellingAndMarketingExpenses": 2000000,
        "sellingGeneralAndAdministrativeExpenses": 79600000,
        "otherExpenses": 55000000,
        "operatingExpenses": 134600000,
        "costAndExpenses": 1620800000,
        "interestIncome": 0,
        "interestExpense": 37800000,
        "depreciationAndAmortization": 62200000,
        "ebitda": 168600000,
        "ebitdaratio": 0.0971421987,
        "operatingIncome": 114800000,
        "operatingIncomeRatio": 0.0661442729,
        "totalOtherIncomeExpensesNet": -28500000,
        "incomeBeforeTax": 86300000,
        "incomeBeforeTaxRatio": 0.0497234386,
        "incomeTaxExpense": 1400000,
        "netIncome": 67200000,
        "netIncomeRatio": 0.0387185988,
        "eps": 0.21,
        "epsdiluted": 0.21,
        "weightedAverageShsOut": 316000000,
        "weightedAverageShsOutDil": 316000000,
        "link": "https://www.sec.gov/Archives/edgar/data/918160/000091816018000158/0000918160-18-000158-index.html",
        "finalLink": "https://www.sec.gov/Archives/edgar/data/918160/000091816018000158/form10-q2018q3.htm"
    },
    {
        "date": "2018-06-30",
        "symbol": "AKS",
        "reportedCurrency": "USD",
        "cik": "0000918160",
        "fillingDate": "2018-07-30",
        "acceptedDate": "2018-07-30 16:35:28",
        "calendarYear": "2018",
        "period": "Q2",
        "revenue": 1746600000,
        "costOfRevenue": 1512700000,
        "grossProfit": 233900000,
        "grossProfitRatio": 0.1339173251,
        "researchAndDevelopmentExpenses": 0,
        "generalAndAdministrativeExpenses": 77500000,
        "sellingAndMarketingExpenses": 2000000,
        "sellingGeneralAndAdministrativeExpenses": 79500000,
        "otherExpenses": 54900000,
        "operatingExpenses": 134400000,
        "costAndExpenses": 1647100000,
        "interestIncome": 0,
        "interestExpense": 37900000,
        "depreciationAndAmortization": 62200000,
        "ebitda": 156200000,
        "ebitdaratio": 0.0894308943,
        "operatingIncome": 99500000,
        "operatingIncomeRatio": 0.0569678232,
        "totalOtherIncomeExpensesNet": -27700000,
        "incomeBeforeTax": 71800000,
        "incomeBeforeTaxRatio": 0.0411084393,
        "incomeTaxExpense": -500000,
        "netIncome": 56600000,
        "netIncomeRatio": 0.032405817,
        "eps": 0.18,
        "epsdiluted": 0.18,
        "weightedAverageShsOut": 315700000,
        "weightedAverageShsOutDil": 315700000,
        "link": "https://www.sec.gov/Archives/edgar/data/918160/000091816018000125/0000918160-18-000125-index.html",
        "finalLink": "https://www.sec.gov/Archives/edgar/data/918160/000091816018000125/form10-q2018q2.htm"
    },
    {
        "date": "2018-03-31",
        "symbol": "AKS",
        "reportedCurrency": "USD",
        "cik": "0000918160",
        "fillingDate": "2018-04-30",
        "acceptedDate": "2018-04-30 08:17:06",
        "calendarYear": "2018",
        "period": "Q1",
        "revenue": 1658900000,
        "costOfRevenue": 1463700000,
        "grossProfit": 195200000,
        "grossProfitRatio": 0.1176683344,
        "researchAndDevelopmentExpenses": 0,
        "generalAndAdministrativeExpenses": 75700000,
        "sellingAndMarketingExpenses": 1000000,
        "sellingGeneralAndAdministrativeExpenses": 76700000,
        "otherExpenses": 54900000,
        "operatingExpenses": 131600000,
        "costAndExpenses": 1595300000,
        "interestIncome": 0,
        "interestExpense": 37600000,
        "depreciationAndAmortization": 64900000,
        "ebitda": 131600000,
        "ebitdaratio": 0.0793296763,
        "operatingIncome": 63600000,
        "operatingIncomeRatio": 0.0383386581,
        "totalOtherIncomeExpensesNet": -23700000,
        "incomeBeforeTax": 39900000,
        "incomeBeforeTaxRatio": 0.0240520827,
        "incomeTaxExpense": 400000,
        "netIncome": 28700000,
        "netIncomeRatio": 0.0173006209,
        "eps": 0.0908,
        "epsdiluted": 0.0908,
        "weightedAverageShsOut": 316000000,
        "weightedAverageShsOutDil": 316000000,
        "link": "https://www.sec.gov/Archives/edgar/data/918160/000091816018000091/0000918160-18-000091-index.html",
        "finalLink": "https://www.sec.gov/Archives/edgar/data/918160/000091816018000091/form10-q2018q1.htm"
    },
    {
        "date": "2017-12-31",
        "symbol": "AKS",
        "reportedCurrency": "USD",
        "cik": "0000918160",
        "fillingDate": "2018-02-15",
        "acceptedDate": "2018-02-15 16:48:33",
        "calendarYear": "2017",
        "period": "Q4",
        "revenue": 1495600000,
        "costOfRevenue": 1354400000,
        "grossProfit": 141200000,
        "grossProfitRatio": 0.0944102701,
        "researchAndDevelopmentExpenses": 0,
        "generalAndAdministrativeExpenses": -17900000,
        "sellingAndMarketingExpenses": 78000000,
        "sellingGeneralAndAdministrativeExpenses": 60100000,
        "otherExpenses": 133400000,
        "operatingExpenses": 193500000,
        "costAndExpenses": 1535400000,
        "interestIncome": 0,
        "interestExpense": 37200000,
        "depreciationAndAmortization": 64000000,
        "ebitda": -13599999.999999993,
        "ebitdaratio": -0.0090933405,
        "operatingIncome": -52300000,
        "operatingIncomeRatio": -0.0349692431,
        "totalOtherIncomeExpensesNet": -17500000,
        "incomeBeforeTax": -69800000,
        "incomeBeforeTaxRatio": -0.0466702327,
        "incomeTaxExpense": -34400000,
        "netIncome": -80400000,
        "netIncomeRatio": -0.0537576892,
        "eps": -0.26,
        "epsdiluted": -0.26,
        "weightedAverageShsOut": 309200000,
        "weightedAverageShsOutDil": 309200000,
        "link": "https://www.sec.gov/Archives/edgar/data/918160/000091816018000065/0000918160-18-000065-index.html",
        "finalLink": "https://www.sec.gov/Archives/edgar/data/918160/000091816018000065/form10-k2017.htm"
    },
    {
        "date": "2017-09-30",
        "symbol": "AKS",
        "reportedCurrency": "USD",
        "cik": "0000918160",
        "fillingDate": "2017-11-03",
        "acceptedDate": "2017-11-03 16:29:46",
        "calendarYear": "2017",
        "period": "Q3",
        "revenue": 1494300000,
        "costOfRevenue": 1301800000,
        "grossProfit": 192500000,
        "grossProfitRatio": 0.1288228602,
        "researchAndDevelopmentExpenses": 0,
        "generalAndAdministrativeExpenses": -133800000,
        "sellingAndMarketingExpenses": 202000000,
        "sellingGeneralAndAdministrativeExpenses": 68200000,
        "otherExpenses": 58000000,
        "operatingExpenses": 126200000,
        "costAndExpenses": 1456500000,
        "interestIncome": 0,
        "interestExpense": 37500000,
        "depreciationAndAmortization": 64200000,
        "ebitda": 123700000,
        "ebitdaratio": 0.0827812354,
        "operatingIncome": 66300000,
        "operatingIncomeRatio": 0.0443686007,
        "totalOtherIncomeExpensesNet": -27200000,
        "incomeBeforeTax": 39100000,
        "incomeBeforeTaxRatio": 0.0261660978,
        "incomeTaxExpense": -300000,
        "netIncome": 22300000,
        "netIncomeRatio": 0.0149233755,
        "eps": 0.0704,
        "epsdiluted": 0.0704,
        "weightedAverageShsOut": 316700000,
        "weightedAverageShsOutDil": 316700000,
        "link": "https://www.sec.gov/Archives/edgar/data/918160/000091816017000171/0000918160-17-000171-index.html",
        "finalLink": "https://www.sec.gov/Archives/edgar/data/918160/000091816017000171/form10-q2017q3.htm"
    },
    {
        "date": "2017-06-30",
        "symbol": "AKS",
        "reportedCurrency": "USD",
        "cik": "0000918160",
        "fillingDate": "2017-07-28",
        "acceptedDate": "2017-07-28 16:55:19",
        "calendarYear": "2017",
        "period": "Q2",
        "revenue": 1557200000,
        "costOfRevenue": 1320000000,
        "grossProfit": 237200000,
        "grossProfitRatio": 0.1523246853,
        "researchAndDevelopmentExpenses": 0,
        "generalAndAdministrativeExpenses": 63600000,
        "sellingAndMarketingExpenses": 2000000,
        "sellingGeneralAndAdministrativeExpenses": 65600000,
        "otherExpenses": 55100000,
        "operatingExpenses": 120700000,
        "costAndExpenses": 1447700000,
        "interestIncome": 0,
        "interestExpense": 38200000,
        "depreciationAndAmortization": 59600000,
        "ebitda": 175400000,
        "ebitdaratio": 0.1126380683,
        "operatingIncome": 116500000,
        "operatingIncomeRatio": 0.0748137683,
        "totalOtherIncomeExpensesNet": -23700000,
        "incomeBeforeTax": 92800000,
        "incomeBeforeTaxRatio": 0.0595941433,
        "incomeTaxExpense": 400000,
        "netIncome": 77200000,
        "netIncomeRatio": 0.0495761623,
        "eps": 0.24,
        "epsdiluted": 0.24,
        "weightedAverageShsOut": 319000000,
        "weightedAverageShsOutDil": 319000000,
        "link": "https://www.sec.gov/Archives/edgar/data/918160/000091816017000146/0000918160-17-000146-index.html",
        "finalLink": "https://www.sec.gov/Archives/edgar/data/918160/000091816017000146/form10-q2017q2.htm"
    },
    {
        "date": "2017-03-31",
        "symbol": "AKS",
        "reportedCurrency": "USD",
        "cik": "0000918160",
        "fillingDate": "2017-04-28",
        "acceptedDate": "2017-04-28 16:29:32",
        "calendarYear": "2017",
        "period": "Q1",
        "revenue": 1533400000,
        "costOfRevenue": 1276900000,
        "grossProfit": 256500000,
        "grossProfitRatio": 0.1672753359,
        "researchAndDevelopmentExpenses": 0,
        "generalAndAdministrativeExpenses": 700000,
        "sellingAndMarketingExpenses": 71000000,
        "sellingGeneralAndAdministrativeExpenses": 71700000,
        "otherExpenses": 55100000,
        "operatingExpenses": 126800000,
        "costAndExpenses": 1420900000,
        "interestIncome": 0,
        "interestExpense": 39400000,
        "depreciationAndAmortization": 62300000,
        "ebitda": 186100000,
        "ebitdaratio": 0.1213642885,
        "operatingIncome": 129700000,
        "operatingIncomeRatio": 0.084583279,
        "totalOtherIncomeExpensesNet": -29100000,
        "incomeBeforeTax": 100600000,
        "incomeBeforeTaxRatio": 0.0656058432,
        "incomeTaxExpense": 10300000,
        "netIncome": 84400000,
        "netIncomeRatio": 0.0550410852,
        "eps": 0.26,
        "epsdiluted": 0.26,
        "weightedAverageShsOut": 325600000,
        "weightedAverageShsOutDil": 325600000,
        "link": "https://www.sec.gov/Archives/edgar/data/918160/000091816017000102/0000918160-17-000102-index.html",
        "finalLink": "https://www.sec.gov/Archives/edgar/data/918160/000091816017000102/form10-q2017q1.htm"
    },
    {
        "date": "2016-12-31",
        "symbol": "AKS",
        "reportedCurrency": "USD",
        "cik": "0000918160",
        "fillingDate": "2017-02-17",
        "acceptedDate": "2017-02-17 16:44:10",
        "calendarYear": "2016",
        "period": "Q4",
        "revenue": 1418600000,
        "costOfRevenue": 1180100000,
        "grossProfit": 238500000,
        "grossProfitRatio": 0.168123502,
        "researchAndDevelopmentExpenses": 0,
        "generalAndAdministrativeExpenses": 112100000,
        "sellingAndMarketingExpenses": 72000000,
        "sellingGeneralAndAdministrativeExpenses": 184100000,
        "otherExpenses": 65600000,
        "operatingExpenses": 249700000,
        "costAndExpenses": 1429800000,
        "interestIncome": 0,
        "interestExpense": 39400000,
        "depreciationAndAmortization": 59000000,
        "ebitda": 35100000,
        "ebitdaratio": 0.0247427041,
        "operatingIncome": -11200000,
        "operatingIncomeRatio": -0.0078951079,
        "totalOtherIncomeExpensesNet": -38700000,
        "incomeBeforeTax": -49900000,
        "incomeBeforeTaxRatio": -0.0351755252,
        "incomeTaxExpense": -900000,
        "netIncome": -62400000,
        "netIncomeRatio": -0.0439870295,
        "eps": -0.22,
        "epsdiluted": -0.22,
        "weightedAverageShsOut": 288200000,
        "weightedAverageShsOutDil": 288200000,
        "link": "https://www.sec.gov/Archives/edgar/data/918160/000091816017000076/0000918160-17-000076-index.html",
        "finalLink": "https://www.sec.gov/Archives/edgar/data/918160/000091816017000076/form10-k2016.htm"
    },
    {
        "date": "2016-09-30",
        "symbol": "AKS",
        "reportedCurrency": "USD",
        "cik": "0000918160",
        "fillingDate": "2016-10-25",
        "acceptedDate": "2016-10-25 17:22:48",
        "calendarYear": "2016",
        "period": "Q3",
        "revenue": 1452900000,
        "costOfRevenue": 1194100000,
        "grossProfit": 258800000,
        "grossProfitRatio": 0.1781265056,
        "researchAndDevelopmentExpenses": 0,
        "generalAndAdministrativeExpenses": 48000000,
        "sellingAndMarketingExpenses": 80000000,
        "sellingGeneralAndAdministrativeExpenses": 128000000,
        "otherExpenses": 0,
        "operatingExpenses": 128000000,
        "costAndExpenses": 1322100000,
        "interestIncome": 0,
        "interestExpense": 40300000,
        "depreciationAndAmortization": 58100000,
        "ebitda": 163900000,
        "ebitdaratio": 0.112808865,
        "operatingIncome": 130800000,
        "operatingIncomeRatio": 0.0900268429,
        "totalOtherIncomeExpensesNet": -47300000,
        "incomeBeforeTax": 83500000,
        "incomeBeforeTaxRatio": 0.0574712644,
        "incomeTaxExpense": 14600000,
        "netIncome": 50900000,
        "netIncomeRatio": 0.0350333815,
        "eps": 0.21,
        "epsdiluted": 0.21,
        "weightedAverageShsOut": 238400000,
        "weightedAverageShsOutDil": 238400000,
        "link": "https://www.sec.gov/Archives/edgar/data/918160/000091816016000132/0000918160-16-000132-index.html",
        "finalLink": "https://www.sec.gov/Archives/edgar/data/918160/000091816016000132/form10-q2016q3.htm"
    },
    {
        "date": "2016-06-30",
        "symbol": "AKS",
        "reportedCurrency": "USD",
        "cik": "0000918160",
        "fillingDate": "2016-07-29",
        "acceptedDate": "2016-07-29 16:30:38",
        "calendarYear": "2016",
        "period": "Q2",
        "revenue": 1492200000,
        "costOfRevenue": 1325000000,
        "grossProfit": 167200000,
        "grossProfitRatio": 0.1120493231,
        "researchAndDevelopmentExpenses": 0,
        "generalAndAdministrativeExpenses": 200000,
        "sellingAndMarketingExpenses": 62000000,
        "sellingGeneralAndAdministrativeExpenses": 62200000,
        "otherExpenses": 42400000,
        "operatingExpenses": 104600000,
        "costAndExpenses": 1429600000,
        "interestIncome": 0,
        "interestExpense": 41400000,
        "depreciationAndAmortization": 58900000,
        "ebitda": 107000000,
        "ebitdaratio": 0.0717062056,
        "operatingIncome": 62600000,
        "operatingIncomeRatio": 0.041951481,
        "totalOtherIncomeExpensesNet": -39300000,
        "incomeBeforeTax": 23300000,
        "incomeBeforeTaxRatio": 0.0156145289,
        "incomeTaxExpense": -10600000,
        "netIncome": 17300000,
        "netIncomeRatio": 0.0115936202,
        "eps": 0.0797,
        "epsdiluted": 0.0797,
        "weightedAverageShsOut": 217200000,
        "weightedAverageShsOutDil": 217200000,
        "link": "https://www.sec.gov/Archives/edgar/data/918160/000091816016000108/0000918160-16-000108-index.htm",
        "finalLink": "https://www.sec.gov/Archives/edgar/data/918160/000091816016000108/form10-q2016q2.htm"
    },
    {
        "date": "2016-03-31",
        "symbol": "AKS",
        "reportedCurrency": "USD",
        "cik": "0000918160",
        "fillingDate": "2016-04-28",
        "acceptedDate": "2016-04-27 18:27:34",
        "calendarYear": "2016",
        "period": "Q1",
        "revenue": 1518800000,
        "costOfRevenue": 1365500000,
        "grossProfit": 153300000,
        "grossProfitRatio": 0.1009349486,
        "researchAndDevelopmentExpenses": 0,
        "generalAndAdministrativeExpenses": 500000,
        "sellingAndMarketingExpenses": 63000000,
        "sellingGeneralAndAdministrativeExpenses": 63500000,
        "otherExpenses": 41800000,
        "operatingExpenses": 105300000,
        "costAndExpenses": 1470800000,
        "interestIncome": 0,
        "interestExpense": 42800000,
        "depreciationAndAmortization": 59000000,
        "ebitda": 88300000,
        "ebitdaratio": 0.0581380037,
        "operatingIncome": 48000000,
        "operatingIncomeRatio": 0.0316038978,
        "totalOtherIncomeExpensesNet": -43500000,
        "incomeBeforeTax": 4500000,
        "incomeBeforeTaxRatio": 0.0029628654,
        "incomeTaxExpense": 100000,
        "netIncome": -13600000,
        "netIncomeRatio": -0.0089544377,
        "eps": -0.0766,
        "epsdiluted": -0.0766,
        "weightedAverageShsOut": 177500000,
        "weightedAverageShsOutDil": 177500000,
        "link": "https://www.sec.gov/Archives/edgar/data/918160/000091816016000093/0000918160-16-000093-index.html",
        "finalLink": "https://www.sec.gov/Archives/edgar/data/918160/000091816016000093/form10-q2016q1.htm"
    },
    {
        "date": "2015-12-31",
        "symbol": "AKS",
        "reportedCurrency": "USD",
        "cik": "0000918160",
        "fillingDate": "2016-02-19",
        "acceptedDate": "2016-02-19 16:49:13",
        "calendarYear": "2015",
        "period": "Q4",
        "revenue": 1542700000,
        "costOfRevenue": 1302200000,
        "grossProfit": 240500000,
        "grossProfitRatio": 0.1558955079,
        "researchAndDevelopmentExpenses": 0,
        "generalAndAdministrativeExpenses": 131700000,
        "sellingAndMarketingExpenses": 63000000,
        "sellingGeneralAndAdministrativeExpenses": 194700000,
        "otherExpenses": 121800000,
        "operatingExpenses": 316500000,
        "costAndExpenses": 1577100000,
        "interestIncome": 0,
        "interestExpense": 42600000,
        "depreciationAndAmortization": 53600000,
        "ebitda": -25300000,
        "ebitdaratio": -0.0163998185,
        "operatingIncome": -76000000,
        "operatingIncomeRatio": -0.0492642769,
        "totalOtherIncomeExpensesNet": -30300000,
        "incomeBeforeTax": -106300000,
        "incomeBeforeTaxRatio": -0.0689051663,
        "incomeTaxExpense": 23900000,
        "netIncome": -145400000,
        "netIncomeRatio": -0.0942503403,
        "eps": -0.82,
        "epsdiluted": -0.82,
        "weightedAverageShsOut": 177500000,
        "weightedAverageShsOutDil": 177500000,
        "link": "https://www.sec.gov/Archives/edgar/data/918160/000091816016000082/0000918160-16-000082-index.html",
        "finalLink": "https://www.sec.gov/Archives/edgar/data/918160/000091816016000082/form10-k2015.htm"
    },
    {
        "date": "2015-09-30",
        "symbol": "AKS",
        "reportedCurrency": "USD",
        "cik": "0000918160",
        "fillingDate": "2015-11-04",
        "acceptedDate": "2015-11-04 11:38:35",
        "calendarYear": "2015",
        "period": "Q3",
        "revenue": 1709900000,
        "costOfRevenue": 1538900000,
        "grossProfit": 171000000,
        "grossProfitRatio": 0.1000058483,
        "researchAndDevelopmentExpenses": 0,
        "generalAndAdministrativeExpenses": -300000,
        "sellingAndMarketingExpenses": 66000000,
        "sellingGeneralAndAdministrativeExpenses": 65700000,
        "otherExpenses": 25100000,
        "operatingExpenses": 90800000,
        "costAndExpenses": 1629700000,
        "interestIncome": 0,
        "interestExpense": 43000000,
        "depreciationAndAmortization": 60000000,
        "ebitda": 126900000,
        "ebitdaratio": 0.0742148664,
        "operatingIncome": 80200000,
        "operatingIncomeRatio": 0.0469033277,
        "totalOtherIncomeExpensesNet": -38700000,
        "incomeBeforeTax": 41500000,
        "incomeBeforeTaxRatio": 0.0242704252,
        "incomeTaxExpense": 17200000,
        "netIncome": 6700000,
        "netIncomeRatio": 0.0039183578,
        "eps": 0.0377,
        "epsdiluted": 0.0377,
        "weightedAverageShsOut": 177500000,
        "weightedAverageShsOutDil": 177500000,
        "link": "https://www.sec.gov/Archives/edgar/data/918160/000091816015000068/0000918160-15-000068-index.html",
        "finalLink": "https://www.sec.gov/Archives/edgar/data/918160/000091816015000068/form10-q2015q3.htm"
    },
    {
        "date": "2015-06-30",
        "symbol": "AKS",
        "reportedCurrency": "USD",
        "cik": "0000918160",
        "fillingDate": "2015-08-03",
        "acceptedDate": "2015-08-03 16:22:42",
        "calendarYear": "2015",
        "period": "Q2",
        "revenue": 1689400000,
        "costOfRevenue": 1587600000,
        "grossProfit": 101800000,
        "grossProfitRatio": 0.0602580798,
        "researchAndDevelopmentExpenses": 0,
        "generalAndAdministrativeExpenses": 500000,
        "sellingAndMarketingExpenses": 63000000,
        "sellingGeneralAndAdministrativeExpenses": 63500000,
        "otherExpenses": 31200000,
        "operatingExpenses": 94700000,
        "costAndExpenses": 1682300000,
        "interestIncome": 0,
        "interestExpense": 43500000,
        "depreciationAndAmortization": 60700000,
        "ebitda": 54800000,
        "ebitdaratio": 0.0324375518,
        "operatingIncome": 7100000,
        "operatingIncomeRatio": 0.0042026755,
        "totalOtherIncomeExpensesNet": -42000000,
        "incomeBeforeTax": -34900000,
        "incomeBeforeTaxRatio": -0.0206582219,
        "incomeTaxExpense": 14600000,
        "netIncome": -64000000,
        "netIncomeRatio": -0.0378832722,
        "eps": -0.36,
        "epsdiluted": -0.36,
        "weightedAverageShsOut": 177200000,
        "weightedAverageShsOutDil": 177200000,
        "link": "https://www.sec.gov/Archives/edgar/data/918160/000091816015000052/0000918160-15-000052-index.html",
        "finalLink": "https://www.sec.gov/Archives/edgar/data/918160/000091816015000052/form10-q2015q2.htm"
    },
    {
        "date": "2015-03-31",
        "symbol": "AKS",
        "reportedCurrency": "USD",
        "cik": "0000918160",
        "fillingDate": "2015-05-05",
        "acceptedDate": "2015-05-05 16:52:11",
        "calendarYear": "2015",
        "period": "Q1",
        "revenue": 1750900000,
        "costOfRevenue": 1628900000,
        "grossProfit": 122000000,
        "grossProfitRatio": 0.0696784511,
        "researchAndDevelopmentExpenses": 0,
        "generalAndAdministrativeExpenses": 200000,
        "sellingAndMarketingExpenses": 69000000,
        "sellingGeneralAndAdministrativeExpenses": 69200000,
        "otherExpenses": 275300000,
        "operatingExpenses": 344500000,
        "costAndExpenses": 1717100000,
        "interestIncome": 0,
        "interestExpense": 43900000,
        "depreciationAndAmortization": 62900000,
        "ebitda": -191800000,
        "ebitdaratio": -0.1095436633,
        "operatingIncome": -222500000,
        "operatingIncomeRatio": -0.127077503,
        "totalOtherIncomeExpensesNet": -60600000,
        "incomeBeforeTax": -283100000,
        "incomeBeforeTaxRatio": -0.1616882746,
        "incomeTaxExpense": 7700000,
        "netIncome": -306300000,
        "netIncomeRatio": -0.174938603,
        "eps": -1.73,
        "epsdiluted": -1.73,
        "weightedAverageShsOut": 177000000,
        "weightedAverageShsOutDil": 177000000,
        "link": "https://www.sec.gov/Archives/edgar/data/918160/000091816015000027/0000918160-15-000027-index.html",
        "finalLink": "https://www.sec.gov/Archives/edgar/data/918160/000091816015000027/form10-q2015q1.htm"
    },
    {
        "date": "2014-12-31",
        "symbol": "AKS",
        "reportedCurrency": "USD",
        "cik": "0000918160",
        "fillingDate": "2015-02-20",
        "acceptedDate": "2015-02-20 16:38:31",
        "calendarYear": "2014",
        "period": "Q4",
        "revenue": 1997600000,
        "costOfRevenue": 1816300000,
        "grossProfit": 181300000,
        "grossProfitRatio": 0.0907589107,
        "researchAndDevelopmentExpenses": 0,
        "generalAndAdministrativeExpenses": 1500000,
        "sellingAndMarketingExpenses": 68000000,
        "sellingGeneralAndAdministrativeExpenses": 69500000,
        "otherExpenses": 37300000,
        "operatingExpenses": 106800000,
        "costAndExpenses": 1923100000,
        "interestIncome": 0,
        "interestExpense": 43700000,
        "depreciationAndAmortization": 60100000,
        "ebitda": 117500000,
        "ebitdaratio": 0.0588205847,
        "operatingIncome": 74500000,
        "operatingIncomeRatio": 0.0372947537,
        "totalOtherIncomeExpensesNet": -44600000,
        "incomeBeforeTax": 29900000,
        "incomeBeforeTaxRatio": 0.0149679616,
        "incomeTaxExpense": 200000,
        "netIncome": 13500000,
        "netIncomeRatio": 0.0067581097,
        "eps": 0.0762,
        "epsdiluted": 0.0762,
        "weightedAverageShsOut": 177200000,
        "weightedAverageShsOutDil": 177200000,
        "link": "https://www.sec.gov/Archives/edgar/data/918160/000091816015000013/0000918160-15-000013-index.htm",
        "finalLink": "https://www.sec.gov/Archives/edgar/data/918160/000091816015000013/form10-k2014.htm"
    },
    {
        "date": "2014-09-30",
        "symbol": "AKS",
        "reportedCurrency": "USD",
        "cik": "0000918160",
        "fillingDate": "2014-11-04",
        "acceptedDate": "2014-11-04 16:32:10",
        "calendarYear": "2014",
        "period": "Q3",
        "revenue": 1593800000,
        "costOfRevenue": 1454000000,
        "grossProfit": 139800000,
        "grossProfitRatio": 0.0877148952,
        "researchAndDevelopmentExpenses": 0,
        "generalAndAdministrativeExpenses": 600000,
        "sellingAndMarketingExpenses": 65000000,
        "sellingGeneralAndAdministrativeExpenses": 65600000,
        "otherExpenses": 10500000,
        "operatingExpenses": 76100000,
        "costAndExpenses": 1530100000,
        "interestIncome": 0,
        "interestExpense": 35600000,
        "depreciationAndAmortization": 54200000,
        "ebitda": 86500000,
        "ebitdaratio": 0.0542728071,
        "operatingIncome": 63700000,
        "operatingIncomeRatio": 0.0399673736,
        "totalOtherIncomeExpensesNet": -50900000,
        "incomeBeforeTax": 12800000,
        "incomeBeforeTaxRatio": 0.0080311206,
        "incomeTaxExpense": 3900000,
        "netIncome": -7200000,
        "netIncomeRatio": -0.0045175053,
        "eps": -0.0504,
        "epsdiluted": -0.0504,
        "weightedAverageShsOut": 142800000,
        "weightedAverageShsOutDil": 142800000,
        "link": "https://www.sec.gov/Archives/edgar/data/918160/000091816014000055/0000918160-14-000055-index.html",
        "finalLink": "https://www.sec.gov/Archives/edgar/data/918160/000091816014000055/form10q2014q3.htm"
    },
    {
        "date": "2014-06-30",
        "symbol": "AKS",
        "reportedCurrency": "USD",
        "cik": "0000918160",
        "fillingDate": "2014-08-01",
        "acceptedDate": "2014-08-01 16:51:11",
        "calendarYear": "2014",
        "period": "Q2",
        "revenue": 1530800000,
        "costOfRevenue": 1435000000,
        "grossProfit": 95800000,
        "grossProfitRatio": 0.0625816567,
        "researchAndDevelopmentExpenses": 0,
        "generalAndAdministrativeExpenses": -100000,
        "sellingAndMarketingExpenses": 54000000,
        "sellingGeneralAndAdministrativeExpenses": 53900000,
        "otherExpenses": 5400000,
        "operatingExpenses": 59300000,
        "costAndExpenses": 1494300000,
        "interestIncome": 0,
        "interestExpense": 33200000,
        "depreciationAndAmortization": 53000000,
        "ebitda": 70900000,
        "ebitdaratio": 0.0463156519,
        "operatingIncome": 36500000,
        "operatingIncomeRatio": 0.0238437418,
        "totalOtherIncomeExpensesNet": -36200000,
        "incomeBeforeTax": 300000,
        "incomeBeforeTaxRatio": 0.000195976,
        "incomeTaxExpense": 1800000,
        "netIncome": -17100000,
        "netIncomeRatio": -0.0111706297,
        "eps": -0.13,
        "epsdiluted": -0.13,
        "weightedAverageShsOut": 136200000,
        "weightedAverageShsOutDil": 136200000,
        "link": "https://www.sec.gov/Archives/edgar/data/918160/000091816014000046/0000918160-14-000046-index.html",
        "finalLink": "https://www.sec.gov/Archives/edgar/data/918160/000091816014000046/form10q2014q2.htm"
    },
    {
        "date": "2014-03-31",
        "symbol": "AKS",
        "reportedCurrency": "USD",
        "cik": "0000918160",
        "fillingDate": "2014-05-02",
        "acceptedDate": "2014-05-02 16:23:08",
        "calendarYear": "2014",
        "period": "Q1",
        "revenue": 1383500000,
        "costOfRevenue": 1332700000,
        "grossProfit": 50800000,
        "grossProfitRatio": 0.0367184677,
        "researchAndDevelopmentExpenses": 0,
        "generalAndAdministrativeExpenses": 200000,
        "sellingAndMarketingExpenses": 60000000,
        "sellingGeneralAndAdministrativeExpenses": 60200000,
        "otherExpenses": 25900000,
        "operatingExpenses": 86100000,
        "costAndExpenses": 1418800000,
        "interestIncome": 0,
        "interestExpense": 32200000,
        "depreciationAndAmortization": 55000000,
        "ebitda": 2900000,
        "ebitdaratio": 0.002096133,
        "operatingIncome": -35300000,
        "operatingIncomeRatio": -0.0255149982,
        "totalOtherIncomeExpensesNet": -34100000,
        "incomeBeforeTax": -69400000,
        "incomeBeforeTaxRatio": -0.050162631,
        "incomeTaxExpense": 1800000,
        "netIncome": -86100000,
        "netIncomeRatio": -0.0622334658,
        "eps": -0.63,
        "epsdiluted": -0.63,
        "weightedAverageShsOut": 136100000,
        "weightedAverageShsOutDil": 136100000,
        "link": "https://www.sec.gov/Archives/edgar/data/918160/000091816014000023/0000918160-14-000023-index.html",
        "finalLink": "https://www.sec.gov/Archives/edgar/data/918160/000091816014000023/form10q2014q1.htm"
    },
    {
        "date": "2013-12-31",
        "symbol": "AKS",
        "reportedCurrency": "USD",
        "cik": "0000918160",
        "fillingDate": "2014-02-21",
        "acceptedDate": "2014-02-21 16:44:48",
        "calendarYear": "2013",
        "period": "Q4",
        "revenue": 1464800000,
        "costOfRevenue": 1323900000,
        "grossProfit": 140900000,
        "grossProfitRatio": 0.0961906062,
        "researchAndDevelopmentExpenses": 0,
        "generalAndAdministrativeExpenses": 25900000,
        "sellingAndMarketingExpenses": 52000000,
        "sellingGeneralAndAdministrativeExpenses": 77900000,
        "otherExpenses": 0,
        "operatingExpenses": 77900000,
        "costAndExpenses": 1401800000,
        "interestIncome": 0,
        "interestExpense": 127400000,
        "depreciationAndAmortization": 49200000,
        "ebitda": 187800000,
        "ebitdaratio": 0.1282086292,
        "operatingIncome": 63000000,
        "operatingIncomeRatio": 0.0430092845,
        "totalOtherIncomeExpensesNet": -35200000,
        "incomeBeforeTax": 27800000,
        "incomeBeforeTaxRatio": 0.0189787002,
        "incomeTaxExpense": -24000000,
        "netIncome": 35200000,
        "netIncomeRatio": 0.0240305844,
        "eps": 0.26,
        "epsdiluted": 0.26,
        "weightedAverageShsOut": 135800000,
        "weightedAverageShsOutDil": 135800000,
        "link": "https://www.sec.gov/Archives/edgar/data/918160/000091816014000005/0000918160-14-000005-index.htm",
        "finalLink": "https://www.sec.gov/Archives/edgar/data/918160/000091816014000005/form10-k2013.htm"
    },
    {
        "date": "2013-09-30",
        "symbol": "AKS",
        "reportedCurrency": "USD",
        "cik": "0000918160",
        "fillingDate": "2013-11-01",
        "acceptedDate": "2013-11-01 16:37:53",
        "calendarYear": "2013",
        "period": "Q3",
        "revenue": 1331300000,
        "costOfRevenue": 1221800000,
        "grossProfit": 109500000,
        "grossProfitRatio": 0.0822504319,
        "researchAndDevelopmentExpenses": 0,
        "generalAndAdministrativeExpenses": -500000,
        "sellingAndMarketingExpenses": 52000000,
        "sellingGeneralAndAdministrativeExpenses": 51500000,
        "otherExpenses": 32100000,
        "operatingExpenses": 83600000,
        "costAndExpenses": 1305400000,
        "interestIncome": 0,
        "interestExpense": 0,
        "depreciationAndAmortization": 52800000,
        "ebitda": 27800000,
        "ebitdaratio": 0.0208818448,
        "operatingIncome": 25900000,
        "operatingIncomeRatio": 0.0194546684,
        "totalOtherIncomeExpensesNet": -34900000,
        "incomeBeforeTax": -9000000,
        "incomeBeforeTaxRatio": -0.0067603095,
        "incomeTaxExpense": 6700000,
        "netIncome": -31700000,
        "netIncomeRatio": -0.0238113123,
        "eps": -0.23,
        "epsdiluted": -0.23,
        "weightedAverageShsOut": 135900000,
        "weightedAverageShsOutDil": 135900000,
        "link": "https://www.sec.gov/Archives/edgar/data/918160/000091816013000065/0000918160-13-000065-index.html",
        "finalLink": "https://www.sec.gov/Archives/edgar/data/918160/000091816013000065/form10q2013q3.htm"
    },
    {
        "date": "2013-06-30",
        "symbol": "AKS",
        "reportedCurrency": "USD",
        "cik": "0000918160",
        "fillingDate": "2013-08-02",
        "acceptedDate": "2013-08-02 16:30:12",
        "calendarYear": "2013",
        "period": "Q2",
        "revenue": 1404500000,
        "costOfRevenue": 1309000000,
        "grossProfit": 95500000,
        "grossProfitRatio": 0.067995728,
        "researchAndDevelopmentExpenses": 0,
        "generalAndAdministrativeExpenses": 200000,
        "sellingAndMarketingExpenses": 50000000,
        "sellingGeneralAndAdministrativeExpenses": 50200000,
        "otherExpenses": 31600000,
        "operatingExpenses": 81800000,
        "costAndExpenses": 1390800000,
        "interestIncome": 0,
        "interestExpense": 0,
        "depreciationAndAmortization": 52700000,
        "ebitda": 22000000,
        "ebitdaratio": 0.0156639373,
        "operatingIncome": 13700000,
        "operatingIncomeRatio": 0.009754361,
        "totalOtherIncomeExpensesNet": -29500000,
        "incomeBeforeTax": -15800000,
        "incomeBeforeTaxRatio": -0.011249555,
        "incomeTaxExpense": 9700000,
        "netIncome": -40400000,
        "netIncomeRatio": -0.0287646849,
        "eps": -0.3,
        "epsdiluted": -0.3,
        "weightedAverageShsOut": 135800000,
        "weightedAverageShsOutDil": 135800000,
        "link": "https://www.sec.gov/Archives/edgar/data/918160/000091816013000053/0000918160-13-000053-index.html",
        "finalLink": "https://www.sec.gov/Archives/edgar/data/918160/000091816013000053/form10q2013q2.htm"
    },
    {
        "date": "2013-03-31",
        "symbol": "AKS",
        "reportedCurrency": "USD",
        "cik": "0000918160",
        "fillingDate": "2013-05-03",
        "acceptedDate": "2013-05-03 16:37:01",
        "calendarYear": "2013",
        "period": "Q1",
        "revenue": 1369800000,
        "costOfRevenue": 1252300000,
        "grossProfit": 117500000,
        "grossProfitRatio": 0.0857789458,
        "researchAndDevelopmentExpenses": 0,
        "generalAndAdministrativeExpenses": 600000,
        "sellingAndMarketingExpenses": 51000000,
        "sellingGeneralAndAdministrativeExpenses": 51600000,
        "otherExpenses": 32700000,
        "operatingExpenses": 84300000,
        "costAndExpenses": 1336600000,
        "interestIncome": 0,
        "interestExpense": 0,
        "depreciationAndAmortization": 54500000,
        "ebitda": 41800000,
        "ebitdaratio": 0.0305154037,
        "operatingIncome": 33200000,
        "operatingIncomeRatio": 0.0242371149,
        "totalOtherIncomeExpensesNet": -29200000,
        "incomeBeforeTax": 4000000,
        "incomeBeforeTaxRatio": 0.0029201343,
        "incomeTaxExpense": -2800000,
        "netIncome": -9900000,
        "netIncomeRatio": -0.0072273325,
        "eps": -0.073,
        "epsdiluted": -0.073,
        "weightedAverageShsOut": 135700000,
        "weightedAverageShsOutDil": 135700000,
        "link": "https://www.sec.gov/Archives/edgar/data/918160/000091816013000033/0000918160-13-000033-index.html",
        "finalLink": "https://www.sec.gov/Archives/edgar/data/918160/000091816013000033/form10q2013q1.htm"
    },
    {
        "date": "2012-12-31",
        "symbol": "AKS",
        "reportedCurrency": "USD",
        "cik": "0000918160",
        "fillingDate": "2013-02-28",
        "acceptedDate": "2013-02-28 16:44:40",
        "calendarYear": "2012",
        "period": "Q4",
        "revenue": 1423100000,
        "costOfRevenue": 1352700000,
        "grossProfit": 70400000,
        "grossProfitRatio": 0.0494694681,
        "researchAndDevelopmentExpenses": 0,
        "generalAndAdministrativeExpenses": 157500000,
        "sellingAndMarketingExpenses": 50000000,
        "sellingGeneralAndAdministrativeExpenses": 207500000,
        "otherExpenses": 39800000,
        "operatingExpenses": 247300000,
        "costAndExpenses": 1600000000,
        "interestIncome": 0,
        "interestExpense": 0,
        "depreciationAndAmortization": 51300000,
        "ebitda": -156400000,
        "ebitdaratio": -0.1099009205,
        "operatingIncome": -176900000,
        "operatingIncomeRatio": -0.1243060923,
        "totalOtherIncomeExpensesNet": -22000000,
        "incomeBeforeTax": -198900000,
        "incomeBeforeTaxRatio": -0.1397653011,
        "incomeTaxExpense": 22700000,
        "netIncome": -230400000,
        "netIncomeRatio": -0.1619000773,
        "eps": -1.89,
        "epsdiluted": -1.89,
        "weightedAverageShsOut": 121600000,
        "weightedAverageShsOutDil": 121600000,
        "link": "https://www.sec.gov/Archives/edgar/data/918160/000091816013000024/0000918160-13-000024-index.html",
        "finalLink": "https://www.sec.gov/Archives/edgar/data/918160/000091816013000024/form10-k2012.htm"
    },
    {
        "date": "2012-09-30",
        "symbol": "AKS",
        "reportedCurrency": "USD",
        "cik": "0000918160",
        "fillingDate": "2012-10-26",
        "acceptedDate": "2012-10-26 16:32:49",
        "calendarYear": "2012",
        "period": "Q3",
        "revenue": 1463500000,
        "costOfRevenue": 1385000000,
        "grossProfit": 78500000,
        "grossProfitRatio": 0.0536385378,
        "researchAndDevelopmentExpenses": 0,
        "generalAndAdministrativeExpenses": -100000,
        "sellingAndMarketingExpenses": 52000000,
        "sellingGeneralAndAdministrativeExpenses": 51900000,
        "otherExpenses": 38600000,
        "operatingExpenses": 90500000,
        "costAndExpenses": 1475500000,
        "interestIncome": 0,
        "interestExpense": 0,
        "depreciationAndAmortization": 51400000,
        "ebitda": 14300000,
        "ebitdaratio": 0.0097710967,
        "operatingIncome": -12000000,
        "operatingIncomeRatio": -0.0081995217,
        "totalOtherIncomeExpensesNet": -16700000,
        "incomeBeforeTax": -28700000,
        "incomeBeforeTaxRatio": -0.0196105227,
        "incomeTaxExpense": 23800000,
        "netIncome": -60900000,
        "netIncomeRatio": -0.0416125726,
        "eps": -0.55,
        "epsdiluted": -0.55,
        "weightedAverageShsOut": 110200000,
        "weightedAverageShsOutDil": 110200000,
        "link": "https://www.sec.gov/Archives/edgar/data/918160/000091816012000061/0000918160-12-000061-index.html",
        "finalLink": "https://www.sec.gov/Archives/edgar/data/918160/000091816012000061/form10q2012q3.htm"
    },
    {
        "date": "2012-06-30",
        "symbol": "AKS",
        "reportedCurrency": "USD",
        "cik": "0000918160",
        "fillingDate": "2012-07-27",
        "acceptedDate": "2012-07-27 16:31:43",
        "calendarYear": "2012",
        "period": "Q2",
        "revenue": 1538400000,
        "costOfRevenue": 1392400000,
        "grossProfit": 146000000,
        "grossProfitRatio": 0.0949037962,
        "researchAndDevelopmentExpenses": 0,
        "generalAndAdministrativeExpenses": -200000,
        "sellingAndMarketingExpenses": 51000000,
        "sellingGeneralAndAdministrativeExpenses": 50800000,
        "otherExpenses": 38500000,
        "operatingExpenses": 89300000,
        "costAndExpenses": 1481700000,
        "interestIncome": 0,
        "interestExpense": 0,
        "depreciationAndAmortization": 51700000,
        "ebitda": 75300000,
        "ebitdaratio": 0.0489469579,
        "operatingIncome": 56700000,
        "operatingIncomeRatio": 0.0368564743,
        "totalOtherIncomeExpensesNet": -26500000,
        "incomeBeforeTax": 30200000,
        "incomeBeforeTaxRatio": 0.0196307852,
        "incomeTaxExpense": 747800000,
        "netIncome": -724200000,
        "netIncomeRatio": -0.47074883,
        "eps": -6.57,
        "epsdiluted": -6.57,
        "weightedAverageShsOut": 110200000,
        "weightedAverageShsOutDil": 110200000,
        "link": "https://www.sec.gov/Archives/edgar/data/918160/000091816012000049/0000918160-12-000049-index.html",
        "finalLink": "https://www.sec.gov/Archives/edgar/data/918160/000091816012000049/form10q2012q2.htm"
    },
    {
        "date": "2012-03-31",
        "symbol": "AKS",
        "reportedCurrency": "USD",
        "cik": "0000918160",
        "fillingDate": "2012-04-27",
        "acceptedDate": "2012-04-27 16:33:16",
        "calendarYear": "2012",
        "period": "Q1",
        "revenue": 1508700000,
        "costOfRevenue": 1409000000,
        "grossProfit": 99700000,
        "grossProfitRatio": 0.066083383,
        "researchAndDevelopmentExpenses": 0,
        "generalAndAdministrativeExpenses": 800000,
        "sellingAndMarketingExpenses": 55000000,
        "sellingGeneralAndAdministrativeExpenses": 55800000,
        "otherExpenses": 39800000,
        "operatingExpenses": 95600000,
        "costAndExpenses": 1504600000,
        "interestIncome": 0,
        "interestExpense": 0,
        "depreciationAndAmortization": 54600000,
        "ebitda": 38500000,
        "ebitdaratio": 0.0255186584,
        "operatingIncome": 4100000,
        "operatingIncomeRatio": 0.0027175714,
        "totalOtherIncomeExpensesNet": -15300000,
        "incomeBeforeTax": -11200000,
        "incomeBeforeTaxRatio": -0.0074236097,
        "incomeTaxExpense": -4300000,
        "netIncome": -11800000,
        "netIncomeRatio": -0.0078213031,
        "eps": -0.11,
        "epsdiluted": -0.11,
        "weightedAverageShsOut": 110000000,
        "weightedAverageShsOutDil": 110000000,
        "link": "https://www.sec.gov/Archives/edgar/data/918160/000091816012000032/0000918160-12-000032-index.htm",
        "finalLink": "https://www.sec.gov/Archives/edgar/data/918160/000091816012000032/form10q2012q1.htm"
    },
    {
        "date": "2011-12-31",
        "symbol": "AKS",
        "reportedCurrency": "USD",
        "cik": "0000918160",
        "fillingDate": "2012-02-27",
        "acceptedDate": "2012-02-27 08:32:08",
        "calendarYear": "2011",
        "period": "Q4",
        "revenue": 1509200000,
        "costOfRevenue": 1451600000,
        "grossProfit": 57600000,
        "grossProfitRatio": 0.0381659157,
        "researchAndDevelopmentExpenses": 0,
        "generalAndAdministrativeExpenses": 271900000,
        "sellingAndMarketingExpenses": 50000000,
        "sellingGeneralAndAdministrativeExpenses": 321900000,
        "otherExpenses": 36400000,
        "operatingExpenses": 358300000,
        "costAndExpenses": 1531000000,
        "interestIncome": 0,
        "interestExpense": 0,
        "depreciationAndAmortization": 49500000,
        "ebitda": -268000000,
        "ebitdaratio": -0.1775775245,
        "operatingIncome": -300700000,
        "operatingIncomeRatio": -0.1992446329,
        "totalOtherIncomeExpensesNet": -17800000,
        "incomeBeforeTax": -318500000,
        "incomeBeforeTaxRatio": -0.211038961,
        "incomeTaxExpense": -123600000,
        "netIncome": -193900000,
        "netIncomeRatio": -0.1284786642,
        "eps": -1.77,
        "epsdiluted": -1.77,
        "weightedAverageShsOut": 109800000,
        "weightedAverageShsOutDil": 109800000,
        "link": "https://www.sec.gov/Archives/edgar/data/918160/000091816012000013/0000918160-12-000013-index.html",
        "finalLink": "https://www.sec.gov/Archives/edgar/data/918160/000091816012000013/a2011form10-k.htm"
    },
    {
        "date": "2011-09-30",
        "symbol": "AKS",
        "reportedCurrency": "USD",
        "cik": "0000918160",
        "fillingDate": "2011-11-03",
        "acceptedDate": "2011-11-03 08:35:53",
        "calendarYear": "2011",
        "period": "Q3",
        "revenue": 1585800000,
        "costOfRevenue": 1482600000,
        "grossProfit": 103200000,
        "grossProfitRatio": 0.0650775634,
        "researchAndDevelopmentExpenses": 0,
        "generalAndAdministrativeExpenses": -1400000,
        "sellingAndMarketingExpenses": 56000000,
        "sellingGeneralAndAdministrativeExpenses": 54600000,
        "otherExpenses": 37200000,
        "operatingExpenses": 91800000,
        "costAndExpenses": 3047000000,
        "interestIncome": 0,
        "interestExpense": 0,
        "depreciationAndAmortization": 49300000,
        "ebitda": 45100000,
        "ebitdaratio": 0.0284399041,
        "operatingIncome": 11400000,
        "operatingIncomeRatio": 0.0071888006,
        "totalOtherIncomeExpensesNet": -18200000,
        "incomeBeforeTax": -6800000,
        "incomeBeforeTaxRatio": -0.0042880565,
        "incomeTaxExpense": -700000,
        "netIncome": -3500000,
        "netIncomeRatio": -0.0022070879,
        "eps": -0.0319,
        "epsdiluted": -0.0319,
        "weightedAverageShsOut": 109800000,
        "weightedAverageShsOutDil": 109800000,
        "link": "https://www.sec.gov/Archives/edgar/data/918160/000091816011000049/0000918160-11-000049-index.html",
        "finalLink": "https://www.sec.gov/Archives/edgar/data/918160/000091816011000049/a2011q3form10q.htm"
    },
    {
        "date": "2011-06-30",
        "symbol": "AKS",
        "reportedCurrency": "USD",
        "cik": "0000918160",
        "fillingDate": "2011-08-08",
        "acceptedDate": "2011-08-08 16:52:24",
        "calendarYear": "2011",
        "period": "Q2",
        "revenue": 1791900000,
        "costOfRevenue": 1633500000,
        "grossProfit": 158400000,
        "grossProfitRatio": 0.0883977901,
        "researchAndDevelopmentExpenses": 0,
        "generalAndAdministrativeExpenses": -1200000,
        "sellingAndMarketingExpenses": 54000000,
        "sellingGeneralAndAdministrativeExpenses": 52800000,
        "otherExpenses": 37100000,
        "operatingExpenses": 89900000,
        "costAndExpenses": 3346400000,
        "interestIncome": 0,
        "interestExpense": 0,
        "depreciationAndAmortization": 50500000,
        "ebitda": 108100000,
        "ebitdaratio": 0.0603270272,
        "operatingIncome": 68500000,
        "operatingIncomeRatio": 0.0382275797,
        "totalOtherIncomeExpensesNet": -11600000,
        "incomeBeforeTax": 56900000,
        "incomeBeforeTaxRatio": 0.0317540041,
        "incomeTaxExpense": 24500000,
        "netIncome": 33100000,
        "netIncomeRatio": 0.0184720129,
        "eps": 0.3,
        "epsdiluted": 0.3,
        "weightedAverageShsOut": 110200000,
        "weightedAverageShsOutDil": 110200000,
        "link": "https://www.sec.gov/Archives/edgar/data/918160/000091816011000036/0000918160-11-000036-index.html",
        "finalLink": "https://www.sec.gov/Archives/edgar/data/918160/000091816011000036/a2011q2form10q.htm"
    },
    {
        "date": "2011-03-31",
        "symbol": "AKS",
        "reportedCurrency": "USD",
        "cik": "0000918160",
        "fillingDate": "2011-05-05",
        "acceptedDate": "2011-05-05 08:40:47",
        "calendarYear": "2011",
        "period": "Q1",
        "revenue": 1581100000,
        "costOfRevenue": 1469100000,
        "grossProfit": 112000000,
        "grossProfitRatio": 0.0708367592,
        "researchAndDevelopmentExpenses": 0,
        "generalAndAdministrativeExpenses": -800000,
        "sellingAndMarketingExpenses": 55000000,
        "sellingGeneralAndAdministrativeExpenses": 54200000,
        "otherExpenses": 38300000,
        "operatingExpenses": 92500000,
        "costAndExpenses": 3021100000,
        "interestIncome": 0,
        "interestExpense": 0,
        "depreciationAndAmortization": 51200000,
        "ebitda": 65700000,
        "ebitdaratio": 0.0415533489,
        "operatingIncome": 19500000,
        "operatingIncomeRatio": 0.0123331858,
        "totalOtherIncomeExpensesNet": -5200000,
        "incomeBeforeTax": 14300000,
        "incomeBeforeTaxRatio": 0.0090443362,
        "incomeTaxExpense": 5800000,
        "netIncome": 8700000,
        "netIncomeRatio": 0.0055024983,
        "eps": 0.079,
        "epsdiluted": 0.079,
        "weightedAverageShsOut": 110100000,
        "weightedAverageShsOutDil": 110100000,
        "link": "https://www.sec.gov/Archives/edgar/data/918160/000091816011000019/0000918160-11-000019-index.html",
        "finalLink": "https://www.sec.gov/Archives/edgar/data/918160/000091816011000019/form10-q.htm"
    },
    {
        "date": "2010-12-31",
        "symbol": "AKS",
        "reportedCurrency": "USD",
        "cik": "0000918160",
        "fillingDate": "2011-02-22",
        "acceptedDate": "2011-02-22 09:05:47",
        "calendarYear": "2010",
        "period": "Q4",
        "revenue": 1390600000,
        "costOfRevenue": 1379500000,
        "grossProfit": 11100000,
        "grossProfitRatio": 0.007982166,
        "researchAndDevelopmentExpenses": 0,
        "generalAndAdministrativeExpenses": -1600000,
        "sellingAndMarketingExpenses": 52000000,
        "sellingGeneralAndAdministrativeExpenses": 50400000,
        "otherExpenses": 115300000,
        "operatingExpenses": 165700000,
        "costAndExpenses": 2919000000,
        "interestIncome": 0,
        "interestExpense": 0,
        "depreciationAndAmortization": 49300000,
        "ebitda": -114000000,
        "ebitdaratio": -0.0819790019,
        "operatingIncome": -154600000,
        "operatingIncomeRatio": -0.1111750324,
        "totalOtherIncomeExpensesNet": -8900000,
        "incomeBeforeTax": -163500000,
        "incomeBeforeTaxRatio": -0.1175751474,
        "incomeTaxExpense": -65000000,
        "netIncome": -98300000,
        "netIncomeRatio": -0.0706889113,
        "eps": -0.9,
        "epsdiluted": -0.9,
        "weightedAverageShsOut": 109600000,
        "weightedAverageShsOutDil": 109600000,
        "link": "https://www.sec.gov/Archives/edgar/data/918160/000091816011000007/0000918160-11-000007-index.htm",
        "finalLink": "https://www.sec.gov/Archives/edgar/data/918160/000091816011000007/form10-k.htm"
    },
    {
        "date": "2010-09-30",
        "symbol": "AKS",
        "reportedCurrency": "USD",
        "cik": "0000918160",
        "fillingDate": "2010-11-01",
        "acceptedDate": "2010-11-01 16:17:07",
        "calendarYear": "2010",
        "period": "Q3",
        "revenue": 1575900000,
        "costOfRevenue": 1592100000,
        "grossProfit": -16200000,
        "grossProfitRatio": -0.0102798401,
        "researchAndDevelopmentExpenses": 0,
        "generalAndAdministrativeExpenses": -5200000,
        "sellingAndMarketingExpenses": 52000000,
        "sellingGeneralAndAdministrativeExpenses": 46800000,
        "otherExpenses": 39500000,
        "operatingExpenses": 86300000,
        "costAndExpenses": 3254500000,
        "interestIncome": 0,
        "interestExpense": 0,
        "depreciationAndAmortization": 53400000,
        "ebitda": -46200000,
        "ebitdaratio": -0.029316581,
        "operatingIncome": -102500000,
        "operatingIncomeRatio": -0.0650421981,
        "totalOtherIncomeExpensesNet": 2100000,
        "incomeBeforeTax": -100400000,
        "incomeBeforeTaxRatio": -0.0637096262,
        "incomeTaxExpense": -40400000,
        "netIncome": -59200000,
        "netIncomeRatio": -0.0375658354,
        "eps": -0.54,
        "epsdiluted": -0.54,
        "weightedAverageShsOut": 110100000,
        "weightedAverageShsOutDil": 110100000,
        "link": "https://www.sec.gov/Archives/edgar/data/918160/000091816010000058/0000918160-10-000058-index.html",
        "finalLink": "https://www.sec.gov/Archives/edgar/data/918160/000091816010000058/form10-q.htm"
    },
    {
        "date": "2010-06-30",
        "symbol": "AKS",
        "reportedCurrency": "USD",
        "cik": "0000918160",
        "fillingDate": "2010-07-30",
        "acceptedDate": "2010-07-30 14:22:56",
        "calendarYear": "2010",
        "period": "Q2",
        "revenue": 1596100000,
        "costOfRevenue": 1428000000,
        "grossProfit": 168100000,
        "grossProfitRatio": 0.1053192156,
        "researchAndDevelopmentExpenses": 0,
        "generalAndAdministrativeExpenses": 600000,
        "sellingAndMarketingExpenses": 52000000,
        "sellingGeneralAndAdministrativeExpenses": 52600000,
        "otherExpenses": 49900000,
        "operatingExpenses": 102500000,
        "costAndExpenses": 2958500000,
        "interestIncome": 0,
        "interestExpense": 0,
        "depreciationAndAmortization": 55000000,
        "ebitda": 100600000,
        "ebitdaratio": 0.0630286323,
        "operatingIncome": 65600000,
        "operatingIncomeRatio": 0.0411001817,
        "totalOtherIncomeExpensesNet": -20300000,
        "incomeBeforeTax": 45300000,
        "incomeBeforeTaxRatio": 0.0283816803,
        "incomeTaxExpense": 18900000,
        "netIncome": 26700000,
        "netIncomeRatio": 0.0167282752,
        "eps": 0.24,
        "epsdiluted": 0.24,
        "weightedAverageShsOut": 109900000,
        "weightedAverageShsOutDil": 109900000,
        "link": "https://www.sec.gov/Archives/edgar/data/918160/000091816010000044/0000918160-10-000044-index.html",
        "finalLink": "https://www.sec.gov/Archives/edgar/data/918160/000091816010000044/form10-q.htm"
    },
    {
        "date": "2010-03-31",
        "symbol": "AKS",
        "reportedCurrency": "USD",
        "cik": "0000918160",
        "fillingDate": "2010-04-26",
        "acceptedDate": "2010-04-26 16:17:07",
        "calendarYear": "2010",
        "period": "Q1",
        "revenue": 1405700000,
        "costOfRevenue": 1243600000,
        "grossProfit": 162100000,
        "grossProfitRatio": 0.1153162126,
        "researchAndDevelopmentExpenses": 0,
        "generalAndAdministrativeExpenses": 200000,
        "sellingAndMarketingExpenses": 54000000,
        "sellingGeneralAndAdministrativeExpenses": 54200000,
        "otherExpenses": 50300000,
        "operatingExpenses": 104500000,
        "costAndExpenses": 2591700000,
        "interestIncome": 0,
        "interestExpense": 0,
        "depreciationAndAmortization": 56200000,
        "ebitda": 100800000,
        "ebitdaratio": 0.0717080458,
        "operatingIncome": 57600000,
        "operatingIncomeRatio": 0.0409760262,
        "totalOtherIncomeExpensesNet": -13500000,
        "incomeBeforeTax": 44100000,
        "incomeBeforeTaxRatio": 0.03137227,
        "incomeTaxExpense": 42700000,
        "netIncome": 1900000,
        "netIncomeRatio": 0.0013516398,
        "eps": 0.0173,
        "epsdiluted": 0.0173,
        "weightedAverageShsOut": 110000000,
        "weightedAverageShsOutDil": 110000000,
        "link": "https://www.sec.gov/Archives/edgar/data/918160/000091816010000024/0000918160-10-000024-index.html",
        "finalLink": "https://www.sec.gov/Archives/edgar/data/918160/000091816010000024/form10-q.htm"
    },
    {
        "date": "2009-12-31",
        "symbol": "AKS",
        "reportedCurrency": "USD",
        "cik": "0000918160",
        "fillingDate": "2010-02-23",
        "acceptedDate": "2010-02-23 08:52:18",
        "calendarYear": "2009",
        "period": "Q4",
        "revenue": 1319900000,
        "costOfRevenue": 1130800000,
        "grossProfit": 189100000,
        "grossProfitRatio": 0.1432684294,
        "researchAndDevelopmentExpenses": 0,
        "generalAndAdministrativeExpenses": 400000,
        "sellingAndMarketingExpenses": 51000000,
        "sellingGeneralAndAdministrativeExpenses": 51400000,
        "otherExpenses": 50700000,
        "operatingExpenses": 102100000,
        "costAndExpenses": 1182000000,
        "interestIncome": 0,
        "interestExpense": -9000000,
        "depreciationAndAmortization": 53100000,
        "ebitda": 124900000,
        "ebitdaratio": 0.0946283809,
        "operatingIncome": 87000000,
        "operatingIncomeRatio": 0.0659140844,
        "totalOtherIncomeExpensesNet": -8100000,
        "incomeBeforeTax": 78900000,
        "incomeBeforeTaxRatio": 0.0597772559,
        "incomeTaxExpense": 41000000,
        "netIncome": 39800000,
        "netIncomeRatio": 0.0301537995,
        "eps": 0.37,
        "epsdiluted": 0.37,
        "weightedAverageShsOut": 108800000,
        "weightedAverageShsOutDil": 108800000,
        "link": "https://www.sec.gov/Archives/edgar/data/918160/000091816010000011/0000918160-10-000011-index.html",
        "finalLink": "https://www.sec.gov/Archives/edgar/data/918160/000091816010000011/form10-k.htm"
    },
    {
        "date": "2009-09-30",
        "symbol": "AKS",
        "reportedCurrency": "USD",
        "cik": "0000918160",
        "fillingDate": "2009-11-03",
        "acceptedDate": "2009-11-03 09:06:26",
        "calendarYear": "2009",
        "period": "Q3",
        "revenue": 1041100000,
        "costOfRevenue": 929200000,
        "grossProfit": 111900000,
        "grossProfitRatio": 0.1074824705,
        "researchAndDevelopmentExpenses": 0,
        "generalAndAdministrativeExpenses": -400000,
        "sellingAndMarketingExpenses": 46000000,
        "sellingGeneralAndAdministrativeExpenses": 45600000,
        "otherExpenses": 51000000,
        "operatingExpenses": 96600000,
        "costAndExpenses": 975000000,
        "interestIncome": 0,
        "interestExpense": -9000000,
        "depreciationAndAmortization": 54100000,
        "ebitda": 54800000,
        "ebitdaratio": 0.0526366343,
        "operatingIncome": 15300000,
        "operatingIncomeRatio": 0.0146959946,
        "totalOtherIncomeExpensesNet": -6100000,
        "incomeBeforeTax": 9200000,
        "incomeBeforeTaxRatio": 0.0088368072,
        "incomeTaxExpense": 3500000,
        "netIncome": 6200000,
        "netIncomeRatio": 0.0059552397,
        "eps": 0.0568,
        "epsdiluted": 0.0568,
        "weightedAverageShsOut": 109200000,
        "weightedAverageShsOutDil": 109200000,
        "link": "https://www.sec.gov/Archives/edgar/data/918160/000091816009000039/0000918160-09-000039-index.html",
        "finalLink": "https://www.sec.gov/Archives/edgar/data/918160/000091816009000039/form10-q.htm"
    },
    {
        "date": "2009-06-30",
        "symbol": "AKS",
        "reportedCurrency": "USD",
        "cik": "0000918160",
        "fillingDate": "2009-08-04",
        "acceptedDate": "2009-08-04 11:57:23",
        "calendarYear": "2009",
        "period": "Q2",
        "revenue": 793600000,
        "costOfRevenue": 766600000,
        "grossProfit": 27000000,
        "grossProfitRatio": 0.0340221774,
        "researchAndDevelopmentExpenses": 0,
        "generalAndAdministrativeExpenses": -100000,
        "sellingAndMarketingExpenses": 48000000,
        "sellingGeneralAndAdministrativeExpenses": 47900000,
        "otherExpenses": 51600000,
        "operatingExpenses": 99500000,
        "costAndExpenses": 814000000,
        "interestIncome": 0,
        "interestExpense": -9000000,
        "depreciationAndAmortization": 54900000,
        "ebitda": -31599999.999999993,
        "ebitdaratio": -0.0398185484,
        "operatingIncome": -72500000,
        "operatingIncomeRatio": -0.0913558468,
        "totalOtherIncomeExpensesNet": -5800000,
        "incomeBeforeTax": -78300000,
        "incomeBeforeTaxRatio": -0.0986643145,
        "incomeTaxExpense": -30300000,
        "netIncome": -47200000,
        "netIncomeRatio": -0.0594758065,
        "eps": -0.43,
        "epsdiluted": -0.43,
        "weightedAverageShsOut": 108700000,
        "weightedAverageShsOutDil": 108700000,
        "link": "https://www.sec.gov/Archives/edgar/data/918160/000091816009000029/0000918160-09-000029-index.html",
        "finalLink": "https://www.sec.gov/Archives/edgar/data/918160/000091816009000029/form10-q.htm"
    },
    {
        "date": "2009-03-31",
        "symbol": "AKS",
        "reportedCurrency": "USD",
        "cik": "0000918160",
        "fillingDate": "2009-05-05",
        "acceptedDate": "2009-05-05 07:58:59",
        "calendarYear": "2009",
        "period": "Q1",
        "revenue": 922200000,
        "costOfRevenue": 923000000,
        "grossProfit": -800000,
        "grossProfitRatio": -0.0008674908,
        "researchAndDevelopmentExpenses": 0,
        "generalAndAdministrativeExpenses": 800000,
        "sellingAndMarketingExpenses": 47000000,
        "sellingGeneralAndAdministrativeExpenses": 47800000,
        "otherExpenses": 51300000,
        "operatingExpenses": 99100000,
        "costAndExpenses": 970000000,
        "interestIncome": 0,
        "interestExpense": -10000000,
        "depreciationAndAmortization": 54600000,
        "ebitda": -63000000.00000001,
        "ebitdaratio": -0.0683148992,
        "operatingIncome": -99900000,
        "operatingIncomeRatio": -0.1083279115,
        "totalOtherIncomeExpensesNet": -7900000,
        "incomeBeforeTax": -107800000,
        "incomeBeforeTaxRatio": -0.116894383,
        "incomeTaxExpense": -34200000,
        "netIncome": -73400000,
        "netIncomeRatio": -0.0795922793,
        "eps": -0.67,
        "epsdiluted": -0.67,
        "weightedAverageShsOut": 109800000,
        "weightedAverageShsOutDil": 109800000,
        "link": "https://www.sec.gov/Archives/edgar/data/918160/000091816009000020/0000918160-09-000020-index.html",
        "finalLink": "https://www.sec.gov/Archives/edgar/data/918160/000091816009000020/form10-q.htm"
    },
    {
        "date": "2007-12-31",
        "symbol": "AKS",
        "reportedCurrency": "USD",
        "cik": "0000918160",
        "fillingDate": "2008-02-26",
        "acceptedDate": "2008-02-26 10:01:49",
        "calendarYear": "2007",
        "period": "Q4",
        "revenue": 1691900000,
        "costOfRevenue": 1432500000,
        "grossProfit": 259400000,
        "grossProfitRatio": 0.1533187541,
        "researchAndDevelopmentExpenses": 0,
        "generalAndAdministrativeExpenses": -400000,
        "sellingAndMarketingExpenses": 59000000,
        "sellingGeneralAndAdministrativeExpenses": 58600000,
        "otherExpenses": 47300000,
        "operatingExpenses": 105900000,
        "costAndExpenses": 1492000000,
        "interestIncome": 0,
        "interestExpense": -12000000,
        "depreciationAndAmortization": 49500000,
        "ebitda": 201600000,
        "ebitdaratio": 0.1191559785,
        "operatingIncome": 153500000,
        "operatingIncomeRatio": 0.0907264023,
        "totalOtherIncomeExpensesNet": 10600000,
        "incomeBeforeTax": 164100000,
        "incomeBeforeTaxRatio": 0.096991548,
        "incomeTaxExpense": 57400000,
        "netIncome": 106700000,
        "netIncomeRatio": 0.063065193,
        "eps": 0.95,
        "epsdiluted": 0.95,
        "weightedAverageShsOut": 112200000,
        "weightedAverageShsOutDil": 112200000,
        "link": "https://www.sec.gov/Archives/edgar/data/918160/000119312508038197/0001193125-08-038197-index.htm",
        "finalLink": "https://www.sec.gov/Archives/edgar/data/918160/000119312508038197/d10k.htm"
    },
    {
        "date": "2007-09-30",
        "symbol": "AKS",
        "reportedCurrency": "USD",
        "cik": "0000918160",
        "fillingDate": "2007-11-06",
        "acceptedDate": "2007-11-06 10:38:55",
        "calendarYear": "2007",
        "period": "Q3",
        "revenue": 1721700000,
        "costOfRevenue": 1453500000,
        "grossProfit": 268200000,
        "grossProfitRatio": 0.1557762676,
        "researchAndDevelopmentExpenses": 0,
        "generalAndAdministrativeExpenses": 400000,
        "sellingAndMarketingExpenses": 55000000,
        "sellingGeneralAndAdministrativeExpenses": 55400000,
        "otherExpenses": 49300000,
        "operatingExpenses": 104700000,
        "costAndExpenses": 1508000000,
        "interestIncome": 0,
        "interestExpense": -15000000,
        "depreciationAndAmortization": 52300000,
        "ebitda": 190400000,
        "ebitdaratio": 0.110588372,
        "operatingIncome": 163500000,
        "operatingIncomeRatio": 0.0949642795,
        "totalOtherIncomeExpensesNet": -10400000,
        "incomeBeforeTax": 153100000,
        "incomeBeforeTaxRatio": 0.0889237382,
        "incomeTaxExpense": 44700000,
        "netIncome": 108400000,
        "netIncomeRatio": 0.0629610269,
        "eps": 0.97,
        "epsdiluted": 0.97,
        "weightedAverageShsOut": 112100000,
        "weightedAverageShsOutDil": 112100000,
        "link": "https://www.sec.gov/Archives/edgar/data/918160/000119312507236157/0001193125-07-236157-index.html",
        "finalLink": "https://www.sec.gov/Archives/edgar/data/918160/000119312507236157/d10q.htm"
    },
    {
        "date": "2007-06-30",
        "symbol": "AKS",
        "reportedCurrency": "USD",
        "cik": "0000918160",
        "fillingDate": "2007-08-07",
        "acceptedDate": "2007-08-07 08:52:16",
        "calendarYear": "2007",
        "period": "Q2",
        "revenue": 1869500000,
        "costOfRevenue": 1552100000,
        "grossProfit": 317400000,
        "grossProfitRatio": 0.1697780155,
        "researchAndDevelopmentExpenses": 0,
        "generalAndAdministrativeExpenses": 25100000,
        "sellingAndMarketingExpenses": 55000000,
        "sellingGeneralAndAdministrativeExpenses": 80100000,
        "otherExpenses": 49900000,
        "operatingExpenses": 130000000,
        "costAndExpenses": 1608000000,
        "interestIncome": 0,
        "interestExpense": -17000000,
        "depreciationAndAmortization": 52600000,
        "ebitda": 210200000,
        "ebitdaratio": 0.1124364803,
        "operatingIncome": 187400000,
        "operatingIncomeRatio": 0.1002407061,
        "totalOtherIncomeExpensesNet": -12800000,
        "incomeBeforeTax": 174600000,
        "incomeBeforeTaxRatio": 0.0933939556,
        "incomeTaxExpense": 64700000,
        "netIncome": 109900000,
        "netIncomeRatio": 0.0587857716,
        "eps": 0.98,
        "epsdiluted": 0.98,
        "weightedAverageShsOut": 111900000,
        "weightedAverageShsOutDil": 111900000,
        "link": "https://www.sec.gov/Archives/edgar/data/918160/000119312507173044/0001193125-07-173044-index.html",
        "finalLink": "https://www.sec.gov/Archives/edgar/data/918160/000119312507173044/d10q.htm"
    },
    {
        "date": "2007-03-31",
        "symbol": "AKS",
        "reportedCurrency": "USD",
        "cik": "0000918160",
        "fillingDate": "2007-05-07",
        "acceptedDate": "2007-05-07 10:48:45",
        "calendarYear": "2007",
        "period": "Q1",
        "revenue": 1719900000,
        "costOfRevenue": 1480900000,
        "grossProfit": 239000000,
        "grossProfitRatio": 0.1389615675,
        "researchAndDevelopmentExpenses": 0,
        "generalAndAdministrativeExpenses": 15200000,
        "sellingAndMarketingExpenses": 54000000,
        "sellingGeneralAndAdministrativeExpenses": 69200000,
        "otherExpenses": 49800000,
        "operatingExpenses": 119000000,
        "costAndExpenses": 1534000000,
        "interestIncome": 0,
        "interestExpense": -24000000,
        "depreciationAndAmortization": 56700000,
        "ebitda": 132200000,
        "ebitdaratio": 0.076864934,
        "operatingIncome": 120000000,
        "operatingIncomeRatio": 0.0697714983,
        "totalOtherIncomeExpensesNet": -20500000,
        "incomeBeforeTax": 99500000,
        "incomeBeforeTaxRatio": 0.0578522007,
        "incomeTaxExpense": 36800000,
        "netIncome": 62700000,
        "netIncomeRatio": 0.0364556079,
        "eps": 0.56,
        "epsdiluted": 0.56,
        "weightedAverageShsOut": 111300000,
        "weightedAverageShsOutDil": 111300000,
        "link": "https://www.sec.gov/Archives/edgar/data/918160/000119312507103825/0001193125-07-103825-index.html",
        "finalLink": "https://www.sec.gov/Archives/edgar/data/918160/000119312507103825/d10q.htm"
    },
    {
        "date": "2006-12-31",
        "symbol": "AKS",
        "reportedCurrency": "USD",
        "cik": "0000918160",
        "fillingDate": "2007-02-27",
        "acceptedDate": "2007-02-27 10:14:57",
        "calendarYear": "2006",
        "period": "Q4",
        "revenue": 1582200000,
        "costOfRevenue": 1432100000,
        "grossProfit": 150100000,
        "grossProfitRatio": 0.0948679054,
        "researchAndDevelopmentExpenses": 0,
        "generalAndAdministrativeExpenses": 133600000,
        "sellingAndMarketingExpenses": 52000000,
        "sellingGeneralAndAdministrativeExpenses": 185600000,
        "otherExpenses": 46400000,
        "operatingExpenses": 232000000,
        "costAndExpenses": 1479000000,
        "interestIncome": 0,
        "interestExpense": -23000000,
        "depreciationAndAmortization": 49200000,
        "ebitda": -72500000,
        "ebitdaratio": -0.0458222728,
        "operatingIncome": -81900000,
        "operatingIncomeRatio": -0.0517633675,
        "totalOtherIncomeExpensesNet": -16800000,
        "incomeBeforeTax": -98700000,
        "incomeBeforeTaxRatio": -0.0623814941,
        "incomeTaxExpense": -49400000,
        "netIncome": -49300000,
        "netIncomeRatio": -0.0311591455,
        "eps": -0.45,
        "epsdiluted": -0.45,
        "weightedAverageShsOut": 110000000,
        "weightedAverageShsOutDil": 110000000,
        "link": "https://www.sec.gov/Archives/edgar/data/918160/000119312507040541/0001193125-07-040541-index.htm",
        "finalLink": "https://www.sec.gov/Archives/edgar/data/918160/000119312507040541/d10k.htm"
    },
    {
        "date": "2006-09-30",
        "symbol": "AKS",
        "reportedCurrency": "USD",
        "cik": "0000918160",
        "fillingDate": "2006-10-31",
        "acceptedDate": "2006-10-31 10:43:21",
        "calendarYear": "2006",
        "period": "Q3",
        "revenue": 1553600000,
        "costOfRevenue": 1388300000,
        "grossProfit": 165300000,
        "grossProfitRatio": 0.1063980433,
        "researchAndDevelopmentExpenses": 0,
        "generalAndAdministrativeExpenses": 10500000,
        "sellingAndMarketingExpenses": 51000000,
        "sellingGeneralAndAdministrativeExpenses": 61500000,
        "otherExpenses": 48700000,
        "operatingExpenses": 110200000,
        "costAndExpenses": 1439000000,
        "interestIncome": 0,
        "interestExpense": -22000000,
        "depreciationAndAmortization": 51000000,
        "ebitda": 66700000,
        "ebitdaratio": 0.0429325438,
        "operatingIncome": 55100000,
        "operatingIncomeRatio": 0.0354660144,
        "totalOtherIncomeExpensesNet": -17400000,
        "incomeBeforeTax": 37700000,
        "incomeBeforeTaxRatio": 0.0242662204,
        "incomeTaxExpense": 11700000,
        "netIncome": 26000000,
        "netIncomeRatio": 0.0167353244,
        "eps": 0.24,
        "epsdiluted": 0.24,
        "weightedAverageShsOut": 110500000,
        "weightedAverageShsOutDil": 110500000,
        "link": "https://www.sec.gov/Archives/edgar/data/918160/000119312506218855/0001193125-06-218855-index.htm",
        "finalLink": "https://www.sec.gov/Archives/edgar/data/918160/000119312506218855/d10q.htm"
    },
    {
        "date": "2006-06-30",
        "symbol": "AKS",
        "reportedCurrency": "USD",
        "cik": "0000918160",
        "fillingDate": "2006-08-01",
        "acceptedDate": "2006-08-01 14:23:35",
        "calendarYear": "2006",
        "period": "Q2",
        "revenue": 1497300000,
        "costOfRevenue": 1333000000,
        "grossProfit": 164300000,
        "grossProfitRatio": 0.1097308489,
        "researchAndDevelopmentExpenses": 0,
        "generalAndAdministrativeExpenses": -51500000,
        "sellingAndMarketingExpenses": 104000000,
        "sellingGeneralAndAdministrativeExpenses": 52500000,
        "otherExpenses": 48800000,
        "operatingExpenses": 101300000,
        "costAndExpenses": 2741000000,
        "interestIncome": 0,
        "interestExpense": -44000000,
        "depreciationAndAmortization": 51100000,
        "ebitda": 53600000,
        "ebitdaratio": 0.0357977693,
        "operatingIncome": 63000000,
        "operatingIncomeRatio": 0.0420757363,
        "totalOtherIncomeExpensesNet": -16500000,
        "incomeBeforeTax": 46500000,
        "incomeBeforeTaxRatio": 0.0310559006,
        "incomeTaxExpense": 17400000,
        "netIncome": 29100000,
        "netIncomeRatio": 0.019434983,
        "eps": 0.26,
        "epsdiluted": 0.26,
        "weightedAverageShsOut": 110500000,
        "weightedAverageShsOutDil": 110500000,
        "link": "https://www.sec.gov/Archives/edgar/data/918160/000119312506157932/0001193125-06-157932-index.htm",
        "finalLink": "https://www.sec.gov/Archives/edgar/data/918160/000119312506157932/d10q.htm"
    },
    {
        "date": "2006-03-31",
        "symbol": "AKS",
        "reportedCurrency": "USD",
        "cik": "0000918160",
        "fillingDate": "2006-05-04",
        "acceptedDate": "2006-05-04 11:31:30",
        "calendarYear": "2006",
        "period": "Q1",
        "revenue": 1435900000,
        "costOfRevenue": 1304300000,
        "grossProfit": 131600000,
        "grossProfitRatio": 0.0916498363,
        "researchAndDevelopmentExpenses": 0,
        "generalAndAdministrativeExpenses": 52100000,
        "sellingAndMarketingExpenses": 50100000,
        "sellingGeneralAndAdministrativeExpenses": 102200000,
        "otherExpenses": 0,
        "operatingExpenses": 102200000,
        "costAndExpenses": 1406500000,
        "interestIncome": 0,
        "interestExpense": 0,
        "depreciationAndAmortization": 52400000,
        "ebitda": 63800000,
        "ebitdaratio": 0.0444320635,
        "operatingIncome": 29400000,
        "operatingIncomeRatio": 0.0204749634,
        "totalOtherIncomeExpensesNet": -18000000,
        "incomeBeforeTax": 11400000,
        "incomeBeforeTaxRatio": 0.0079392715,
        "incomeTaxExpense": 5200000,
        "netIncome": 6200000,
        "netIncomeRatio": 0.0043178494,
        "eps": 0.0562,
        "epsdiluted": 0.0562,
        "weightedAverageShsOut": 110300000,
        "weightedAverageShsOutDil": 110300000,
        "link": "https://www.sec.gov/Archives/edgar/data/918160/000119312506099746/0001193125-06-099746-index.htm",
        "finalLink": "https://www.sec.gov/Archives/edgar/data/918160/000119312506099746/d10q.htm"
    },
    {
        "date": "2005-12-31",
        "symbol": "AKS",
        "reportedCurrency": "USD",
        "cik": "0000918160",
        "fillingDate": "2006-03-02",
        "acceptedDate": "2006-03-02 10:49:07",
        "calendarYear": "2005",
        "period": "Q4",
        "revenue": 1377000000,
        "costOfRevenue": 1194100000,
        "grossProfit": 182900000,
        "grossProfitRatio": 0.1328249818,
        "researchAndDevelopmentExpenses": 0,
        "generalAndAdministrativeExpenses": 54300000,
        "sellingAndMarketingExpenses": 52000000,
        "sellingGeneralAndAdministrativeExpenses": 106300000,
        "otherExpenses": 125800000,
        "operatingExpenses": 232100000,
        "costAndExpenses": 1246000000,
        "interestIncome": 0,
        "interestExpense": -21000000,
        "depreciationAndAmortization": 49400000,
        "ebitda": -40699999.99999999,
        "ebitdaratio": -0.029557008,
        "operatingIncome": -49200000,
        "operatingIncomeRatio": -0.0357298475,
        "totalOtherIncomeExpensesNet": -18400000,
        "incomeBeforeTax": -67600000,
        "incomeBeforeTaxRatio": -0.0490922295,
        "incomeTaxExpense": -27600000,
        "netIncome": -41500000,
        "netIncomeRatio": -0.0301379811,
        "eps": -0.38,
        "epsdiluted": -0.38,
        "weightedAverageShsOut": 109800000,
        "weightedAverageShsOutDil": 109800000,
        "link": "https://www.sec.gov/Archives/edgar/data/918160/000119312506043448/0001193125-06-043448-index.htm",
        "finalLink": "https://www.sec.gov/Archives/edgar/data/918160/000119312506043448/d10k.htm"
    },
    {
        "date": "2005-09-30",
        "symbol": "AKS",
        "reportedCurrency": "USD",
        "cik": "0000918160",
        "fillingDate": "2005-11-01",
        "acceptedDate": "2005-11-01 13:14:00",
        "calendarYear": "2005",
        "period": "Q3",
        "revenue": 1393300000,
        "costOfRevenue": 1317700000,
        "grossProfit": 75600000,
        "grossProfitRatio": 0.0542596713,
        "researchAndDevelopmentExpenses": 0,
        "generalAndAdministrativeExpenses": -100000,
        "sellingAndMarketingExpenses": 52000000,
        "sellingGeneralAndAdministrativeExpenses": 51900000,
        "otherExpenses": 49200000,
        "operatingExpenses": 101100000,
        "costAndExpenses": 1369000000,
        "interestIncome": 0,
        "interestExpense": -21000000,
        "depreciationAndAmortization": 51400000,
        "ebitda": -14500000.000000007,
        "ebitdaratio": -0.0104069475,
        "operatingIncome": -25500000,
        "operatingIncomeRatio": -0.0183018733,
        "totalOtherIncomeExpensesNet": -19400000,
        "incomeBeforeTax": -44900000,
        "incomeBeforeTaxRatio": -0.0322256513,
        "incomeTaxExpense": -15900000,
        "netIncome": -29000000,
        "netIncomeRatio": -0.0208138951,
        "eps": -0.26,
        "epsdiluted": -0.26,
        "weightedAverageShsOut": 109800000,
        "weightedAverageShsOutDil": 109800000,
        "link": "https://www.sec.gov/Archives/edgar/data/918160/000119312505212812/0001193125-05-212812-index.htm",
        "finalLink": "https://www.sec.gov/Archives/edgar/data/918160/000119312505212812/d10q.htm"
    },
    {
        "date": "2005-06-30",
        "symbol": "AKS",
        "reportedCurrency": "USD",
        "cik": "0000918160",
        "fillingDate": "2005-08-03",
        "acceptedDate": "2005-08-03 11:40:34",
        "calendarYear": "2005",
        "period": "Q2",
        "revenue": 1454600000,
        "costOfRevenue": 1278700000,
        "grossProfit": 175900000,
        "grossProfitRatio": 0.1209267152,
        "researchAndDevelopmentExpenses": 0,
        "generalAndAdministrativeExpenses": 100000,
        "sellingAndMarketingExpenses": 52000000,
        "sellingGeneralAndAdministrativeExpenses": 52100000,
        "otherExpenses": 49600000,
        "operatingExpenses": 101700000,
        "costAndExpenses": 1331000000,
        "interestIncome": 0,
        "interestExpense": -22000000,
        "depreciationAndAmortization": 51600000,
        "ebitda": 83500000,
        "ebitdaratio": 0.0574040973,
        "operatingIncome": 74200000,
        "operatingIncomeRatio": 0.0510105871,
        "totalOtherIncomeExpensesNet": -20300000,
        "incomeBeforeTax": 53900000,
        "incomeBeforeTaxRatio": 0.0370548604,
        "incomeTaxExpense": 44900000,
        "netIncome": 9000000,
        "netIncomeRatio": 0.006187268,
        "eps": 0.0816,
        "epsdiluted": 0.0816,
        "weightedAverageShsOut": 110300000,
        "weightedAverageShsOutDil": 110300000,
        "link": "https://www.sec.gov/Archives/edgar/data/918160/000119312505155932/0001193125-05-155932-index.htm",
        "finalLink": "https://www.sec.gov/Archives/edgar/data/918160/000119312505155932/d10q.htm"
    },
    {
        "date": "2005-03-31",
        "symbol": "AKS",
        "reportedCurrency": "USD",
        "cik": "0000918160",
        "fillingDate": "2005-05-04",
        "acceptedDate": "2005-05-04 08:21:13",
        "calendarYear": "2005",
        "period": "Q1",
        "revenue": 1422500000,
        "costOfRevenue": 1206300000,
        "grossProfit": 216200000,
        "grossProfitRatio": 0.1519859402,
        "researchAndDevelopmentExpenses": 0,
        "generalAndAdministrativeExpenses": 300000,
        "sellingAndMarketingExpenses": 52000000,
        "sellingGeneralAndAdministrativeExpenses": 52300000,
        "otherExpenses": 50300000,
        "operatingExpenses": 102600000,
        "costAndExpenses": 1258000000,
        "interestIncome": 0,
        "interestExpense": -22000000,
        "depreciationAndAmortization": 52500000,
        "ebitda": 127100000,
        "ebitdaratio": 0.0893497364,
        "operatingIncome": 113600000,
        "operatingIncomeRatio": 0.0798594025,
        "totalOtherIncomeExpensesNet": -17000000,
        "incomeBeforeTax": 96600000,
        "incomeBeforeTaxRatio": 0.0679086116,
        "incomeTaxExpense": 37400000,
        "netIncome": 59200000,
        "netIncomeRatio": 0.0416168717,
        "eps": 0.54,
        "epsdiluted": 0.54,
        "weightedAverageShsOut": 110600000,
        "weightedAverageShsOutDil": 110600000,
        "link": "https://www.sec.gov/Archives/edgar/data/918160/000119312505094727/0001193125-05-094727-index.htm",
        "finalLink": "https://www.sec.gov/Archives/edgar/data/918160/000119312505094727/d10q.htm"
    },
    {
        "date": "2004-12-31",
        "symbol": "AKS",
        "reportedCurrency": "USD",
        "cik": "0000918160",
        "fillingDate": "2005-03-08",
        "acceptedDate": "2005-03-08 12:46:52",
        "calendarYear": "2004",
        "period": "Q4",
        "revenue": 1433800000,
        "costOfRevenue": 1237700000,
        "grossProfit": 196100000,
        "grossProfitRatio": 0.1367694239,
        "researchAndDevelopmentExpenses": 0,
        "generalAndAdministrativeExpenses": 380000000,
        "sellingAndMarketingExpenses": 1000000,
        "sellingGeneralAndAdministrativeExpenses": 381000000,
        "otherExpenses": 52600000,
        "operatingExpenses": 433600000,
        "costAndExpenses": 1000000,
        "interestIncome": 0,
        "interestExpense": 0,
        "depreciationAndAmortization": 49500000,
        "ebitda": -223900000,
        "ebitdaratio": -0.15615846,
        "operatingIncome": -237500000,
        "operatingIncomeRatio": -0.1656437439,
        "totalOtherIncomeExpensesNet": -25000000,
        "incomeBeforeTax": -262500000,
        "incomeBeforeTaxRatio": -0.1830799275,
        "incomeTaxExpense": -170600000,
        "netIncome": -102800000,
        "netIncomeRatio": -0.0716975868,
        "eps": -0.94,
        "epsdiluted": -0.94,
        "weightedAverageShsOut": 108800000,
        "weightedAverageShsOutDil": 108800000,
        "link": "https://www.sec.gov/Archives/edgar/data/918160/000119312505044402/0001193125-05-044402-index.htm",
        "finalLink": "https://www.sec.gov/Archives/edgar/data/918160/000119312505044402/d10k.htm"
    },
    {
        "date": "2004-09-30",
        "symbol": "AKS",
        "reportedCurrency": "USD",
        "cik": "0000918160",
        "fillingDate": "2004-11-04",
        "acceptedDate": "2004-11-04 10:54:15",
        "calendarYear": "2004",
        "period": "Q3",
        "revenue": 1337300000,
        "costOfRevenue": 1142300000,
        "grossProfit": 195000000,
        "grossProfitRatio": 0.1458161968,
        "researchAndDevelopmentExpenses": 0,
        "generalAndAdministrativeExpenses": -700000,
        "sellingAndMarketingExpenses": 50000000,
        "sellingGeneralAndAdministrativeExpenses": 49300000,
        "otherExpenses": 51200000,
        "operatingExpenses": 100500000,
        "costAndExpenses": 1192000000,
        "interestIncome": 0,
        "interestExpense": -26000000,
        "depreciationAndAmortization": 53400000,
        "ebitda": 60300000,
        "ebitdaratio": 0.0450908547,
        "operatingIncome": 94500000,
        "operatingIncomeRatio": 0.0706647723,
        "totalOtherIncomeExpensesNet": -26100000,
        "incomeBeforeTax": 68400000,
        "incomeBeforeTaxRatio": 0.0511478352,
        "incomeTaxExpense": -50200000,
        "netIncome": 83100000,
        "netIncomeRatio": 0.0621401331,
        "eps": 0.76,
        "epsdiluted": 0.76,
        "weightedAverageShsOut": 109200000,
        "weightedAverageShsOutDil": 109200000,
        "link": "https://www.sec.gov/Archives/edgar/data/918160/000119312504185812/0001193125-04-185812-index.htm",
        "finalLink": "https://www.sec.gov/Archives/edgar/data/918160/000119312504185812/d10q.htm"
    },
    {
        "date": "2004-06-30",
        "symbol": "AKS",
        "reportedCurrency": "USD",
        "cik": "0000918160",
        "fillingDate": "2004-08-05",
        "acceptedDate": "2004-08-05 12:10:42",
        "calendarYear": "2004",
        "period": "Q2",
        "revenue": 1311800000,
        "costOfRevenue": 1147200000,
        "grossProfit": 164600000,
        "grossProfitRatio": 0.1254764446,
        "researchAndDevelopmentExpenses": 0,
        "generalAndAdministrativeExpenses": -51600000,
        "sellingAndMarketingExpenses": 106000000,
        "sellingGeneralAndAdministrativeExpenses": 54400000,
        "otherExpenses": 53800000,
        "operatingExpenses": 108200000,
        "costAndExpenses": 2279000000,
        "interestIncome": 0,
        "interestExpense": -57000000,
        "depreciationAndAmortization": 58400000,
        "ebitda": 101300000,
        "ebitdaratio": 0.0772221375,
        "operatingIncome": 56400000,
        "operatingIncomeRatio": 0.0429943589,
        "totalOtherIncomeExpensesNet": -29000000,
        "incomeBeforeTax": 27400000,
        "incomeBeforeTaxRatio": 0.0208873304,
        "incomeTaxExpense": 7200000,
        "netIncome": 92700000,
        "netIncomeRatio": 0.0706662601,
        "eps": 0.85,
        "epsdiluted": 0.85,
        "weightedAverageShsOut": 109000000,
        "weightedAverageShsOutDil": 109000000,
        "link": "https://www.sec.gov/Archives/edgar/data/918160/000119312504132303/0001193125-04-132303-index.htm",
        "finalLink": "https://www.sec.gov/Archives/edgar/data/918160/000119312504132303/d10q.htm"
    },
    {
        "date": "2004-03-31",
        "symbol": "AKS",
        "reportedCurrency": "USD",
        "cik": "0000918160",
        "fillingDate": "2004-05-05",
        "acceptedDate": "2004-05-05 10:36:45",
        "calendarYear": "2004",
        "period": "Q1",
        "revenue": 1134400000,
        "costOfRevenue": 1026400000,
        "grossProfit": 108000000,
        "grossProfitRatio": 0.0952045134,
        "researchAndDevelopmentExpenses": 0,
        "generalAndAdministrativeExpenses": 52500000,
        "sellingAndMarketingExpenses": 54000000,
        "sellingGeneralAndAdministrativeExpenses": 106500000,
        "otherExpenses": 0,
        "operatingExpenses": 106500000,
        "costAndExpenses": 1132900000,
        "interestIncome": 0,
        "interestExpense": 0,
        "depreciationAndAmortization": 57800000,
        "ebitda": 213000000,
        "ebitdaratio": 0.187764457,
        "operatingIncome": 1500000,
        "operatingIncomeRatio": 0.0013222849,
        "totalOtherIncomeExpensesNet": -28100000,
        "incomeBeforeTax": -26600000,
        "incomeBeforeTaxRatio": -0.023448519,
        "incomeTaxExpense": -10200000,
        "netIncome": 165400000,
        "netIncomeRatio": 0.1458039492,
        "eps": 1.52,
        "epsdiluted": 1.52,
        "weightedAverageShsOut": 108700000,
        "weightedAverageShsOutDil": 108700000,
        "link": "https://www.sec.gov/Archives/edgar/data/918160/000119312504078785/0001193125-04-078785-index.htm",
        "finalLink": "https://www.sec.gov/Archives/edgar/data/918160/000119312504078785/d10q.htm"
    },
    {
        "date": "2003-12-31",
        "symbol": "AKS",
        "reportedCurrency": "USD",
        "cik": "0000918160",
        "fillingDate": "2004-03-09",
        "acceptedDate": "2004-03-09 16:09:38",
        "calendarYear": "2003",
        "period": "Q4",
        "revenue": 1054000000,
        "costOfRevenue": 974500000,
        "grossProfit": 79500000,
        "grossProfitRatio": 0.075426945,
        "researchAndDevelopmentExpenses": 0,
        "generalAndAdministrativeExpenses": 296500000,
        "sellingAndMarketingExpenses": 1000000,
        "sellingGeneralAndAdministrativeExpenses": 297500000,
        "otherExpenses": 50500000,
        "operatingExpenses": 348000000,
        "costAndExpenses": 1000000,
        "interestIncome": 0,
        "interestExpense": 0,
        "depreciationAndAmortization": 53700000,
        "ebitda": -236200000,
        "ebitdaratio": -0.2240986717,
        "operatingIncome": -268500000,
        "operatingIncomeRatio": -0.254743833,
        "totalOtherIncomeExpensesNet": -36900000,
        "incomeBeforeTax": -305400000,
        "incomeBeforeTaxRatio": -0.2897533207,
        "incomeTaxExpense": -126000000,
        "netIncome": -163900000,
        "netIncomeRatio": -0.1555028463,
        "eps": -1.51,
        "epsdiluted": -1.51,
        "weightedAverageShsOut": 108500000,
        "weightedAverageShsOutDil": 108500000,
        "link": "https://www.sec.gov/Archives/edgar/data/918160/000119312504037251/0001193125-04-037251-index.htm",
        "finalLink": "https://www.sec.gov/Archives/edgar/data/918160/000119312504037251/d10k.htm"
    },
    {
        "date": "2003-09-30",
        "symbol": "AKS",
        "reportedCurrency": "USD",
        "cik": "0000918160",
        "fillingDate": "2003-11-14",
        "acceptedDate": "2003-11-14 12:24:54",
        "calendarYear": "2003",
        "period": "Q3",
        "revenue": 1021100000,
        "costOfRevenue": 1026200000,
        "grossProfit": -5100000,
        "grossProfitRatio": -0.0049946137,
        "researchAndDevelopmentExpenses": 0,
        "generalAndAdministrativeExpenses": -7700000,
        "sellingAndMarketingExpenses": 69000000,
        "sellingGeneralAndAdministrativeExpenses": 61300000,
        "otherExpenses": 158600000,
        "operatingExpenses": 219900000,
        "costAndExpenses": 1117000000,
        "interestIncome": 0,
        "interestExpense": -30000000,
        "depreciationAndAmortization": 60400000,
        "ebitda": -215600000,
        "ebitdaratio": -0.2111448438,
        "operatingIncome": -225000000,
        "operatingIncomeRatio": -0.2203506023,
        "totalOtherIncomeExpensesNet": -29500000,
        "incomeBeforeTax": -254500000,
        "incomeBeforeTaxRatio": -0.2492410146,
        "incomeTaxExpense": 31500000,
        "netIncome": -277500000,
        "netIncomeRatio": -0.2717657428,
        "eps": -2.56,
        "epsdiluted": -2.56,
        "weightedAverageShsOut": 108500000,
        "weightedAverageShsOutDil": 108500000,
        "link": "https://www.sec.gov/Archives/edgar/data/918160/000119312503081498/0001193125-03-081498-index.htm",
        "finalLink": "https://www.sec.gov/Archives/edgar/data/918160/000119312503081498/d10q.htm"
    },
    {
        "date": "2003-06-30",
        "symbol": "AKS",
        "reportedCurrency": "USD",
        "cik": "0000918160",
        "fillingDate": "2003-08-07",
        "acceptedDate": "2003-08-07 11:21:22",
        "calendarYear": "2003",
        "period": "Q2",
        "revenue": 981300000,
        "costOfRevenue": 974200000,
        "grossProfit": 7100000,
        "grossProfitRatio": 0.0072353001,
        "researchAndDevelopmentExpenses": 0,
        "generalAndAdministrativeExpenses": -71600000,
        "sellingAndMarketingExpenses": 137000000,
        "sellingGeneralAndAdministrativeExpenses": 65400000,
        "otherExpenses": 56900000,
        "operatingExpenses": 122300000,
        "costAndExpenses": 2049000000,
        "interestIncome": 0,
        "interestExpense": -57000000,
        "depreciationAndAmortization": 59400000,
        "ebitda": -131800000,
        "ebitdaratio": -0.1343116274,
        "operatingIncome": -115200000,
        "operatingIncomeRatio": -0.117395292,
        "totalOtherIncomeExpensesNet": -27400000,
        "incomeBeforeTax": -142600000,
        "incomeBeforeTaxRatio": -0.1453174361,
        "incomeTaxExpense": -56000000,
        "netIncome": -78200000,
        "netIncomeRatio": -0.0796902069,
        "eps": -0.72,
        "epsdiluted": -0.72,
        "weightedAverageShsOut": 108500000,
        "weightedAverageShsOutDil": 108500000,
        "link": "https://www.sec.gov/Archives/edgar/data/918160/000119312503030555/0001193125-03-030555-index.htm",
        "finalLink": "https://www.sec.gov/Archives/edgar/data/918160/000119312503030555/d10q.htm"
    },
    {
        "date": "2003-03-31",
        "symbol": "AKS",
        "reportedCurrency": "USD",
        "cik": "0000918160",
        "fillingDate": "2003-05-09",
        "acceptedDate": "2003-05-09 09:59:30",
        "calendarYear": "2003",
        "period": "Q1",
        "revenue": 985300000,
        "costOfRevenue": 912000000,
        "grossProfit": 73300000,
        "grossProfitRatio": 0.0743935857,
        "researchAndDevelopmentExpenses": 0,
        "generalAndAdministrativeExpenses": 59500000,
        "sellingAndMarketingExpenses": 56900000,
        "sellingGeneralAndAdministrativeExpenses": 116400000,
        "otherExpenses": 0,
        "operatingExpenses": 116400000,
        "costAndExpenses": 1028400000,
        "interestIncome": 0,
        "interestExpense": 0,
        "depreciationAndAmortization": 59300000,
        "ebitda": -9600000,
        "ebitdaratio": -0.0097432254,
        "operatingIncome": -43100000,
        "operatingIncomeRatio": -0.0437430224,
        "totalOtherIncomeExpensesNet": -27400000,
        "incomeBeforeTax": -70500000,
        "incomeBeforeTaxRatio": -0.0715518116,
        "incomeTaxExpense": -28100000,
        "netIncome": -40800000,
        "netIncomeRatio": -0.041408708,
        "eps": -0.38,
        "epsdiluted": -0.38,
        "weightedAverageShsOut": 108400000,
        "weightedAverageShsOutDil": 108400000,
        "link": "https://www.sec.gov/Archives/edgar/data/918160/000119312503004050/0001193125-03-004050-index.htm",
        "finalLink": "https://www.sec.gov/Archives/edgar/data/918160/000119312503004050/d10q.htm"
    },
    {
        "date": "2002-12-31",
        "symbol": "AKS",
        "reportedCurrency": "USD",
        "cik": "0000918160",
        "fillingDate": "2002-12-31",
        "acceptedDate": "2002-12-30 19:00:00",
        "calendarYear": "2002",
        "period": "Q4",
        "revenue": 1025800000,
        "costOfRevenue": 884200000,
        "grossProfit": 141600000,
        "grossProfitRatio": 0.138038604,
        "researchAndDevelopmentExpenses": 0,
        "generalAndAdministrativeExpenses": 879200000,
        "sellingAndMarketingExpenses": 65100000,
        "sellingGeneralAndAdministrativeExpenses": 944300000,
        "otherExpenses": 0,
        "operatingExpenses": 944300000,
        "costAndExpenses": 1828500000,
        "interestIncome": 0,
        "interestExpense": 0,
        "depreciationAndAmortization": 52600000,
        "ebitda": -776800000,
        "ebitdaratio": -0.7572626243,
        "operatingIncome": -802700000,
        "operatingIncomeRatio": -0.7825112108,
        "totalOtherIncomeExpensesNet": -34100000,
        "incomeBeforeTax": -836800000,
        "incomeBeforeTaxRatio": -0.8157535582,
        "incomeTaxExpense": -339700000,
        "netIncome": -489700000,
        "netIncomeRatio": -0.4773835056,
        "eps": -4.54,
        "epsdiluted": -4.54,
        "weightedAverageShsOut": 107900000,
        "weightedAverageShsOutDil": 107900000,
        "link": "",
        "finalLink": ""
    },
    {
        "date": "2002-09-30",
        "symbol": "AKS",
        "reportedCurrency": "USD",
        "cik": "0000918160",
        "fillingDate": "2002-09-30",
        "acceptedDate": "2002-09-29 20:00:00",
        "calendarYear": "2002",
        "period": "Q3",
        "revenue": 1023800000,
        "costOfRevenue": 889800000,
        "grossProfit": 134000000,
        "grossProfitRatio": 0.1308849385,
        "researchAndDevelopmentExpenses": 0,
        "generalAndAdministrativeExpenses": 50600000,
        "sellingAndMarketingExpenses": 85700000,
        "sellingGeneralAndAdministrativeExpenses": 136300000,
        "otherExpenses": 0,
        "operatingExpenses": 136300000,
        "costAndExpenses": 1026100000,
        "interestIncome": 0,
        "interestExpense": 0,
        "depreciationAndAmortization": 64800000,
        "ebitda": 49600000,
        "ebitdaratio": 0.0484469623,
        "operatingIncome": -2300000,
        "operatingIncomeRatio": -0.0022465325,
        "totalOtherIncomeExpensesNet": -30300000,
        "incomeBeforeTax": -32600000,
        "incomeBeforeTaxRatio": -0.0318421567,
        "incomeTaxExpense": -11900000,
        "netIncome": -3300000,
        "netIncomeRatio": -0.0032232858,
        "eps": -0.0303,
        "epsdiluted": -0.0303,
        "weightedAverageShsOut": 108800000,
        "weightedAverageShsOutDil": 108800000,
        "link": "",
        "finalLink": ""
    },
    {
        "date": "2002-06-30",
        "symbol": "AKS",
        "reportedCurrency": "USD",
        "cik": "0000918160",
        "fillingDate": "2002-06-30",
        "acceptedDate": "2002-06-29 20:00:00",
        "calendarYear": "2002",
        "period": "Q2",
        "revenue": 1141500000,
        "costOfRevenue": 975600000,
        "grossProfit": 165900000,
        "grossProfitRatio": 0.1453350854,
        "researchAndDevelopmentExpenses": 0,
        "generalAndAdministrativeExpenses": 64300000,
        "sellingAndMarketingExpenses": 31700000,
        "sellingGeneralAndAdministrativeExpenses": 96000000,
        "otherExpenses": 0,
        "operatingExpenses": 96000000,
        "costAndExpenses": 1071600000,
        "interestIncome": 0,
        "interestExpense": 0,
        "depreciationAndAmortization": 58100000,
        "ebitda": 88100000,
        "ebitdaratio": 0.0771791502,
        "operatingIncome": 69900000,
        "operatingIncomeRatio": 0.0612352168,
        "totalOtherIncomeExpensesNet": -32600000,
        "incomeBeforeTax": 37300000,
        "incomeBeforeTaxRatio": 0.0326763031,
        "incomeTaxExpense": 13800000,
        "netIncome": 16200000,
        "netIncomeRatio": 0.0141918528,
        "eps": 0.15,
        "epsdiluted": 0.15,
        "weightedAverageShsOut": 108200000,
        "weightedAverageShsOutDil": 108200000,
        "link": "",
        "finalLink": ""
    },
    {
        "date": "2002-03-31",
        "symbol": "AKS",
        "reportedCurrency": "USD",
        "cik": "0000918160",
        "fillingDate": "2002-03-31",
        "acceptedDate": "2002-03-30 19:00:00",
        "calendarYear": "2002",
        "period": "Q1",
        "revenue": 967700000,
        "costOfRevenue": 879100000,
        "grossProfit": 88600000,
        "grossProfitRatio": 0.0915573008,
        "researchAndDevelopmentExpenses": 0,
        "generalAndAdministrativeExpenses": 65500000,
        "sellingAndMarketingExpenses": 57400000,
        "sellingGeneralAndAdministrativeExpenses": 122900000,
        "otherExpenses": 0,
        "operatingExpenses": 122900000,
        "costAndExpenses": 1002000000,
        "interestIncome": 0,
        "interestExpense": 0,
        "depreciationAndAmortization": 59900000,
        "ebitda": 18900000,
        "ebitdaratio": 0.0195308463,
        "operatingIncome": -34300000,
        "operatingIncomeRatio": -0.0354448693,
        "totalOtherIncomeExpensesNet": -7200000,
        "incomeBeforeTax": -41500000,
        "incomeBeforeTaxRatio": -0.0428851917,
        "incomeTaxExpense": -15400000,
        "netIncome": -25600000,
        "netIncomeRatio": -0.0264544797,
        "eps": -0.24,
        "epsdiluted": -0.24,
        "weightedAverageShsOut": 107900000,
        "weightedAverageShsOutDil": 107900000,
        "link": "",
        "finalLink": ""
    },
    {
        "date": "2001-12-31",
        "symbol": "AKS",
        "reportedCurrency": "USD",
        "cik": "0000918160",
        "fillingDate": "2001-12-31",
        "acceptedDate": "2001-12-30 19:00:00",
        "calendarYear": "2001",
        "period": "Q4",
        "revenue": 932700000,
        "costOfRevenue": 755500000,
        "grossProfit": 177200000,
        "grossProfitRatio": 0.189986062,
        "researchAndDevelopmentExpenses": 0,
        "generalAndAdministrativeExpenses": 263700000,
        "sellingAndMarketingExpenses": 3100000,
        "sellingGeneralAndAdministrativeExpenses": 266800000,
        "otherExpenses": 0,
        "operatingExpenses": 266800000,
        "costAndExpenses": 1022300000,
        "interestIncome": 0,
        "interestExpense": 0,
        "depreciationAndAmortization": 50900000,
        "ebitda": -70400000.00000003,
        "ebitdaratio": -0.0754797899,
        "operatingIncome": -89600000,
        "operatingIncomeRatio": -0.0960651871,
        "totalOtherIncomeExpensesNet": -31700000,
        "incomeBeforeTax": -121300000,
        "incomeBeforeTaxRatio": -0.1300525356,
        "incomeTaxExpense": -44900000,
        "netIncome": -76400000,
        "netIncomeRatio": -0.0819127265,
        "eps": -0.71,
        "epsdiluted": -0.71,
        "weightedAverageShsOut": 107700000,
        "weightedAverageShsOutDil": 107700000,
        "link": "",
        "finalLink": ""
    },
    {
        "date": "2001-09-30",
        "symbol": "AKS",
        "reportedCurrency": "USD",
        "cik": "0000918160",
        "fillingDate": "2001-11-02",
        "acceptedDate": "2001-11-02 00:00:00",
        "calendarYear": "2001",
        "period": "Q3",
        "revenue": 960700000,
        "costOfRevenue": 818600000,
        "grossProfit": 142100000,
        "grossProfitRatio": 0.1479129801,
        "researchAndDevelopmentExpenses": 0,
        "generalAndAdministrativeExpenses": 61900000,
        "sellingAndMarketingExpenses": 56800000,
        "sellingGeneralAndAdministrativeExpenses": 118700000,
        "otherExpenses": 0,
        "operatingExpenses": 118700000,
        "costAndExpenses": 937300000,
        "interestIncome": 0,
        "interestExpense": 0,
        "depreciationAndAmortization": 68300000,
        "ebitda": 59400000,
        "ebitdaratio": 0.0618299157,
        "operatingIncome": 23400000,
        "operatingIncomeRatio": 0.0243572395,
        "totalOtherIncomeExpensesNet": -31500000,
        "incomeBeforeTax": -8100000,
        "incomeBeforeTaxRatio": -0.0084313521,
        "incomeTaxExpense": -3000000,
        "netIncome": -5900000,
        "netIncomeRatio": -0.0061413553,
        "eps": -0.0548,
        "epsdiluted": -0.0548,
        "weightedAverageShsOut": 107700000,
        "weightedAverageShsOutDil": 107700000,
        "link": "https://www.sec.gov/Archives/edgar/data/918160/000095013001505023/0000950130-01-505023-index.html",
        "finalLink": "https://www.sec.gov/Archives/edgar/data/918160/000095013001505023/d10q.txt"
    },
    {
        "date": "2001-06-30",
        "symbol": "AKS",
        "reportedCurrency": "USD",
        "cik": "0000918160",
        "fillingDate": "2001-08-03",
        "acceptedDate": "2001-08-03 00:00:00",
        "calendarYear": "2001",
        "period": "Q2",
        "revenue": 984200000,
        "costOfRevenue": 827100000,
        "grossProfit": 157100000,
        "grossProfitRatio": 0.159622028,
        "researchAndDevelopmentExpenses": 0,
        "generalAndAdministrativeExpenses": 62700000,
        "sellingAndMarketingExpenses": 58000000,
        "sellingGeneralAndAdministrativeExpenses": 120700000,
        "otherExpenses": 0,
        "operatingExpenses": 120700000,
        "costAndExpenses": 947800000,
        "interestIncome": 0,
        "interestExpense": 0,
        "depreciationAndAmortization": 60800000,
        "ebitda": 65400000,
        "ebitdaratio": 0.0664499086,
        "operatingIncome": 36400000,
        "operatingIncomeRatio": 0.0369843528,
        "totalOtherIncomeExpensesNet": -31200000,
        "incomeBeforeTax": 5200000,
        "incomeBeforeTaxRatio": 0.005283479,
        "incomeTaxExpense": 1900000,
        "netIncome": 2700000,
        "netIncomeRatio": 0.0027433448,
        "eps": 0.025,
        "epsdiluted": 0.025,
        "weightedAverageShsOut": 108000000,
        "weightedAverageShsOutDil": 108000000,
        "link": "https://www.sec.gov/Archives/edgar/data/918160/000095013001503488/0000950130-01-503488-index.html",
        "finalLink": "https://www.sec.gov/Archives/edgar/data/918160/000095013001503488/d10q.txt"
    },
    {
        "date": "2001-03-31",
        "symbol": "AKS",
        "reportedCurrency": "USD",
        "cik": "0000918160",
        "fillingDate": "2001-03-31",
        "acceptedDate": "2001-03-30 19:00:00",
        "calendarYear": "2001",
        "period": "Q1",
        "revenue": 955800000,
        "costOfRevenue": 824300000,
        "grossProfit": 131500000,
        "grossProfitRatio": 0.1375810839,
        "researchAndDevelopmentExpenses": 0,
        "generalAndAdministrativeExpenses": 61500000,
        "sellingAndMarketingExpenses": 58000000,
        "sellingGeneralAndAdministrativeExpenses": 119500000,
        "otherExpenses": 0,
        "operatingExpenses": 119500000,
        "costAndExpenses": 943800000,
        "interestIncome": 0,
        "interestExpense": 0,
        "depreciationAndAmortization": 63300000,
        "ebitda": 42900000,
        "ebitdaratio": 0.0448838669,
        "operatingIncome": 12000000,
        "operatingIncomeRatio": 0.0125549278,
        "totalOtherIncomeExpensesNet": -32600000,
        "incomeBeforeTax": -20600000,
        "incomeBeforeTaxRatio": -0.0215526261,
        "incomeTaxExpense": -7600000,
        "netIncome": -12800000,
        "netIncomeRatio": -0.013391923,
        "eps": -0.12,
        "epsdiluted": -0.12,
        "weightedAverageShsOut": 107800000,
        "weightedAverageShsOutDil": 107800000,
        "link": "",
        "finalLink": ""
    },
    {
        "date": "2000-12-31",
        "symbol": "AKS",
        "reportedCurrency": "USD",
        "cik": "0000918160",
        "fillingDate": "2000-12-31",
        "acceptedDate": "2000-12-30 19:00:00",
        "calendarYear": "2000",
        "period": "Q4",
        "revenue": 1059800000,
        "costOfRevenue": 890300000,
        "grossProfit": 169500000,
        "grossProfitRatio": 0.159935837,
        "researchAndDevelopmentExpenses": 0,
        "generalAndAdministrativeExpenses": 69200000,
        "sellingAndMarketingExpenses": 54000000,
        "sellingGeneralAndAdministrativeExpenses": 123200000,
        "otherExpenses": 0,
        "operatingExpenses": 123200000,
        "costAndExpenses": 1013500000,
        "interestIncome": 0,
        "interestExpense": 0,
        "depreciationAndAmortization": 243300000,
        "ebitda": 260200000,
        "ebitdaratio": 0.2455180223,
        "operatingIncome": 46300000,
        "operatingIncomeRatio": 0.0436874882,
        "totalOtherIncomeExpensesNet": -29400000,
        "incomeBeforeTax": 16900000,
        "incomeBeforeTaxRatio": 0.015946405,
        "incomeTaxExpense": 1400000,
        "netIncome": 15500000,
        "netIncomeRatio": 0.014625401,
        "eps": 0.14,
        "epsdiluted": 0.14,
        "weightedAverageShsOut": 107600000,
        "weightedAverageShsOutDil": 107600000,
        "link": "",
        "finalLink": ""
    },
    {
        "date": "2000-09-30",
        "symbol": "AKS",
        "reportedCurrency": "USD",
        "cik": "0000918160",
        "fillingDate": "2000-10-26",
        "acceptedDate": "2000-10-26 00:00:00",
        "calendarYear": "2000",
        "period": "Q3",
        "revenue": 1140000000,
        "costOfRevenue": 918700000,
        "grossProfit": 221300000,
        "grossProfitRatio": 0.194122807,
        "researchAndDevelopmentExpenses": 0,
        "generalAndAdministrativeExpenses": 65600000,
        "sellingAndMarketingExpenses": 57600000,
        "sellingGeneralAndAdministrativeExpenses": 123200000,
        "otherExpenses": 0,
        "operatingExpenses": 123200000,
        "costAndExpenses": 1041900000,
        "interestIncome": 0,
        "interestExpense": 0,
        "depreciationAndAmortization": -32000000,
        "ebitda": 66100000,
        "ebitdaratio": 0.0579824561,
        "operatingIncome": 98100000,
        "operatingIncomeRatio": 0.0860526316,
        "totalOtherIncomeExpensesNet": -32000000,
        "incomeBeforeTax": 66100000,
        "incomeBeforeTaxRatio": 0.0579824561,
        "incomeTaxExpense": 24800000,
        "netIncome": 41300000,
        "netIncomeRatio": 0.0362280702,
        "eps": 0.38,
        "epsdiluted": 0.38,
        "weightedAverageShsOut": 109400000,
        "weightedAverageShsOutDil": 109400000,
        "link": "https://www.sec.gov/Archives/edgar/data/918160/000095013000005653/0000950130-00-005653-index.html",
        "finalLink": "https://www.sec.gov/Archives/edgar/data/918160/000095013000005653/0000950130-00-005653-0001.txt"
    },
    {
        "date": "2000-06-30",
        "symbol": "AKS",
        "reportedCurrency": "USD",
        "cik": "0000918160",
        "fillingDate": "2000-07-27",
        "acceptedDate": "2000-07-27 00:00:00",
        "calendarYear": "2000",
        "period": "Q2",
        "revenue": 1249700000,
        "costOfRevenue": 1006000000,
        "grossProfit": 243700000,
        "grossProfitRatio": 0.1950068016,
        "researchAndDevelopmentExpenses": 0,
        "generalAndAdministrativeExpenses": 67900000,
        "sellingAndMarketingExpenses": 60200000,
        "sellingGeneralAndAdministrativeExpenses": 128100000,
        "otherExpenses": 0,
        "operatingExpenses": 128100000,
        "costAndExpenses": 1134100000,
        "interestIncome": 0,
        "interestExpense": 0,
        "depreciationAndAmortization": -33200000,
        "ebitda": 82400000,
        "ebitdaratio": 0.0659358246,
        "operatingIncome": 115600000,
        "operatingIncomeRatio": 0.0925022005,
        "totalOtherIncomeExpensesNet": -33200000,
        "incomeBeforeTax": 82400000,
        "incomeBeforeTaxRatio": 0.0659358246,
        "incomeTaxExpense": 33300000,
        "netIncome": 49100000,
        "netIncomeRatio": 0.0392894295,
        "eps": 0.44,
        "epsdiluted": 0.44,
        "weightedAverageShsOut": 111500000,
        "weightedAverageShsOutDil": 111500000,
        "link": "https://www.sec.gov/Archives/edgar/data/918160/000095013000004069/0000950130-00-004069-index.html",
        "finalLink": "https://www.sec.gov/Archives/edgar/data/918160/000095013000004069/0000950130-00-004069-0001.txt"
    },
    {
        "date": "2000-03-31",
        "symbol": "AKS",
        "reportedCurrency": "USD",
        "cik": "0000918160",
        "fillingDate": "2000-05-09",
        "acceptedDate": "2000-05-09 00:00:00",
        "calendarYear": "2000",
        "period": "Q1",
        "revenue": 1162000000,
        "costOfRevenue": 958700000,
        "grossProfit": 203300000,
        "grossProfitRatio": 0.1749569707,
        "researchAndDevelopmentExpenses": 0,
        "generalAndAdministrativeExpenses": 64900000,
        "sellingAndMarketingExpenses": 60200000,
        "sellingGeneralAndAdministrativeExpenses": 125100000,
        "otherExpenses": 0,
        "operatingExpenses": 125100000,
        "costAndExpenses": 1083800000,
        "interestIncome": 0,
        "interestExpense": 0,
        "depreciationAndAmortization": -33500000,
        "ebitda": 44700000,
        "ebitdaratio": 0.0384681583,
        "operatingIncome": 78200000,
        "operatingIncomeRatio": 0.0672977625,
        "totalOtherIncomeExpensesNet": -33500000,
        "incomeBeforeTax": 44700000,
        "incomeBeforeTaxRatio": 0.0384681583,
        "incomeTaxExpense": 18200000,
        "netIncome": 26500000,
        "netIncomeRatio": 0.0228055077,
        "eps": 0.24,
        "epsdiluted": 0.24,
        "weightedAverageShsOut": 111300000,
        "weightedAverageShsOutDil": 111300000,
        "link": "https://www.sec.gov/Archives/edgar/data/918160/000095013000002661/0000950130-00-002661-index.html",
        "finalLink": "https://www.sec.gov/Archives/edgar/data/918160/0000950130-00-002661.txt"
    },
    {
        "date": "1999-12-31",
        "symbol": "AKS",
        "reportedCurrency": "USD",
        "cik": "0000918160",
        "fillingDate": "1999-12-31",
        "acceptedDate": "1999-12-30 19:00:00",
        "calendarYear": "1999",
        "period": "Q4",
        "revenue": 1091500000,
        "costOfRevenue": 865300000,
        "grossProfit": 226200000,
        "grossProfitRatio": 0.2072377462,
        "researchAndDevelopmentExpenses": 0,
        "generalAndAdministrativeExpenses": 81100000,
        "sellingAndMarketingExpenses": 113100000,
        "sellingGeneralAndAdministrativeExpenses": 194200000,
        "otherExpenses": 0,
        "operatingExpenses": 194200000,
        "costAndExpenses": 1059500000,
        "interestIncome": 0,
        "interestExpense": 0,
        "depreciationAndAmortization": -27700000,
        "ebitda": 4300000,
        "ebitdaratio": 0.0039395328,
        "operatingIncome": 32000000,
        "operatingIncomeRatio": 0.029317453,
        "totalOtherIncomeExpensesNet": -27700000,
        "incomeBeforeTax": 4300000,
        "incomeBeforeTaxRatio": 0.0039395328,
        "incomeTaxExpense": 10600000,
        "netIncome": -6300000,
        "netIncomeRatio": -0.0057718736,
        "eps": -0.0594,
        "epsdiluted": -0.0594,
        "weightedAverageShsOut": 106000000,
        "weightedAverageShsOutDil": 106000000,
        "link": "",
        "finalLink": ""
    },
    {
        "date": "1999-09-30",
        "symbol": "AKS",
        "reportedCurrency": "USD",
        "cik": "0000918160",
        "fillingDate": "1999-09-30",
        "acceptedDate": "1999-09-29 20:00:00",
        "calendarYear": "1999",
        "period": "Q3",
        "revenue": 1055500000,
        "costOfRevenue": 841000000,
        "grossProfit": 214500000,
        "grossProfitRatio": 0.2032212222,
        "researchAndDevelopmentExpenses": 0,
        "generalAndAdministrativeExpenses": 77200000,
        "sellingAndMarketingExpenses": 96900000,
        "sellingGeneralAndAdministrativeExpenses": 174100000,
        "otherExpenses": 0,
        "operatingExpenses": 174100000,
        "costAndExpenses": 1015100000,
        "interestIncome": 0,
        "interestExpense": 0,
        "depreciationAndAmortization": -23000000,
        "ebitda": 17400000,
        "ebitdaratio": 0.0164850782,
        "operatingIncome": 40400000,
        "operatingIncomeRatio": 0.0382756987,
        "totalOtherIncomeExpensesNet": -20300000,
        "incomeBeforeTax": 20100000,
        "incomeBeforeTaxRatio": 0.0190431075,
        "incomeTaxExpense": 15000000,
        "netIncome": 2400000,
        "netIncomeRatio": 0.0022738039,
        "eps": 0.0236,
        "epsdiluted": 0.0236,
        "weightedAverageShsOut": 101800000,
        "weightedAverageShsOutDil": 101800000,
        "link": "",
        "finalLink": ""
    },
    {
        "date": "1999-06-30",
        "symbol": "AKS",
        "reportedCurrency": "USD",
        "cik": "0000918160",
        "fillingDate": "1999-06-30",
        "acceptedDate": "1999-06-29 20:00:00",
        "calendarYear": "1999",
        "period": "Q2",
        "revenue": 1113500000,
        "costOfRevenue": 896000000,
        "grossProfit": 217500000,
        "grossProfitRatio": 0.1953300404,
        "researchAndDevelopmentExpenses": 0,
        "generalAndAdministrativeExpenses": 77900000,
        "sellingAndMarketingExpenses": 50300000,
        "sellingGeneralAndAdministrativeExpenses": 128200000,
        "otherExpenses": 0,
        "operatingExpenses": 128200000,
        "costAndExpenses": 1024200000,
        "interestIncome": 0,
        "interestExpense": 0,
        "depreciationAndAmortization": -30800000,
        "ebitda": 58500000,
        "ebitdaratio": 0.0525370454,
        "operatingIncome": 89300000,
        "operatingIncomeRatio": 0.0801975752,
        "totalOtherIncomeExpensesNet": -24600000,
        "incomeBeforeTax": 64700000,
        "incomeBeforeTaxRatio": 0.0581050741,
        "incomeTaxExpense": 28800000,
        "netIncome": 29700000,
        "netIncomeRatio": 0.0266726538,
        "eps": 0.29,
        "epsdiluted": 0.29,
        "weightedAverageShsOut": 101800000,
        "weightedAverageShsOutDil": 101800000,
        "link": "",
        "finalLink": ""
    },
    {
        "date": "1999-03-31",
        "symbol": "AKS",
        "reportedCurrency": "USD",
        "cik": "0000918160",
        "fillingDate": "1999-03-31",
        "acceptedDate": "1999-03-30 19:00:00",
        "calendarYear": "1999",
        "period": "Q1",
        "revenue": 1024300000,
        "costOfRevenue": 822000000,
        "grossProfit": 202300000,
        "grossProfitRatio": 0.1975007322,
        "researchAndDevelopmentExpenses": 0,
        "generalAndAdministrativeExpenses": 73600000,
        "sellingAndMarketingExpenses": 50100000,
        "sellingGeneralAndAdministrativeExpenses": 123700000,
        "otherExpenses": 0,
        "operatingExpenses": 123700000,
        "costAndExpenses": 945700000,
        "interestIncome": 0,
        "interestExpense": 0,
        "depreciationAndAmortization": -29500000,
        "ebitda": 49100000,
        "ebitdaratio": 0.0479351752,
        "operatingIncome": 78600000,
        "operatingIncomeRatio": 0.0767353314,
        "totalOtherIncomeExpensesNet": -25800000,
        "incomeBeforeTax": 52800000,
        "incomeBeforeTaxRatio": 0.0515473982,
        "incomeTaxExpense": 9500000,
        "netIncome": 39600000,
        "netIncomeRatio": 0.0386605487,
        "eps": 0.37,
        "epsdiluted": 0.37,
        "weightedAverageShsOut": 108200000,
        "weightedAverageShsOutDil": 108200000,
        "link": "",
        "finalLink": ""
    },
    {
        "date": "1998-12-31",
        "symbol": "AKS",
        "reportedCurrency": "USD",
        "cik": "0000918160",
        "fillingDate": "1999-01-26",
        "acceptedDate": "1999-01-26 00:00:00",
        "calendarYear": "1998",
        "period": "Q4",
        "revenue": 1017300000,
        "costOfRevenue": 789900000,
        "grossProfit": 227400000,
        "grossProfitRatio": 0.2235328812,
        "researchAndDevelopmentExpenses": 0,
        "generalAndAdministrativeExpenses": 71900000,
        "sellingAndMarketingExpenses": 44400000,
        "sellingGeneralAndAdministrativeExpenses": 116300000,
        "otherExpenses": 0,
        "operatingExpenses": 116300000,
        "costAndExpenses": 906200000,
        "interestIncome": 0,
        "interestExpense": 0,
        "depreciationAndAmortization": -13600000,
        "ebitda": 97500000,
        "ebitdaratio": 0.0958419345,
        "operatingIncome": 111100000,
        "operatingIncomeRatio": 0.1092106557,
        "totalOtherIncomeExpensesNet": -11500000,
        "incomeBeforeTax": 99600000,
        "incomeBeforeTaxRatio": 0.0979062224,
        "incomeTaxExpense": 33900000,
        "netIncome": 63600000,
        "netIncomeRatio": 0.0625184311,
        "eps": 0.59,
        "epsdiluted": 0.59,
        "weightedAverageShsOut": 107600000,
        "weightedAverageShsOutDil": 107600000,
        "link": "https://www.sec.gov/Archives/edgar/data/918160/000095013099000397/0000950130-99-000397-index.html",
        "finalLink": "https://www.sec.gov/Archives/edgar/data/918160/0000950130-99-000397.txt"
    },
    {
        "date": "1998-09-30",
        "symbol": "AKS",
        "reportedCurrency": "USD",
        "cik": "0000918160",
        "fillingDate": "1998-09-30",
        "acceptedDate": "1998-09-29 20:00:00",
        "calendarYear": "1998",
        "period": "Q3",
        "revenue": 959700000,
        "costOfRevenue": 780900000,
        "grossProfit": 178800000,
        "grossProfitRatio": 0.1863082213,
        "researchAndDevelopmentExpenses": 0,
        "generalAndAdministrativeExpenses": 72400000,
        "sellingAndMarketingExpenses": 42100000,
        "sellingGeneralAndAdministrativeExpenses": 114500000,
        "otherExpenses": 0,
        "operatingExpenses": 114500000,
        "costAndExpenses": 895400000,
        "interestIncome": 0,
        "interestExpense": 0,
        "depreciationAndAmortization": -17500000,
        "ebitda": 46800000,
        "ebitdaratio": 0.0487652391,
        "operatingIncome": 64300000,
        "operatingIncomeRatio": 0.0670001042,
        "totalOtherIncomeExpensesNet": -15500000,
        "incomeBeforeTax": 48800000,
        "incomeBeforeTaxRatio": 0.0508492237,
        "incomeTaxExpense": 16700000,
        "netIncome": 30100000,
        "netIncomeRatio": 0.0313639679,
        "eps": 0.28,
        "epsdiluted": 0.28,
        "weightedAverageShsOut": 107600000,
        "weightedAverageShsOutDil": 107600000,
        "link": "",
        "finalLink": ""
    },
    {
        "date": "1998-06-30",
        "symbol": "AKS",
        "reportedCurrency": "USD",
        "cik": "0000918160",
        "fillingDate": "1998-06-30",
        "acceptedDate": "1998-06-29 20:00:00",
        "calendarYear": "1998",
        "period": "Q2",
        "revenue": 1464500000,
        "costOfRevenue": 1172100000,
        "grossProfit": 292400000,
        "grossProfitRatio": 0.1996585865,
        "researchAndDevelopmentExpenses": 0,
        "generalAndAdministrativeExpenses": 104500000,
        "sellingAndMarketingExpenses": 53500000,
        "sellingGeneralAndAdministrativeExpenses": 158000000,
        "otherExpenses": 0,
        "operatingExpenses": 158000000,
        "costAndExpenses": 1330100000,
        "interestIncome": 0,
        "interestExpense": 0,
        "depreciationAndAmortization": 111100000,
        "ebitda": 245500000,
        "ebitdaratio": 0.1676340048,
        "operatingIncome": 134400000,
        "operatingIncomeRatio": 0.0917719358,
        "totalOtherIncomeExpensesNet": -18800000,
        "incomeBeforeTax": 115600000,
        "incomeBeforeTaxRatio": 0.07893479,
        "incomeTaxExpense": 37900000,
        "netIncome": 207600000,
        "netIncomeRatio": 0.1417548651,
        "eps": 2.47,
        "epsdiluted": 2.47,
        "weightedAverageShsOut": 83900000,
        "weightedAverageShsOutDil": 83900000,
        "link": "",
        "finalLink": ""
    },
    {
        "date": "1998-03-31",
        "symbol": "AKS",
        "reportedCurrency": "USD",
        "cik": "0000918160",
        "fillingDate": "1998-03-31",
        "acceptedDate": "1998-03-30 19:00:00",
        "calendarYear": "1998",
        "period": "Q1",
        "revenue": 588200000,
        "costOfRevenue": 483600000,
        "grossProfit": 104600000,
        "grossProfitRatio": 0.1778306698,
        "researchAndDevelopmentExpenses": 0,
        "generalAndAdministrativeExpenses": 29200000,
        "sellingAndMarketingExpenses": 21200000,
        "sellingGeneralAndAdministrativeExpenses": 50400000,
        "otherExpenses": 0,
        "operatingExpenses": 50400000,
        "costAndExpenses": 534000000,
        "interestIncome": 0,
        "interestExpense": 0,
        "depreciationAndAmortization": -8800000,
        "ebitda": 45400000,
        "ebitdaratio": 0.0771846311,
        "operatingIncome": 54200000,
        "operatingIncomeRatio": 0.0921455287,
        "totalOtherIncomeExpensesNet": -8800000,
        "incomeBeforeTax": 45400000,
        "incomeBeforeTaxRatio": 0.0771846311,
        "incomeTaxExpense": 17000000,
        "netIncome": 28400000,
        "netIncomeRatio": 0.048282897,
        "eps": 0.47,
        "epsdiluted": 0.47,
        "weightedAverageShsOut": 60200000,
        "weightedAverageShsOutDil": 60200000,
        "link": "",
        "finalLink": ""
    },
    {
        "date": "1997-12-31",
        "symbol": "AKS",
        "reportedCurrency": "USD",
        "cik": "0000918160",
        "fillingDate": "1997-12-31",
        "acceptedDate": "1997-12-30 19:00:00",
        "calendarYear": "1997",
        "period": "Q4",
        "revenue": 620500000,
        "costOfRevenue": 500600000,
        "grossProfit": 119900000,
        "grossProfitRatio": 0.1932312651,
        "researchAndDevelopmentExpenses": 0,
        "generalAndAdministrativeExpenses": 30000000,
        "sellingAndMarketingExpenses": 20100000,
        "sellingGeneralAndAdministrativeExpenses": 50100000,
        "otherExpenses": 0,
        "operatingExpenses": 50100000,
        "costAndExpenses": 550700000,
        "interestIncome": 0,
        "interestExpense": 0,
        "depreciationAndAmortization": -7300000,
        "ebitda": 62500000,
        "ebitdaratio": 0.1007252216,
        "operatingIncome": 69800000,
        "operatingIncomeRatio": 0.1124899275,
        "totalOtherIncomeExpensesNet": -7300000,
        "incomeBeforeTax": 62500000,
        "incomeBeforeTaxRatio": 0.1007252216,
        "incomeTaxExpense": 22100000,
        "netIncome": 40400000,
        "netIncomeRatio": 0.0651087832,
        "eps": 0.66,
        "epsdiluted": 0.66,
        "weightedAverageShsOut": 61400000,
        "weightedAverageShsOutDil": 61400000,
        "link": "",
        "finalLink": ""
    },
    {
        "date": "1997-09-30",
        "symbol": "AKS",
        "reportedCurrency": "USD",
        "cik": "0000918160",
        "fillingDate": "1997-09-30",
        "acceptedDate": "1997-09-29 20:00:00",
        "calendarYear": "1997",
        "period": "Q3",
        "revenue": 598600000,
        "costOfRevenue": 482300000,
        "grossProfit": 116300000,
        "grossProfitRatio": 0.1942866689,
        "researchAndDevelopmentExpenses": 0,
        "generalAndAdministrativeExpenses": 28100000,
        "sellingAndMarketingExpenses": 19800000,
        "sellingGeneralAndAdministrativeExpenses": 47900000,
        "otherExpenses": 0,
        "operatingExpenses": 47900000,
        "costAndExpenses": 530200000,
        "interestIncome": 0,
        "interestExpense": 0,
        "depreciationAndAmortization": -8800000,
        "ebitda": 59600000,
        "ebitdaratio": 0.0995656532,
        "operatingIncome": 68400000,
        "operatingIncomeRatio": 0.1142666221,
        "totalOtherIncomeExpensesNet": -8800000,
        "incomeBeforeTax": 59600000,
        "incomeBeforeTaxRatio": 0.0995656532,
        "incomeTaxExpense": 22600000,
        "netIncome": 37000000,
        "netIncomeRatio": 0.0618108921,
        "eps": 0.59,
        "epsdiluted": 0.59,
        "weightedAverageShsOut": 62300000,
        "weightedAverageShsOutDil": 62300000,
        "link": "",
        "finalLink": ""
    },
    {
        "date": "1997-06-30",
        "symbol": "AKS",
        "reportedCurrency": "USD",
        "cik": "0000918160",
        "fillingDate": "1997-06-30",
        "acceptedDate": "1997-06-29 20:00:00",
        "calendarYear": "1997",
        "period": "Q2",
        "revenue": 622600000,
        "costOfRevenue": 500700000,
        "grossProfit": 121900000,
        "grossProfitRatio": 0.1957918407,
        "researchAndDevelopmentExpenses": 0,
        "generalAndAdministrativeExpenses": 28300000,
        "sellingAndMarketingExpenses": 19900000,
        "sellingGeneralAndAdministrativeExpenses": 48200000,
        "otherExpenses": 0,
        "operatingExpenses": 48200000,
        "costAndExpenses": 548900000,
        "interestIncome": 0,
        "interestExpense": 0,
        "depreciationAndAmortization": -10400000,
        "ebitda": 63300000,
        "ebitdaratio": 0.1016704144,
        "operatingIncome": 73700000,
        "operatingIncomeRatio": 0.1183745583,
        "totalOtherIncomeExpensesNet": -10400000,
        "incomeBeforeTax": 63300000,
        "incomeBeforeTaxRatio": 0.1016704144,
        "incomeTaxExpense": 24300000,
        "netIncome": 39000000,
        "netIncomeRatio": 0.0626405397,
        "eps": 0.63,
        "epsdiluted": 0.63,
        "weightedAverageShsOut": 62000000,
        "weightedAverageShsOutDil": 62000000,
        "link": "",
        "finalLink": ""
    },
    {
        "date": "1997-03-31",
        "symbol": "AKS",
        "reportedCurrency": "USD",
        "cik": "0000918160",
        "fillingDate": "1997-03-31",
        "acceptedDate": "1997-03-30 19:00:00",
        "calendarYear": "1997",
        "period": "Q1",
        "revenue": 598800000,
        "costOfRevenue": 480900000,
        "grossProfit": 117900000,
        "grossProfitRatio": 0.1968937876,
        "researchAndDevelopmentExpenses": 0,
        "generalAndAdministrativeExpenses": 28400000,
        "sellingAndMarketingExpenses": 20000000,
        "sellingGeneralAndAdministrativeExpenses": 48400000,
        "otherExpenses": 0,
        "operatingExpenses": 48400000,
        "costAndExpenses": 529300000,
        "interestIncome": 0,
        "interestExpense": 0,
        "depreciationAndAmortization": -13400000,
        "ebitda": 56100000,
        "ebitdaratio": 0.0936873747,
        "operatingIncome": 69500000,
        "operatingIncomeRatio": 0.1160654643,
        "totalOtherIncomeExpensesNet": -13400000,
        "incomeBeforeTax": 56100000,
        "incomeBeforeTaxRatio": 0.0936873747,
        "incomeTaxExpense": 21600000,
        "netIncome": 34500000,
        "netIncomeRatio": 0.0576152305,
        "eps": 0.55,
        "epsdiluted": 0.55,
        "weightedAverageShsOut": 62200000,
        "weightedAverageShsOutDil": 62200000,
        "link": "",
        "finalLink": ""
    },
    {
        "date": "1996-12-31",
        "symbol": "AKS",
        "reportedCurrency": "USD",
        "cik": "0000918160",
        "fillingDate": "1996-12-31",
        "acceptedDate": "1996-12-30 19:00:00",
        "calendarYear": "1996",
        "period": "Q4",
        "revenue": 608200000,
        "costOfRevenue": 505200000,
        "grossProfit": 103000000,
        "grossProfitRatio": 0.1693521868,
        "researchAndDevelopmentExpenses": 0,
        "generalAndAdministrativeExpenses": 30000000,
        "sellingAndMarketingExpenses": 17400000,
        "sellingGeneralAndAdministrativeExpenses": 47400000,
        "otherExpenses": 0,
        "operatingExpenses": 47400000,
        "costAndExpenses": 552600000,
        "interestIncome": 0,
        "interestExpense": 0,
        "depreciationAndAmortization": -7500000,
        "ebitda": 48100000,
        "ebitdaratio": 0.079085827,
        "operatingIncome": 55600000,
        "operatingIncomeRatio": 0.0914172969,
        "totalOtherIncomeExpensesNet": -7500000,
        "incomeBeforeTax": 48100000,
        "incomeBeforeTaxRatio": 0.079085827,
        "incomeTaxExpense": 17400000,
        "netIncome": 30700000,
        "netIncomeRatio": 0.0504768168,
        "eps": 0.48,
        "epsdiluted": 0.48,
        "weightedAverageShsOut": 63400000,
        "weightedAverageShsOutDil": 63400000,
        "link": "",
        "finalLink": ""
    },
    {
        "date": "1996-09-30",
        "symbol": "AKS",
        "reportedCurrency": "USD",
        "cik": "0000918160",
        "fillingDate": "1996-09-30",
        "acceptedDate": "1996-09-29 20:00:00",
        "calendarYear": "1996",
        "period": "Q3",
        "revenue": 559300000,
        "costOfRevenue": 440300000,
        "grossProfit": 119000000,
        "grossProfitRatio": 0.2127659574,
        "researchAndDevelopmentExpenses": 0,
        "generalAndAdministrativeExpenses": 28500000,
        "sellingAndMarketingExpenses": 18700000,
        "sellingGeneralAndAdministrativeExpenses": 47200000,
        "otherExpenses": 0,
        "operatingExpenses": 47200000,
        "costAndExpenses": 487500000,
        "interestIncome": 0,
        "interestExpense": 0,
        "depreciationAndAmortization": -6700000,
        "ebitda": 65100000,
        "ebitdaratio": 0.1163954944,
        "operatingIncome": 71800000,
        "operatingIncomeRatio": 0.1283747542,
        "totalOtherIncomeExpensesNet": -6700000,
        "incomeBeforeTax": 65100000,
        "incomeBeforeTaxRatio": 0.1163954944,
        "incomeTaxExpense": 25400000,
        "netIncome": 39700000,
        "netIncomeRatio": 0.0709815841,
        "eps": 0.64,
        "epsdiluted": 0.64,
        "weightedAverageShsOut": 61800000,
        "weightedAverageShsOutDil": 61800000,
        "link": "",
        "finalLink": ""
    }
]