[
    {
        "date": "2025-09-30",
        "symbol": "ALK",
        "reportedCurrency": "USD",
        "cik": "0000766421",
        "fillingDate": "2025-10-24",
        "acceptedDate": "2025-10-23 18:23:19",
        "calendarYear": "2025",
        "period": "Q3",
        "revenue": 3766000000,
        "costOfRevenue": 151000000,
        "grossProfit": 3615000000,
        "grossProfitRatio": 0.9599044079,
        "researchAndDevelopmentExpenses": 0,
        "generalAndAdministrativeExpenses": 0,
        "sellingAndMarketingExpenses": 107000000,
        "sellingGeneralAndAdministrativeExpenses": 107000000,
        "otherExpenses": 3360000000,
        "operatingExpenses": 3467000000,
        "costAndExpenses": 3618000000,
        "interestIncome": 23000000,
        "interestExpense": 62000000,
        "depreciationAndAmortization": 203000000,
        "ebitda": 376000000,
        "ebitdaratio": 0.0998406798,
        "operatingIncome": 148000000,
        "operatingIncomeRatio": 0.039298991,
        "totalOtherIncomeExpensesNet": -37000000,
        "incomeBeforeTax": 111000000,
        "incomeBeforeTaxRatio": 0.0294742432,
        "incomeTaxExpense": 38000000,
        "netIncome": 73000000,
        "netIncomeRatio": 0.0193839618,
        "eps": 0.56,
        "epsdiluted": 0.58,
        "weightedAverageShsOut": 119061000,
        "weightedAverageShsOutDil": 121193000,
        "link": "https://www.sec.gov/Archives/edgar/data/766421/000076642125000049/0000766421-25-000049-index.htm",
        "finalLink": "https://www.sec.gov/Archives/edgar/data/766421/000076642125000049/ex99110232025earningsrelea.htm"
    },
    {
        "date": "2025-06-30",
        "symbol": "ALK",
        "reportedCurrency": "USD",
        "cik": "0000766421",
        "fillingDate": "2025-08-07",
        "acceptedDate": "2025-08-07 16:52:39",
        "calendarYear": "2025",
        "period": "Q2",
        "revenue": 3704000000,
        "costOfRevenue": 2758000000,
        "grossProfit": 946000000,
        "grossProfitRatio": 0.255399568,
        "researchAndDevelopmentExpenses": 0,
        "generalAndAdministrativeExpenses": 0,
        "sellingAndMarketingExpenses": 105000000,
        "sellingGeneralAndAdministrativeExpenses": 105000000,
        "otherExpenses": 564000000,
        "operatingExpenses": 669000000,
        "costAndExpenses": 3427000000,
        "interestIncome": 22000000,
        "interestExpense": 57000000,
        "depreciationAndAmortization": 199000000,
        "ebitda": 533000000,
        "ebitdaratio": 0.1438984881,
        "operatingIncome": 277000000,
        "operatingIncomeRatio": 0.0747840173,
        "totalOtherIncomeExpensesNet": -39000000,
        "incomeBeforeTax": 238000000,
        "incomeBeforeTaxRatio": 0.0642548596,
        "incomeTaxExpense": 66000000,
        "netIncome": 172000000,
        "netIncomeRatio": 0.0464362851,
        "eps": 1.45,
        "epsdiluted": 1.42,
        "weightedAverageShsOut": 120979000,
        "weightedAverageShsOutDil": 123183000,
        "link": "https://www.sec.gov/Archives/edgar/data/766421/000076642125000036/0000766421-25-000036-index.htm",
        "finalLink": "https://www.sec.gov/Archives/edgar/data/766421/000076642125000036/alk-20250630.htm"
    },
    {
        "date": "2025-03-31",
        "symbol": "ALK",
        "reportedCurrency": "USD",
        "cik": "0000766421",
        "fillingDate": "2025-05-08",
        "acceptedDate": "2025-05-08 16:06:13",
        "calendarYear": "2025",
        "period": "Q1",
        "revenue": 3137000000,
        "costOfRevenue": 2627000000,
        "grossProfit": 510000000,
        "grossProfitRatio": 0.1625757093,
        "researchAndDevelopmentExpenses": 0,
        "generalAndAdministrativeExpenses": 0,
        "sellingAndMarketingExpenses": 100000000,
        "sellingGeneralAndAdministrativeExpenses": 100000000,
        "otherExpenses": 607000000,
        "operatingExpenses": 707000000,
        "costAndExpenses": 3334000000,
        "interestIncome": 26000000,
        "interestExpense": 54000000,
        "depreciationAndAmortization": 194000000,
        "ebitda": 84000000,
        "ebitdaratio": 0.0267771756,
        "operatingIncome": -197000000,
        "operatingIncomeRatio": -0.0627988524,
        "totalOtherIncomeExpensesNet": -36000000,
        "incomeBeforeTax": -233000000,
        "incomeBeforeTaxRatio": -0.0742747848,
        "incomeTaxExpense": -67000000,
        "netIncome": -166000000,
        "netIncomeRatio": -0.0529167995,
        "eps": -1.35,
        "epsdiluted": -1.35,
        "weightedAverageShsOut": 123134000,
        "weightedAverageShsOutDil": 123134000,
        "link": "https://www.sec.gov/Archives/edgar/data/766421/000076642125000017/0000766421-25-000017-index.htm",
        "finalLink": "https://www.sec.gov/Archives/edgar/data/766421/000076642125000017/alk-20250331.htm"
    },
    {
        "date": "2024-12-31",
        "symbol": "ALK",
        "reportedCurrency": "USD",
        "cik": "0000766421",
        "fillingDate": "2025-02-14",
        "acceptedDate": "2025-02-14 16:06:31",
        "calendarYear": "2024",
        "period": "Q4",
        "revenue": 3534000000,
        "costOfRevenue": 2763000000,
        "grossProfit": 771000000,
        "grossProfitRatio": 0.2181663837,
        "researchAndDevelopmentExpenses": 0,
        "generalAndAdministrativeExpenses": 0,
        "sellingAndMarketingExpenses": 106000000,
        "sellingGeneralAndAdministrativeExpenses": 106000000,
        "otherExpenses": 592000000,
        "operatingExpenses": 698000000,
        "costAndExpenses": 3461000000,
        "interestIncome": 32000000,
        "interestExpense": 46000000,
        "depreciationAndAmortization": 143000000,
        "ebitda": 303000000,
        "ebitdaratio": 0.0857385399,
        "operatingIncome": 73000000,
        "operatingIncomeRatio": 0.0206564799,
        "totalOtherIncomeExpensesNet": 6000000,
        "incomeBeforeTax": 79000000,
        "incomeBeforeTaxRatio": 0.0223542728,
        "incomeTaxExpense": 8000000,
        "netIncome": 71000000,
        "netIncomeRatio": 0.020090549,
        "eps": 0.56,
        "epsdiluted": 0.55,
        "weightedAverageShsOut": 126136000,
        "weightedAverageShsOutDil": 128931000,
        "link": "https://www.sec.gov/Archives/edgar/data/766421/000076642125000009/0000766421-25-000009-index.htm",
        "finalLink": "https://www.sec.gov/Archives/edgar/data/766421/000076642125000009/alk-20241231.htm"
    },
    {
        "date": "2024-09-30",
        "symbol": "ALK",
        "reportedCurrency": "USD",
        "cik": "0000766421",
        "fillingDate": "2024-11-08",
        "acceptedDate": "2024-11-07 19:21:30",
        "calendarYear": "2024",
        "period": "Q3",
        "revenue": 3072000000,
        "costOfRevenue": 2194000000,
        "grossProfit": 878000000,
        "grossProfitRatio": 0.2858072917,
        "researchAndDevelopmentExpenses": 0,
        "generalAndAdministrativeExpenses": 0,
        "sellingAndMarketingExpenses": 82000000,
        "sellingGeneralAndAdministrativeExpenses": 82000000,
        "otherExpenses": 455000000,
        "operatingExpenses": 537000000,
        "costAndExpenses": 2731000000,
        "interestIncome": 28000000,
        "interestExpense": 37000000,
        "depreciationAndAmortization": 139000000,
        "ebitda": 550000000,
        "ebitdaratio": 0.1790364583,
        "operatingIncome": 341000000,
        "operatingIncomeRatio": 0.1110026042,
        "totalOtherIncomeExpensesNet": -13000000,
        "incomeBeforeTax": 328000000,
        "incomeBeforeTaxRatio": 0.1067708333,
        "incomeTaxExpense": 92000000,
        "netIncome": 236000000,
        "netIncomeRatio": 0.0768229167,
        "eps": 1.87,
        "epsdiluted": 1.84,
        "weightedAverageShsOut": 126189000,
        "weightedAverageShsOutDil": 128590000,
        "link": "https://www.sec.gov/Archives/edgar/data/766421/000076642124000082/0000766421-24-000082-index.htm",
        "finalLink": "https://www.sec.gov/Archives/edgar/data/766421/000076642124000082/alk-20240930.htm"
    },
    {
        "date": "2024-06-30",
        "symbol": "ALK",
        "reportedCurrency": "USD",
        "cik": "0000766421",
        "fillingDate": "2024-08-02",
        "acceptedDate": "2024-08-02 17:16:23",
        "calendarYear": "2024",
        "period": "Q2",
        "revenue": 2897000000,
        "costOfRevenue": 1991000000,
        "grossProfit": 906000000,
        "grossProfitRatio": 0.3127373145,
        "researchAndDevelopmentExpenses": 0,
        "generalAndAdministrativeExpenses": 0,
        "sellingAndMarketingExpenses": 84000000,
        "sellingGeneralAndAdministrativeExpenses": 84000000,
        "otherExpenses": 500000000,
        "operatingExpenses": 584000000,
        "costAndExpenses": 2575000000,
        "interestIncome": 24000000,
        "interestExpense": 30000000,
        "depreciationAndAmortization": 128000000,
        "ebitda": 592000000,
        "ebitdaratio": 0.2043493269,
        "operatingIncome": 322000000,
        "operatingIncomeRatio": 0.111149465,
        "totalOtherIncomeExpensesNet": -6000000,
        "incomeBeforeTax": 316000000,
        "incomeBeforeTaxRatio": 0.1090783569,
        "incomeTaxExpense": 96000000,
        "netIncome": 220000000,
        "netIncomeRatio": 0.0759406282,
        "eps": 1.74,
        "epsdiluted": 1.71,
        "weightedAverageShsOut": 126337000,
        "weightedAverageShsOutDil": 128310000,
        "link": "https://www.sec.gov/Archives/edgar/data/766421/000076642124000045/0000766421-24-000045-index.htm",
        "finalLink": "https://www.sec.gov/Archives/edgar/data/766421/000076642124000045/alk-20240630.htm"
    },
    {
        "date": "2024-03-31",
        "symbol": "ALK",
        "reportedCurrency": "USD",
        "cik": "0000766421",
        "fillingDate": "2024-05-03",
        "acceptedDate": "2024-05-02 20:00:40",
        "calendarYear": "2024",
        "period": "Q1",
        "revenue": 2232000000,
        "costOfRevenue": 1925000000,
        "grossProfit": 307000000,
        "grossProfitRatio": 0.1375448029,
        "researchAndDevelopmentExpenses": 0,
        "generalAndAdministrativeExpenses": 0,
        "sellingAndMarketingExpenses": 77000000,
        "sellingGeneralAndAdministrativeExpenses": 77000000,
        "otherExpenses": 396000000,
        "operatingExpenses": 473000000,
        "costAndExpenses": 2398000000,
        "interestIncome": 17000000,
        "interestExpense": 29000000,
        "depreciationAndAmortization": 126000000,
        "ebitda": -19000000,
        "ebitdaratio": -0.0085125448,
        "operatingIncome": -166000000,
        "operatingIncomeRatio": -0.0743727599,
        "totalOtherIncomeExpensesNet": -12000000,
        "incomeBeforeTax": -178000000,
        "incomeBeforeTaxRatio": -0.0797491039,
        "incomeTaxExpense": -46000000,
        "netIncome": -132000000,
        "netIncomeRatio": -0.0591397849,
        "eps": -1.05,
        "epsdiluted": -1.05,
        "weightedAverageShsOut": 125970000,
        "weightedAverageShsOutDil": 125970000,
        "link": "https://www.sec.gov/Archives/edgar/data/766421/000076642124000031/0000766421-24-000031-index.htm",
        "finalLink": "https://www.sec.gov/Archives/edgar/data/766421/000076642124000031/alk-20240331.htm"
    },
    {
        "date": "2023-12-31",
        "symbol": "ALK",
        "reportedCurrency": "USD",
        "cik": "0000766421",
        "fillingDate": "2024-02-14",
        "acceptedDate": "2024-02-14 16:02:52",
        "calendarYear": "2023",
        "period": "Q4",
        "revenue": 2553000000,
        "costOfRevenue": 2071000000,
        "grossProfit": 482000000,
        "grossProfitRatio": 0.1887974931,
        "researchAndDevelopmentExpenses": 0,
        "generalAndAdministrativeExpenses": 0,
        "sellingAndMarketingExpenses": 72000000,
        "sellingGeneralAndAdministrativeExpenses": 72000000,
        "otherExpenses": 378000000,
        "operatingExpenses": 450000000,
        "costAndExpenses": 2521000000,
        "interestIncome": 18000000,
        "interestExpense": 31000000,
        "depreciationAndAmortization": 96000000,
        "ebitda": 160000000,
        "ebitdaratio": 0.062671367,
        "operatingIncome": 32000000,
        "operatingIncomeRatio": 0.0125342734,
        "totalOtherIncomeExpensesNet": -28000000,
        "incomeBeforeTax": 4000000,
        "incomeBeforeTaxRatio": 0.0015667842,
        "incomeTaxExpense": 6000000,
        "netIncome": -2000000,
        "netIncomeRatio": -0.0007833921,
        "eps": -0.0157,
        "epsdiluted": -0.0157,
        "weightedAverageShsOut": 127376000,
        "weightedAverageShsOutDil": 127376000,
        "link": "https://www.sec.gov/Archives/edgar/data/766421/000076642124000012/0000766421-24-000012-index.htm",
        "finalLink": "https://www.sec.gov/Archives/edgar/data/766421/000076642124000012/alk-20231231.htm"
    },
    {
        "date": "2023-09-30",
        "symbol": "ALK",
        "reportedCurrency": "USD",
        "cik": "0000766421",
        "fillingDate": "2023-11-02",
        "acceptedDate": "2023-11-02 16:09:52",
        "calendarYear": "2023",
        "period": "Q3",
        "revenue": 2839000000,
        "costOfRevenue": 2088000000,
        "grossProfit": 751000000,
        "grossProfitRatio": 0.264529764,
        "researchAndDevelopmentExpenses": 0,
        "generalAndAdministrativeExpenses": 0,
        "sellingAndMarketingExpenses": 84000000,
        "sellingGeneralAndAdministrativeExpenses": 84000000,
        "otherExpenses": 456000000,
        "operatingExpenses": 540000000,
        "costAndExpenses": 2628000000,
        "interestIncome": 23000000,
        "interestExpense": 27000000,
        "depreciationAndAmortization": 113000000,
        "ebitda": 445000000,
        "ebitdaratio": 0.1567453329,
        "operatingIncome": 211000000,
        "operatingIncomeRatio": 0.0743219443,
        "totalOtherIncomeExpensesNet": -18000000,
        "incomeBeforeTax": 193000000,
        "incomeBeforeTaxRatio": 0.0679816837,
        "incomeTaxExpense": 54000000,
        "netIncome": 139000000,
        "netIncomeRatio": 0.0489609017,
        "eps": 1.09,
        "epsdiluted": 1.08,
        "weightedAverageShsOut": 127187000,
        "weightedAverageShsOutDil": 129187999,
        "link": "https://www.sec.gov/Archives/edgar/data/766421/000076642123000046/0000766421-23-000046-index.htm",
        "finalLink": "https://www.sec.gov/Archives/edgar/data/766421/000076642123000046/alk-20230930.htm"
    },
    {
        "date": "2023-06-30",
        "symbol": "ALK",
        "reportedCurrency": "USD",
        "cik": "0000766421",
        "fillingDate": "2023-08-02",
        "acceptedDate": "2023-08-02 16:03:55",
        "calendarYear": "2023",
        "period": "Q2",
        "revenue": 2838000000,
        "costOfRevenue": 1898000000,
        "grossProfit": 940000000,
        "grossProfitRatio": 0.3312191684,
        "researchAndDevelopmentExpenses": 0,
        "generalAndAdministrativeExpenses": 0,
        "sellingAndMarketingExpenses": 81000000,
        "sellingGeneralAndAdministrativeExpenses": 81000000,
        "otherExpenses": 522000000,
        "operatingExpenses": 603000000,
        "costAndExpenses": 2501000000,
        "interestIncome": 22000000,
        "interestExpense": 21000000,
        "depreciationAndAmortization": 113000000,
        "ebitda": 633000000,
        "ebitdaratio": 0.2230443975,
        "operatingIncome": 337000000,
        "operatingIncomeRatio": 0.1187455955,
        "totalOtherIncomeExpensesNet": -12000000,
        "incomeBeforeTax": 325000000,
        "incomeBeforeTaxRatio": 0.1145172657,
        "incomeTaxExpense": 85000000,
        "netIncome": 240000000,
        "netIncomeRatio": 0.0845665962,
        "eps": 1.88,
        "epsdiluted": 1.86,
        "weightedAverageShsOut": 127440000,
        "weightedAverageShsOutDil": 128919000,
        "link": "https://www.sec.gov/Archives/edgar/data/766421/000076642123000034/0000766421-23-000034-index.htm",
        "finalLink": "https://www.sec.gov/Archives/edgar/data/766421/000076642123000034/alk-20230630.htm"
    },
    {
        "date": "2023-03-31",
        "symbol": "ALK",
        "reportedCurrency": "USD",
        "cik": "0000766421",
        "fillingDate": "2023-05-05",
        "acceptedDate": "2023-05-04 17:39:07",
        "calendarYear": "2023",
        "period": "Q1",
        "revenue": 2196000000,
        "costOfRevenue": 1915000000,
        "grossProfit": 281000000,
        "grossProfitRatio": 0.1279599271,
        "researchAndDevelopmentExpenses": 0,
        "generalAndAdministrativeExpenses": 0,
        "sellingAndMarketingExpenses": 66000000,
        "sellingGeneralAndAdministrativeExpenses": 66000000,
        "otherExpenses": 401000000,
        "operatingExpenses": 467000000,
        "costAndExpenses": 2382000000,
        "interestIncome": 17000000,
        "interestExpense": 21000000,
        "depreciationAndAmortization": 104000000,
        "ebitda": -3000000,
        "ebitdaratio": -0.0013661202,
        "operatingIncome": -186000000,
        "operatingIncomeRatio": -0.0846994536,
        "totalOtherIncomeExpensesNet": -13000000,
        "incomeBeforeTax": -199000000,
        "incomeBeforeTaxRatio": -0.0906193078,
        "incomeTaxExpense": -57000000,
        "netIncome": -142000000,
        "netIncomeRatio": -0.0646630237,
        "eps": -1.11,
        "epsdiluted": -1.11,
        "weightedAverageShsOut": 127501000,
        "weightedAverageShsOutDil": 127501000,
        "link": "https://www.sec.gov/Archives/edgar/data/766421/000076642123000023/0000766421-23-000023-index.htm",
        "finalLink": "https://www.sec.gov/Archives/edgar/data/766421/000076642123000023/alk-20230331.htm"
    },
    {
        "date": "2022-12-31",
        "symbol": "ALK",
        "reportedCurrency": "USD",
        "cik": "0000766421",
        "fillingDate": "2023-02-13",
        "acceptedDate": "2023-02-13 17:15:47",
        "calendarYear": "2022",
        "period": "Q4",
        "revenue": 2479000000,
        "costOfRevenue": 1912000000,
        "grossProfit": 567000000,
        "grossProfitRatio": 0.2287212586,
        "researchAndDevelopmentExpenses": 0,
        "generalAndAdministrativeExpenses": 0,
        "sellingAndMarketingExpenses": 77000000,
        "sellingGeneralAndAdministrativeExpenses": 77000000,
        "otherExpenses": 467000000,
        "operatingExpenses": 544000000,
        "costAndExpenses": 2456000000,
        "interestIncome": 18000000,
        "interestExpense": 18000000,
        "depreciationAndAmortization": 105000000,
        "ebitda": 240000000,
        "ebitdaratio": 0.0968132311,
        "operatingIncome": 23000000,
        "operatingIncomeRatio": 0.0092779347,
        "totalOtherIncomeExpensesNet": 12000000,
        "incomeBeforeTax": 35000000,
        "incomeBeforeTaxRatio": 0.0141185962,
        "incomeTaxExpense": 13000000,
        "netIncome": 22000000,
        "netIncomeRatio": 0.0088745462,
        "eps": 0.17,
        "epsdiluted": 0.17,
        "weightedAverageShsOut": 127303000,
        "weightedAverageShsOutDil": 128470000,
        "link": "https://www.sec.gov/Archives/edgar/data/766421/000076642123000009/0000766421-23-000009-index.htm",
        "finalLink": "https://www.sec.gov/Archives/edgar/data/766421/000076642123000009/alk-20221231.htm"
    },
    {
        "date": "2022-09-30",
        "symbol": "ALK",
        "reportedCurrency": "USD",
        "cik": "0000766421",
        "fillingDate": "2022-11-03",
        "acceptedDate": "2022-11-03 16:03:00",
        "calendarYear": "2022",
        "period": "Q3",
        "revenue": 2828000000,
        "costOfRevenue": 1946000000,
        "grossProfit": 882000000,
        "grossProfitRatio": 0.3118811881,
        "researchAndDevelopmentExpenses": 0,
        "generalAndAdministrativeExpenses": 0,
        "sellingAndMarketingExpenses": 82000000,
        "sellingGeneralAndAdministrativeExpenses": 82000000,
        "otherExpenses": 738000000,
        "operatingExpenses": 820000000,
        "costAndExpenses": 2766000000,
        "interestIncome": 17000000,
        "interestExpense": 28000000,
        "depreciationAndAmortization": 104000000,
        "ebitda": 584000000,
        "ebitdaratio": 0.2065063649,
        "operatingIncome": 62000000,
        "operatingIncomeRatio": 0.0219236209,
        "totalOtherIncomeExpensesNet": 3000000,
        "incomeBeforeTax": 65000000,
        "incomeBeforeTaxRatio": 0.0229844413,
        "incomeTaxExpense": 25000000,
        "netIncome": 40000000,
        "netIncomeRatio": 0.0141442716,
        "eps": 0.32,
        "epsdiluted": 0.31,
        "weightedAverageShsOut": 126783000,
        "weightedAverageShsOutDil": 128370000,
        "link": "https://www.sec.gov/Archives/edgar/data/766421/000076642122000071/0000766421-22-000071-index.htm",
        "finalLink": "https://www.sec.gov/Archives/edgar/data/766421/000076642122000071/alk-20220930.htm"
    },
    {
        "date": "2022-06-30",
        "symbol": "ALK",
        "reportedCurrency": "USD",
        "cik": "0000766421",
        "fillingDate": "2022-08-02",
        "acceptedDate": "2022-08-02 16:08:31",
        "calendarYear": "2022",
        "period": "Q2",
        "revenue": 2658000000,
        "costOfRevenue": 1876000000,
        "grossProfit": 782000000,
        "grossProfitRatio": 0.2942061701,
        "researchAndDevelopmentExpenses": 0,
        "generalAndAdministrativeExpenses": 0,
        "sellingAndMarketingExpenses": 78000000,
        "sellingGeneralAndAdministrativeExpenses": 78000000,
        "otherExpenses": 517000000,
        "operatingExpenses": 595000000,
        "costAndExpenses": 2471000000,
        "interestIncome": 11000000,
        "interestExpense": 23000000,
        "depreciationAndAmortization": 104000000,
        "ebitda": 491000000,
        "ebitdaratio": 0.1847253574,
        "operatingIncome": 187000000,
        "operatingIncomeRatio": 0.0703536494,
        "totalOtherIncomeExpensesNet": -2000000,
        "incomeBeforeTax": 185000000,
        "incomeBeforeTaxRatio": 0.0696012039,
        "incomeTaxExpense": 46000000,
        "netIncome": 139000000,
        "netIncomeRatio": 0.0522949586,
        "eps": 1.1,
        "epsdiluted": 1.09,
        "weightedAverageShsOut": 126543000,
        "weightedAverageShsOutDil": 127795000,
        "link": "https://www.sec.gov/Archives/edgar/data/766421/000076642122000062/0000766421-22-000062-index.htm",
        "finalLink": "https://www.sec.gov/Archives/edgar/data/766421/000076642122000062/alk-20220630.htm"
    },
    {
        "date": "2022-03-31",
        "symbol": "ALK",
        "reportedCurrency": "USD",
        "cik": "0000766421",
        "fillingDate": "2022-05-05",
        "acceptedDate": "2022-05-05 16:10:30",
        "calendarYear": "2022",
        "period": "Q1",
        "revenue": 1681000000,
        "costOfRevenue": 1555000000,
        "grossProfit": 126000000,
        "grossProfitRatio": 0.0749553837,
        "researchAndDevelopmentExpenses": 0,
        "generalAndAdministrativeExpenses": 0,
        "sellingAndMarketingExpenses": 58000000,
        "sellingGeneralAndAdministrativeExpenses": 58000000,
        "otherExpenses": 270000000,
        "operatingExpenses": 328000000,
        "costAndExpenses": 1883000000,
        "interestIncome": 7000000,
        "interestExpense": 25000000,
        "depreciationAndAmortization": 102000000,
        "ebitda": -118000000,
        "ebitdaratio": -0.0701963117,
        "operatingIncome": -202000000,
        "operatingIncomeRatio": -0.1201665675,
        "totalOtherIncomeExpensesNet": -4000000,
        "incomeBeforeTax": -206000000,
        "incomeBeforeTaxRatio": -0.1225461035,
        "incomeTaxExpense": -63000000,
        "netIncome": -143000000,
        "netIncomeRatio": -0.0850684117,
        "eps": -1.14,
        "epsdiluted": -1.14,
        "weightedAverageShsOut": 125438596,
        "weightedAverageShsOutDil": 125984000,
        "link": "https://www.sec.gov/Archives/edgar/data/766421/000076642122000036/0000766421-22-000036-index.htm",
        "finalLink": "https://www.sec.gov/Archives/edgar/data/766421/000076642122000036/alk-20220331.htm"
    },
    {
        "date": "2021-12-31",
        "symbol": "ALK",
        "reportedCurrency": "USD",
        "cik": "0000766421",
        "fillingDate": "2022-02-11",
        "acceptedDate": "2022-02-11 16:01:50",
        "calendarYear": "2021",
        "period": "Q4",
        "revenue": 1899000000,
        "costOfRevenue": 1488000000,
        "grossProfit": 411000000,
        "grossProfitRatio": 0.2164296998,
        "researchAndDevelopmentExpenses": 0,
        "generalAndAdministrativeExpenses": 0,
        "sellingAndMarketingExpenses": 50000000,
        "sellingGeneralAndAdministrativeExpenses": 50000000,
        "otherExpenses": 322000000,
        "operatingExpenses": 372000000,
        "costAndExpenses": 1860000000,
        "interestIncome": 6000000,
        "interestExpense": 25000000,
        "depreciationAndAmortization": 100000000,
        "ebitda": 164000000,
        "ebitdaratio": 0.0863612428,
        "operatingIncome": 39000000,
        "operatingIncomeRatio": 0.0205371248,
        "totalOtherIncomeExpensesNet": -10000000,
        "incomeBeforeTax": 29000000,
        "incomeBeforeTaxRatio": 0.0152711954,
        "incomeTaxExpense": 11000000,
        "netIncome": 18000000,
        "netIncomeRatio": 0.009478673,
        "eps": 0.14,
        "epsdiluted": 0.14,
        "weightedAverageShsOut": 125708000,
        "weightedAverageShsOutDil": 127284000,
        "link": "https://www.sec.gov/Archives/edgar/data/766421/000076642122000009/0000766421-22-000009-index.htm",
        "finalLink": "https://www.sec.gov/Archives/edgar/data/766421/000076642122000009/alk-20211231.htm"
    },
    {
        "date": "2021-09-30",
        "symbol": "ALK",
        "reportedCurrency": "USD",
        "cik": "0000766421",
        "fillingDate": "2021-11-04",
        "acceptedDate": "2021-11-04 17:13:53",
        "calendarYear": "2021",
        "period": "Q3",
        "revenue": 1953000000,
        "costOfRevenue": 1391000000,
        "grossProfit": 562000000,
        "grossProfitRatio": 0.2877624168,
        "researchAndDevelopmentExpenses": 0,
        "generalAndAdministrativeExpenses": 0,
        "sellingAndMarketingExpenses": 49000000,
        "sellingGeneralAndAdministrativeExpenses": 49000000,
        "otherExpenses": 255000000,
        "operatingExpenses": 304000000,
        "costAndExpenses": 1695000000,
        "interestIncome": 6000000,
        "interestExpense": 27000000,
        "depreciationAndAmortization": 99000000,
        "ebitda": 356000000,
        "ebitdaratio": 0.1822836662,
        "operatingIncome": 258000000,
        "operatingIncomeRatio": 0.1321044547,
        "totalOtherIncomeExpensesNet": -13000000,
        "incomeBeforeTax": 245000000,
        "incomeBeforeTaxRatio": 0.1254480287,
        "incomeTaxExpense": 51000000,
        "netIncome": 194000000,
        "netIncomeRatio": 0.0993343574,
        "eps": 1.55,
        "epsdiluted": 1.53,
        "weightedAverageShsOut": 125250000,
        "weightedAverageShsOutDil": 127188000,
        "link": "https://www.sec.gov/Archives/edgar/data/766421/000076642121000100/0000766421-21-000100-index.htm",
        "finalLink": "https://www.sec.gov/Archives/edgar/data/766421/000076642121000100/alk-20210930.htm"
    },
    {
        "date": "2021-06-30",
        "symbol": "ALK",
        "reportedCurrency": "USD",
        "cik": "0000766421",
        "fillingDate": "2021-08-03",
        "acceptedDate": "2021-08-03 16:16:38",
        "calendarYear": "2021",
        "period": "Q2",
        "revenue": 1527000000,
        "costOfRevenue": 1265000000,
        "grossProfit": 262000000,
        "grossProfitRatio": 0.171578258,
        "researchAndDevelopmentExpenses": 0,
        "generalAndAdministrativeExpenses": 0,
        "sellingAndMarketingExpenses": 41000000,
        "sellingGeneralAndAdministrativeExpenses": 41000000,
        "otherExpenses": -328000000,
        "operatingExpenses": -287000000,
        "costAndExpenses": 978000000,
        "interestIncome": 6000000,
        "interestExpense": 36000000,
        "depreciationAndAmortization": 98000000,
        "ebitda": 78000000,
        "ebitdaratio": 0.0510805501,
        "operatingIncome": 549000000,
        "operatingIncomeRatio": 0.3595284872,
        "totalOtherIncomeExpensesNet": -21000000,
        "incomeBeforeTax": 528000000,
        "incomeBeforeTaxRatio": 0.3457760314,
        "incomeTaxExpense": 131000000,
        "netIncome": 397000000,
        "netIncomeRatio": 0.2599869024,
        "eps": 3.18,
        "epsdiluted": 3.13,
        "weightedAverageShsOut": 124977000,
        "weightedAverageShsOutDil": 126825000,
        "link": "https://www.sec.gov/Archives/edgar/data/766421/000076642121000075/0000766421-21-000075-index.htm",
        "finalLink": "https://www.sec.gov/Archives/edgar/data/766421/000076642121000075/alk-20210630.htm"
    },
    {
        "date": "2021-03-31",
        "symbol": "ALK",
        "reportedCurrency": "USD",
        "cik": "0000766421",
        "fillingDate": "2021-05-06",
        "acceptedDate": "2021-05-06 16:02:55",
        "calendarYear": "2021",
        "period": "Q1",
        "revenue": 797000000,
        "costOfRevenue": 1093000000,
        "grossProfit": -296000000,
        "grossProfitRatio": -0.3713927227,
        "researchAndDevelopmentExpenses": 0,
        "generalAndAdministrativeExpenses": 0,
        "sellingAndMarketingExpenses": 33000000,
        "sellingGeneralAndAdministrativeExpenses": 33000000,
        "otherExpenses": -168000000,
        "operatingExpenses": -135000000,
        "costAndExpenses": 958000000,
        "interestIncome": 7000000,
        "interestExpense": 29000000,
        "depreciationAndAmortization": 97000000,
        "ebitda": -460000000,
        "ebitdaratio": -0.5771643664,
        "operatingIncome": -161000000,
        "operatingIncomeRatio": -0.2020075282,
        "totalOtherIncomeExpensesNet": -12000000,
        "incomeBeforeTax": -173000000,
        "incomeBeforeTaxRatio": -0.21706399,
        "incomeTaxExpense": -42000000,
        "netIncome": -131000000,
        "netIncomeRatio": -0.1643663739,
        "eps": -1.05,
        "epsdiluted": -1.05,
        "weightedAverageShsOut": 124299000,
        "weightedAverageShsOutDil": 124299000,
        "link": "https://www.sec.gov/Archives/edgar/data/766421/000076642121000041/0000766421-21-000041-index.htm",
        "finalLink": "https://www.sec.gov/Archives/edgar/data/766421/000076642121000041/alk-20210331.htm"
    },
    {
        "date": "2020-12-31",
        "symbol": "ALK",
        "reportedCurrency": "USD",
        "cik": "0000766421",
        "fillingDate": "2021-02-26",
        "acceptedDate": "2021-02-26 16:26:48",
        "calendarYear": "2020",
        "period": "Q4",
        "revenue": 808000000,
        "costOfRevenue": 1021000000,
        "grossProfit": -213000000,
        "grossProfitRatio": -0.2636138614,
        "researchAndDevelopmentExpenses": 0,
        "generalAndAdministrativeExpenses": 0,
        "sellingAndMarketingExpenses": 18000000,
        "sellingGeneralAndAdministrativeExpenses": 18000000,
        "otherExpenses": 364000000,
        "operatingExpenses": 382000000,
        "costAndExpenses": 1403000000,
        "interestIncome": 8000000,
        "interestExpense": 31000000,
        "depreciationAndAmortization": 100000000,
        "ebitda": -349000000,
        "ebitdaratio": -0.4319306931,
        "operatingIncome": -595000000,
        "operatingIncomeRatio": -0.7363861386,
        "totalOtherIncomeExpensesNet": -48000000,
        "incomeBeforeTax": -643000000,
        "incomeBeforeTaxRatio": -0.7957920792,
        "incomeTaxExpense": -196000000,
        "netIncome": -447000000,
        "netIncomeRatio": -0.5532178218,
        "eps": -3.47,
        "epsdiluted": -3.47,
        "weightedAverageShsOut": 124013000,
        "weightedAverageShsOutDil": 124013000,
        "link": "https://www.sec.gov/Archives/edgar/data/766421/000076642121000018/0000766421-21-000018-index.htm",
        "finalLink": "https://www.sec.gov/Archives/edgar/data/766421/000076642121000018/alk-20201231.htm"
    },
    {
        "date": "2020-09-30",
        "symbol": "ALK",
        "reportedCurrency": "USD",
        "cik": "0000766421",
        "fillingDate": "2020-11-05",
        "acceptedDate": "2020-11-05 16:57:09",
        "calendarYear": "2020",
        "period": "Q3",
        "revenue": 701000000,
        "costOfRevenue": 985000000,
        "grossProfit": -284000000,
        "grossProfitRatio": -0.4051355207,
        "researchAndDevelopmentExpenses": 0,
        "generalAndAdministrativeExpenses": 0,
        "sellingAndMarketingExpenses": 24000000,
        "sellingGeneralAndAdministrativeExpenses": 24000000,
        "otherExpenses": 263000000,
        "operatingExpenses": 287000000,
        "costAndExpenses": 1272000000,
        "interestIncome": 7000000,
        "interestExpense": 30000000,
        "depreciationAndAmortization": 105000000,
        "ebitda": -422000000,
        "ebitdaratio": -0.6019971469,
        "operatingIncome": -571000000,
        "operatingIncomeRatio": -0.8145506419,
        "totalOtherIncomeExpensesNet": -18000000,
        "incomeBeforeTax": -589000000,
        "incomeBeforeTaxRatio": -0.8402282454,
        "incomeTaxExpense": -158000000,
        "netIncome": -431000000,
        "netIncomeRatio": -0.6148359486,
        "eps": -3.49,
        "epsdiluted": -3.49,
        "weightedAverageShsOut": 123495702,
        "weightedAverageShsOutDil": 123647000,
        "link": "https://www.sec.gov/Archives/edgar/data/766421/000076642120000089/0000766421-20-000089-index.htm",
        "finalLink": "https://www.sec.gov/Archives/edgar/data/766421/000076642120000089/alk-20200930.htm"
    },
    {
        "date": "2020-06-30",
        "symbol": "ALK",
        "reportedCurrency": "USD",
        "cik": "0000766421",
        "fillingDate": "2020-08-04",
        "acceptedDate": "2020-08-04 16:09:53",
        "calendarYear": "2020",
        "period": "Q2",
        "revenue": 421000000,
        "costOfRevenue": 801000000,
        "grossProfit": -380000000,
        "grossProfitRatio": -0.9026128266,
        "researchAndDevelopmentExpenses": 0,
        "generalAndAdministrativeExpenses": 0,
        "sellingAndMarketingExpenses": 4000000,
        "sellingGeneralAndAdministrativeExpenses": 4000000,
        "otherExpenses": -96000000,
        "operatingExpenses": -92000000,
        "costAndExpenses": 709000000,
        "interestIncome": 7000000,
        "interestExpense": 16000000,
        "depreciationAndAmortization": 107000000,
        "ebitda": -487000000,
        "ebitdaratio": -1.1567695962,
        "operatingIncome": -288000000,
        "operatingIncomeRatio": -0.6840855107,
        "totalOtherIncomeExpensesNet": -3000000,
        "incomeBeforeTax": -291000000,
        "incomeBeforeTaxRatio": -0.6912114014,
        "incomeTaxExpense": -77000000,
        "netIncome": -214000000,
        "netIncomeRatio": -0.5083135392,
        "eps": -1.74,
        "epsdiluted": -1.74,
        "weightedAverageShsOut": 122988505,
        "weightedAverageShsOutDil": 123296000,
        "link": "https://www.sec.gov/Archives/edgar/data/766421/000076642120000071/0000766421-20-000071-index.htm",
        "finalLink": "https://www.sec.gov/Archives/edgar/data/766421/000076642120000071/alk-20200630.htm"
    },
    {
        "date": "2020-03-31",
        "symbol": "ALK",
        "reportedCurrency": "USD",
        "cik": "0000766421",
        "fillingDate": "2020-05-14",
        "acceptedDate": "2020-05-14 16:05:06",
        "calendarYear": "2020",
        "period": "Q1",
        "revenue": 1636000000,
        "costOfRevenue": 1454000000,
        "grossProfit": 182000000,
        "grossProfitRatio": 0.1112469438,
        "researchAndDevelopmentExpenses": 0,
        "generalAndAdministrativeExpenses": 0,
        "sellingAndMarketingExpenses": 55000000,
        "sellingGeneralAndAdministrativeExpenses": 55000000,
        "otherExpenses": 448000000,
        "operatingExpenses": 503000000,
        "costAndExpenses": 1957000000,
        "interestIncome": 9000000,
        "interestExpense": 10000000,
        "depreciationAndAmortization": 108000000,
        "ebitda": -48000000,
        "ebitdaratio": -0.0293398533,
        "operatingIncome": -321000000,
        "operatingIncomeRatio": -0.1962102689,
        "totalOtherIncomeExpensesNet": 4000000,
        "incomeBeforeTax": -317000000,
        "incomeBeforeTaxRatio": -0.1937652812,
        "incomeTaxExpense": -85000000,
        "netIncome": -232000000,
        "netIncomeRatio": -0.141809291,
        "eps": -1.89,
        "epsdiluted": -1.89,
        "weightedAverageShsOut": 122751322,
        "weightedAverageShsOutDil": 122818000,
        "link": "https://www.sec.gov/Archives/edgar/data/766421/000076642120000046/0000766421-20-000046-index.htm",
        "finalLink": "https://www.sec.gov/Archives/edgar/data/766421/000076642120000046/alk-20200331.htm"
    },
    {
        "date": "2019-12-31",
        "symbol": "ALK",
        "reportedCurrency": "USD",
        "cik": "0000766421",
        "fillingDate": "2020-02-12",
        "acceptedDate": "2020-02-12 16:03:39",
        "calendarYear": "2019",
        "period": "Q4",
        "revenue": 2228000000,
        "costOfRevenue": 1621000000,
        "grossProfit": 607000000,
        "grossProfitRatio": 0.2724416517,
        "researchAndDevelopmentExpenses": 0,
        "generalAndAdministrativeExpenses": 0,
        "sellingAndMarketingExpenses": 77000000,
        "sellingGeneralAndAdministrativeExpenses": 77000000,
        "otherExpenses": 278000000,
        "operatingExpenses": 355000000,
        "costAndExpenses": 1976000000,
        "interestIncome": 11000000,
        "interestExpense": 14000000,
        "depreciationAndAmortization": 106000000,
        "ebitda": 350000000,
        "ebitdaratio": 0.1570915619,
        "operatingIncome": 252000000,
        "operatingIncomeRatio": 0.1131059246,
        "totalOtherIncomeExpensesNet": -9000000,
        "incomeBeforeTax": 243000000,
        "incomeBeforeTaxRatio": 0.1090664273,
        "incomeTaxExpense": 62000000,
        "netIncome": 181000000,
        "netIncomeRatio": 0.0812387792,
        "eps": 1.47,
        "epsdiluted": 1.46,
        "weightedAverageShsOut": 123129000,
        "weightedAverageShsOutDil": 124245000,
        "link": "https://www.sec.gov/Archives/edgar/data/766421/000076642120000013/0000766421-20-000013-index.htm",
        "finalLink": "https://www.sec.gov/Archives/edgar/data/766421/000076642120000013/alk-20191231.htm"
    },
    {
        "date": "2019-09-30",
        "symbol": "ALK",
        "reportedCurrency": "USD",
        "cik": "0000766421",
        "fillingDate": "2019-11-07",
        "acceptedDate": "2019-11-07 16:02:12",
        "calendarYear": "2019",
        "period": "Q3",
        "revenue": 2389000000,
        "costOfRevenue": 1616000000,
        "grossProfit": 773000000,
        "grossProfitRatio": 0.3235663458,
        "researchAndDevelopmentExpenses": 0,
        "generalAndAdministrativeExpenses": 0,
        "sellingAndMarketingExpenses": 77000000,
        "sellingGeneralAndAdministrativeExpenses": 77000000,
        "otherExpenses": 274000000,
        "operatingExpenses": 351000000,
        "costAndExpenses": 1967000000,
        "interestIncome": 11000000,
        "interestExpense": 14000000,
        "depreciationAndAmortization": 106000000,
        "ebitda": 526000000,
        "ebitdaratio": 0.2201758058,
        "operatingIncome": 422000000,
        "operatingIncomeRatio": 0.1766429468,
        "totalOtherIncomeExpensesNet": -6000000,
        "incomeBeforeTax": 416000000,
        "incomeBeforeTaxRatio": 0.1741314357,
        "incomeTaxExpense": 94000000,
        "netIncome": 322000000,
        "netIncomeRatio": 0.1347844286,
        "eps": 2.61,
        "epsdiluted": 2.6,
        "weightedAverageShsOut": 123280000,
        "weightedAverageShsOutDil": 124067000,
        "link": "https://www.sec.gov/Archives/edgar/data/766421/000076642119000054/0000766421-19-000054-index.htm",
        "finalLink": "https://www.sec.gov/Archives/edgar/data/766421/000076642119000054/alk10-q32019.htm"
    },
    {
        "date": "2019-06-30",
        "symbol": "ALK",
        "reportedCurrency": "USD",
        "cik": "0000766421",
        "fillingDate": "2019-08-06",
        "acceptedDate": "2019-08-06 16:06:40",
        "calendarYear": "2019",
        "period": "Q2",
        "revenue": 2288000000,
        "costOfRevenue": 1565000000,
        "grossProfit": 723000000,
        "grossProfitRatio": 0.3159965035,
        "researchAndDevelopmentExpenses": 0,
        "generalAndAdministrativeExpenses": 0,
        "sellingAndMarketingExpenses": 87000000,
        "sellingGeneralAndAdministrativeExpenses": 87000000,
        "otherExpenses": 272000000,
        "operatingExpenses": 359000000,
        "costAndExpenses": 1924000000,
        "interestIncome": 11000000,
        "interestExpense": 17000000,
        "depreciationAndAmortization": 105000000,
        "ebitda": 469000000,
        "ebitdaratio": 0.2049825175,
        "operatingIncome": 364000000,
        "operatingIncomeRatio": 0.1590909091,
        "totalOtherIncomeExpensesNet": -13000000,
        "incomeBeforeTax": 351000000,
        "incomeBeforeTaxRatio": 0.1534090909,
        "incomeTaxExpense": 89000000,
        "netIncome": 262000000,
        "netIncomeRatio": 0.1145104895,
        "eps": 2.12,
        "epsdiluted": 2.11,
        "weightedAverageShsOut": 123418000,
        "weightedAverageShsOutDil": 124301000,
        "link": "https://www.sec.gov/Archives/edgar/data/766421/000076642119000042/0000766421-19-000042-index.htm",
        "finalLink": "https://www.sec.gov/Archives/edgar/data/766421/000076642119000042/alk10-q22019.htm"
    },
    {
        "date": "2019-03-31",
        "symbol": "ALK",
        "reportedCurrency": "USD",
        "cik": "0000766421",
        "fillingDate": "2019-05-09",
        "acceptedDate": "2019-05-09 16:03:09",
        "calendarYear": "2019",
        "period": "Q1",
        "revenue": 1876000000,
        "costOfRevenue": 1492000000,
        "grossProfit": 384000000,
        "grossProfitRatio": 0.2046908316,
        "researchAndDevelopmentExpenses": 0,
        "generalAndAdministrativeExpenses": 0,
        "sellingAndMarketingExpenses": 72000000,
        "sellingGeneralAndAdministrativeExpenses": 72000000,
        "otherExpenses": 287000000,
        "operatingExpenses": 359000000,
        "costAndExpenses": 1851000000,
        "interestIncome": 9000000,
        "interestExpense": 18000000,
        "depreciationAndAmortization": 106000000,
        "ebitda": 145000000,
        "ebitdaratio": 0.0772921109,
        "operatingIncome": 25000000,
        "operatingIncomeRatio": 0.013326226,
        "totalOtherIncomeExpensesNet": -19000000,
        "incomeBeforeTax": 6000000,
        "incomeBeforeTaxRatio": 0.0031982942,
        "incomeTaxExpense": 2000000,
        "netIncome": 4000000,
        "netIncomeRatio": 0.0021321962,
        "eps": 0.03,
        "epsdiluted": 0.03,
        "weightedAverageShsOut": 123291000,
        "weightedAverageShsOutDil": 123915000,
        "link": "https://www.sec.gov/Archives/edgar/data/766421/000076642119000022/0000766421-19-000022-index.htm",
        "finalLink": "https://www.sec.gov/Archives/edgar/data/766421/000076642119000022/alk10-q12019.htm"
    },
    {
        "date": "2018-12-31",
        "symbol": "ALK",
        "reportedCurrency": "USD",
        "cik": "0000766421",
        "fillingDate": "2019-02-15",
        "acceptedDate": "2019-02-15 16:12:29",
        "calendarYear": "2018",
        "period": "Q4",
        "revenue": 2064000000,
        "costOfRevenue": 1565000000,
        "grossProfit": 499000000,
        "grossProfitRatio": 0.2417635659,
        "researchAndDevelopmentExpenses": 0,
        "generalAndAdministrativeExpenses": 0,
        "sellingAndMarketingExpenses": 81000000,
        "sellingGeneralAndAdministrativeExpenses": 81000000,
        "otherExpenses": 372000000,
        "operatingExpenses": 453000000,
        "costAndExpenses": 2018000000,
        "interestIncome": 9000000,
        "interestExpense": 16000000,
        "depreciationAndAmortization": 108000000,
        "ebitda": 245000000,
        "ebitdaratio": 0.1187015504,
        "operatingIncome": 46000000,
        "operatingIncomeRatio": 0.0222868217,
        "totalOtherIncomeExpensesNet": -10000000,
        "incomeBeforeTax": 36000000,
        "incomeBeforeTaxRatio": 0.0174418605,
        "incomeTaxExpense": 13000000,
        "netIncome": 23000000,
        "netIncomeRatio": 0.0111434109,
        "eps": 0.19,
        "epsdiluted": 0.19,
        "weightedAverageShsOut": 123271000,
        "weightedAverageShsOutDil": 124095000,
        "link": "https://www.sec.gov/Archives/edgar/data/766421/000076642119000008/0000766421-19-000008-index.htm",
        "finalLink": "https://www.sec.gov/Archives/edgar/data/766421/000076642119000008/alk10-k123118.htm"
    },
    {
        "date": "2018-09-30",
        "symbol": "ALK",
        "reportedCurrency": "USD",
        "cik": "0000766421",
        "fillingDate": "2018-11-02",
        "acceptedDate": "2018-11-01 19:39:06",
        "calendarYear": "2018",
        "period": "Q3",
        "revenue": 2212000000,
        "costOfRevenue": 1540000000,
        "grossProfit": 672000000,
        "grossProfitRatio": 0.3037974684,
        "researchAndDevelopmentExpenses": 0,
        "generalAndAdministrativeExpenses": 0,
        "sellingAndMarketingExpenses": 79000000,
        "sellingGeneralAndAdministrativeExpenses": 79000000,
        "otherExpenses": 296000000,
        "operatingExpenses": 375000000,
        "costAndExpenses": 1915000000,
        "interestIncome": 11000000,
        "interestExpense": 17000000,
        "depreciationAndAmortization": 99000000,
        "ebitda": 422000000,
        "ebitdaratio": 0.1907775769,
        "operatingIncome": 297000000,
        "operatingIncomeRatio": 0.1342676311,
        "totalOtherIncomeExpensesNet": -13000000,
        "incomeBeforeTax": 284000000,
        "incomeBeforeTaxRatio": 0.1283905967,
        "incomeTaxExpense": 67000000,
        "netIncome": 217000000,
        "netIncomeRatio": 0.0981012658,
        "eps": 1.76,
        "epsdiluted": 1.75,
        "weightedAverageShsOut": 123224000,
        "weightedAverageShsOutDil": 123864000,
        "link": "https://www.sec.gov/Archives/edgar/data/766421/000076642118000058/0000766421-18-000058-index.htm",
        "finalLink": "https://www.sec.gov/Archives/edgar/data/766421/000076642118000058/alk10-q32018.htm"
    },
    {
        "date": "2018-06-30",
        "symbol": "ALK",
        "reportedCurrency": "USD",
        "cik": "0000766421",
        "fillingDate": "2018-08-08",
        "acceptedDate": "2018-08-07 18:09:38",
        "calendarYear": "2018",
        "period": "Q2",
        "revenue": 2156000000,
        "costOfRevenue": 1513000000,
        "grossProfit": 643000000,
        "grossProfitRatio": 0.2982374768,
        "researchAndDevelopmentExpenses": 0,
        "generalAndAdministrativeExpenses": 0,
        "sellingAndMarketingExpenses": 88000000,
        "sellingGeneralAndAdministrativeExpenses": 88000000,
        "otherExpenses": 284000000,
        "operatingExpenses": 372000000,
        "costAndExpenses": 1885000000,
        "interestIncome": 10000000,
        "interestExpense": 21000000,
        "depreciationAndAmortization": 97000000,
        "ebitda": 384000000,
        "ebitdaratio": 0.1781076067,
        "operatingIncome": 271000000,
        "operatingIncomeRatio": 0.1256957328,
        "totalOtherIncomeExpensesNet": -12000000,
        "incomeBeforeTax": 259000000,
        "incomeBeforeTaxRatio": 0.1201298701,
        "incomeTaxExpense": 66000000,
        "netIncome": 193000000,
        "netIncomeRatio": 0.0895176252,
        "eps": 1.57,
        "epsdiluted": 1.56,
        "weightedAverageShsOut": 123268000,
        "weightedAverageShsOutDil": 124036000,
        "link": "https://www.sec.gov/Archives/edgar/data/766421/000076642118000047/0000766421-18-000047-index.htm",
        "finalLink": "https://www.sec.gov/Archives/edgar/data/766421/000076642118000047/alk10-q22018.htm"
    },
    {
        "date": "2018-03-31",
        "symbol": "ALK",
        "reportedCurrency": "USD",
        "cik": "0000766421",
        "fillingDate": "2018-05-04",
        "acceptedDate": "2018-05-03 18:57:40",
        "calendarYear": "2018",
        "period": "Q1",
        "revenue": 1832000000,
        "costOfRevenue": 1444000000,
        "grossProfit": 388000000,
        "grossProfitRatio": 0.211790393,
        "researchAndDevelopmentExpenses": 0,
        "generalAndAdministrativeExpenses": 0,
        "sellingAndMarketingExpenses": 78000000,
        "sellingGeneralAndAdministrativeExpenses": 78000000,
        "otherExpenses": 281000000,
        "operatingExpenses": 359000000,
        "costAndExpenses": 1803000000,
        "interestIncome": 8000000,
        "interestExpense": 19000000,
        "depreciationAndAmortization": 94000000,
        "ebitda": 140000000,
        "ebitdaratio": 0.076419214,
        "operatingIncome": 29000000,
        "operatingIncomeRatio": 0.0158296943,
        "totalOtherIncomeExpensesNet": -23000000,
        "incomeBeforeTax": 6000000,
        "incomeBeforeTaxRatio": 0.0032751092,
        "incomeTaxExpense": 2000000,
        "netIncome": 4000000,
        "netIncomeRatio": 0.0021834061,
        "eps": 0.03,
        "epsdiluted": 0.03,
        "weightedAverageShsOut": 123155000,
        "weightedAverageShsOutDil": 123630000,
        "link": "https://www.sec.gov/Archives/edgar/data/766421/000076642118000026/0000766421-18-000026-index.htm",
        "finalLink": "https://www.sec.gov/Archives/edgar/data/766421/000076642118000026/alk10-q12018.htm"
    },
    {
        "date": "2017-12-31",
        "symbol": "ALK",
        "reportedCurrency": "USD",
        "cik": "0000766421",
        "fillingDate": "2018-02-15",
        "acceptedDate": "2018-02-14 18:02:45",
        "calendarYear": "2017",
        "period": "Q4",
        "revenue": 1942000000,
        "costOfRevenue": 1432000000,
        "grossProfit": 510000000,
        "grossProfitRatio": 0.2626158599,
        "researchAndDevelopmentExpenses": 0,
        "generalAndAdministrativeExpenses": 0,
        "sellingAndMarketingExpenses": 91000000,
        "sellingGeneralAndAdministrativeExpenses": 91000000,
        "otherExpenses": 282000000,
        "operatingExpenses": 373000000,
        "costAndExpenses": 1805000000,
        "interestIncome": 9000000,
        "interestExpense": 22000000,
        "depreciationAndAmortization": 97000000,
        "ebitda": 250000000,
        "ebitdaratio": 0.1287332647,
        "operatingIncome": 137000000,
        "operatingIncomeRatio": 0.070545829,
        "totalOtherIncomeExpensesNet": -13000000,
        "incomeBeforeTax": 126000000,
        "incomeBeforeTaxRatio": 0.0648815654,
        "incomeTaxExpense": 189000000,
        "netIncome": 315000000,
        "netIncomeRatio": 0.1622039135,
        "eps": 2.56,
        "epsdiluted": 2.55,
        "weightedAverageShsOut": 123060638,
        "weightedAverageShsOutDil": 123529412,
        "link": "https://www.sec.gov/Archives/edgar/data/766421/000076642118000015/0000766421-18-000015-index.htm",
        "finalLink": "https://www.sec.gov/Archives/edgar/data/766421/000076642118000015/alk10-k123117.htm"
    },
    {
        "date": "2017-09-30",
        "symbol": "ALK",
        "reportedCurrency": "USD",
        "cik": "0000766421",
        "fillingDate": "2017-11-02",
        "acceptedDate": "2017-11-02 16:38:05",
        "calendarYear": "2017",
        "period": "Q3",
        "revenue": 2120000000,
        "costOfRevenue": 1303000000,
        "grossProfit": 807000000,
        "grossProfitRatio": 0.3806603774,
        "researchAndDevelopmentExpenses": 0,
        "generalAndAdministrativeExpenses": 0,
        "sellingAndMarketingExpenses": 91000000,
        "sellingGeneralAndAdministrativeExpenses": 91000000,
        "otherExpenses": 288000000,
        "operatingExpenses": 380000000,
        "costAndExpenses": 1683000000,
        "interestIncome": 9000000,
        "interestExpense": 21000000,
        "depreciationAndAmortization": 95000000,
        "ebitda": 540000000,
        "ebitdaratio": 0.2547169811,
        "operatingIncome": 427000000,
        "operatingIncomeRatio": 0.2014150943,
        "totalOtherIncomeExpensesNet": -12000000,
        "incomeBeforeTax": 417000000,
        "incomeBeforeTaxRatio": 0.1966981132,
        "incomeTaxExpense": 158000000,
        "netIncome": 259000000,
        "netIncomeRatio": 0.1221698113,
        "eps": 2.1,
        "epsdiluted": 2.09,
        "weightedAverageShsOut": 123467000,
        "weightedAverageShsOutDil": 124220000,
        "link": "https://www.sec.gov/Archives/edgar/data/766421/000076642117000068/0000766421-17-000068-index.htm",
        "finalLink": "https://www.sec.gov/Archives/edgar/data/766421/000076642117000068/alk10-q32017.htm"
    },
    {
        "date": "2017-06-30",
        "symbol": "ALK",
        "reportedCurrency": "USD",
        "cik": "0000766421",
        "fillingDate": "2017-08-03",
        "acceptedDate": "2017-08-02 19:43:04",
        "calendarYear": "2017",
        "period": "Q2",
        "revenue": 2102000000,
        "costOfRevenue": 1231000000,
        "grossProfit": 871000000,
        "grossProfitRatio": 0.4143672693,
        "researchAndDevelopmentExpenses": 0,
        "generalAndAdministrativeExpenses": 0,
        "sellingAndMarketingExpenses": 97000000,
        "sellingGeneralAndAdministrativeExpenses": 97000000,
        "otherExpenses": 282000000,
        "operatingExpenses": 384000000,
        "costAndExpenses": 1615000000,
        "interestIncome": 9000000,
        "interestExpense": 22000000,
        "depreciationAndAmortization": 90000000,
        "ebitda": 603000000,
        "ebitdaratio": 0.286869648,
        "operatingIncome": 487000000,
        "operatingIncomeRatio": 0.2316841104,
        "totalOtherIncomeExpensesNet": -14000000,
        "incomeBeforeTax": 474000000,
        "incomeBeforeTaxRatio": 0.2254995243,
        "incomeTaxExpense": 181000000,
        "netIncome": 293000000,
        "netIncomeRatio": 0.1393910561,
        "eps": 2.37,
        "epsdiluted": 2.36,
        "weightedAverageShsOut": 123573000,
        "weightedAverageShsOutDil": 124332000,
        "link": "https://www.sec.gov/Archives/edgar/data/766421/000076642117000049/0000766421-17-000049-index.htm",
        "finalLink": "https://www.sec.gov/Archives/edgar/data/766421/000076642117000049/alk10-q22017.htm"
    },
    {
        "date": "2017-03-31",
        "symbol": "ALK",
        "reportedCurrency": "USD",
        "cik": "0000766421",
        "fillingDate": "2017-05-05",
        "acceptedDate": "2017-05-04 18:27:56",
        "calendarYear": "2017",
        "period": "Q1",
        "revenue": 1749000000,
        "costOfRevenue": 1204000000,
        "grossProfit": 536000000,
        "grossProfitRatio": 0.3064608348,
        "researchAndDevelopmentExpenses": 0,
        "generalAndAdministrativeExpenses": 0,
        "sellingAndMarketingExpenses": 81000000,
        "sellingGeneralAndAdministrativeExpenses": 81000000,
        "otherExpenses": 296000000,
        "operatingExpenses": 379000000,
        "costAndExpenses": 1583000000,
        "interestIncome": 7000000,
        "interestExpense": 21000000,
        "depreciationAndAmortization": 90000000,
        "ebitda": 296000000,
        "ebitdaratio": 0.1692395655,
        "operatingIncome": 157000000,
        "operatingIncomeRatio": 0.0897655803,
        "totalOtherIncomeExpensesNet": -5000000,
        "incomeBeforeTax": 142000000,
        "incomeBeforeTaxRatio": 0.081189251,
        "incomeTaxExpense": 49000000,
        "netIncome": 93000000,
        "netIncomeRatio": 0.0531732419,
        "eps": 0.75,
        "epsdiluted": 0.75,
        "weightedAverageShsOut": 123495000,
        "weightedAverageShsOutDil": 124299000,
        "link": "https://www.sec.gov/Archives/edgar/data/766421/000076642117000029/0000766421-17-000029-index.htm",
        "finalLink": "https://www.sec.gov/Archives/edgar/data/766421/000076642117000029/alk10-q12017.htm"
    },
    {
        "date": "2016-12-31",
        "symbol": "ALK",
        "reportedCurrency": "USD",
        "cik": "0000766421",
        "fillingDate": "2017-02-28",
        "acceptedDate": "2017-02-27 20:14:49",
        "calendarYear": "2016",
        "period": "Q4",
        "revenue": 1524000000,
        "costOfRevenue": 943000000,
        "grossProfit": 581000000,
        "grossProfitRatio": 0.3812335958,
        "researchAndDevelopmentExpenses": 0,
        "generalAndAdministrativeExpenses": 0,
        "sellingAndMarketingExpenses": 63000000,
        "sellingGeneralAndAdministrativeExpenses": 63000000,
        "otherExpenses": 277000000,
        "operatingExpenses": 340000000,
        "costAndExpenses": 1283000000,
        "interestIncome": 7000000,
        "interestExpense": 18000000,
        "depreciationAndAmortization": 82000000,
        "ebitda": 400000000,
        "ebitdaratio": 0.2624671916,
        "operatingIncome": 241000000,
        "operatingIncomeRatio": 0.1581364829,
        "totalOtherIncomeExpensesNet": -10000000,
        "incomeBeforeTax": 231000000,
        "incomeBeforeTaxRatio": 0.1515748031,
        "incomeTaxExpense": 117000000,
        "netIncome": 114000000,
        "netIncomeRatio": 0.0748031496,
        "eps": 0.92,
        "epsdiluted": 0.92,
        "weightedAverageShsOut": 123286000,
        "weightedAverageShsOutDil": 124102000,
        "link": "https://www.sec.gov/Archives/edgar/data/766421/000076642117000016/0000766421-17-000016-index.htm",
        "finalLink": "https://www.sec.gov/Archives/edgar/data/766421/000076642117000016/alk10-k123116.htm"
    },
    {
        "date": "2016-09-30",
        "symbol": "ALK",
        "reportedCurrency": "USD",
        "cik": "0000766421",
        "fillingDate": "2016-11-02",
        "acceptedDate": "2016-11-01 17:35:22",
        "calendarYear": "2016",
        "period": "Q3",
        "revenue": 1566000000,
        "costOfRevenue": 872000000,
        "grossProfit": 694000000,
        "grossProfitRatio": 0.4431673052,
        "researchAndDevelopmentExpenses": 0,
        "generalAndAdministrativeExpenses": 0,
        "sellingAndMarketingExpenses": 58000000,
        "sellingGeneralAndAdministrativeExpenses": 58000000,
        "otherExpenses": 236000000,
        "operatingExpenses": 294000000,
        "costAndExpenses": 1166000000,
        "interestIncome": 7000000,
        "interestExpense": 5000000,
        "depreciationAndAmortization": 101000000,
        "ebitda": 526000000,
        "ebitdaratio": 0.3358876117,
        "operatingIncome": 400000000,
        "operatingIncomeRatio": 0.2554278416,
        "totalOtherIncomeExpensesNet": 2000000,
        "incomeBeforeTax": 402000000,
        "incomeBeforeTaxRatio": 0.2567049808,
        "incomeTaxExpense": 146000000,
        "netIncome": 256000000,
        "netIncomeRatio": 0.1634738186,
        "eps": 2.08,
        "epsdiluted": 2.07,
        "weightedAverageShsOut": 123149000,
        "weightedAverageShsOutDil": 123833000,
        "link": "https://www.sec.gov/Archives/edgar/data/766421/000076642116000108/0000766421-16-000108-index.htm",
        "finalLink": "https://www.sec.gov/Archives/edgar/data/766421/000076642116000108/a10-q32016.htm"
    },
    {
        "date": "2016-06-30",
        "symbol": "ALK",
        "reportedCurrency": "USD",
        "cik": "0000766421",
        "fillingDate": "2016-08-02",
        "acceptedDate": "2016-08-02 16:34:32",
        "calendarYear": "2016",
        "period": "Q2",
        "revenue": 1494000000,
        "costOfRevenue": 825000000,
        "grossProfit": 669000000,
        "grossProfitRatio": 0.4477911647,
        "researchAndDevelopmentExpenses": 0,
        "generalAndAdministrativeExpenses": 0,
        "sellingAndMarketingExpenses": 55000000,
        "sellingGeneralAndAdministrativeExpenses": 55000000,
        "otherExpenses": 196000000,
        "operatingExpenses": 251000000,
        "costAndExpenses": 1076000000,
        "interestIncome": 7000000,
        "interestExpense": 2000000,
        "depreciationAndAmortization": 92000000,
        "ebitda": 514000000,
        "ebitdaratio": 0.344042838,
        "operatingIncome": 418000000,
        "operatingIncomeRatio": 0.2797858099,
        "totalOtherIncomeExpensesNet": 2000000,
        "incomeBeforeTax": 420000000,
        "incomeBeforeTaxRatio": 0.281124498,
        "incomeTaxExpense": 160000000,
        "netIncome": 260000000,
        "netIncomeRatio": 0.1740294511,
        "eps": 2.11,
        "epsdiluted": 2.1,
        "weightedAverageShsOut": 123250000,
        "weightedAverageShsOutDil": 123988000,
        "link": "https://www.sec.gov/Archives/edgar/data/766421/000076642116000096/0000766421-16-000096-index.htm",
        "finalLink": "https://www.sec.gov/Archives/edgar/data/766421/000076642116000096/alk10-q22016.htm"
    },
    {
        "date": "2016-03-31",
        "symbol": "ALK",
        "reportedCurrency": "USD",
        "cik": "0000766421",
        "fillingDate": "2016-05-09",
        "acceptedDate": "2016-05-09 16:57:02",
        "calendarYear": "2016",
        "period": "Q1",
        "revenue": 1347000000,
        "costOfRevenue": 809000000,
        "grossProfit": 538000000,
        "grossProfitRatio": 0.3994060876,
        "researchAndDevelopmentExpenses": 0,
        "generalAndAdministrativeExpenses": 0,
        "sellingAndMarketingExpenses": 49000000,
        "sellingGeneralAndAdministrativeExpenses": 49000000,
        "otherExpenses": 199000000,
        "operatingExpenses": 248000000,
        "costAndExpenses": 1057000000,
        "interestIncome": 6000000,
        "interestExpense": 5000000,
        "depreciationAndAmortization": 88000000,
        "ebitda": 376000000,
        "ebitdaratio": 0.279138827,
        "operatingIncome": 290000000,
        "operatingIncomeRatio": 0.2152932442,
        "totalOtherIncomeExpensesNet": 2000000,
        "incomeBeforeTax": 292000000,
        "incomeBeforeTaxRatio": 0.2167780252,
        "incomeTaxExpense": 108000000,
        "netIncome": 184000000,
        "netIncomeRatio": 0.1365998515,
        "eps": 1.47,
        "epsdiluted": 1.46,
        "weightedAverageShsOut": 124550000,
        "weightedAverageShsOutDil": 125328000,
        "link": "https://www.sec.gov/Archives/edgar/data/766421/000076642116000077/0000766421-16-000077-index.htm",
        "finalLink": "https://www.sec.gov/Archives/edgar/data/766421/000076642116000077/alk10-q12016.htm"
    },
    {
        "date": "2015-12-31",
        "symbol": "ALK",
        "reportedCurrency": "USD",
        "cik": "0000766421",
        "fillingDate": "2016-02-11",
        "acceptedDate": "2016-02-11 17:16:27",
        "calendarYear": "2015",
        "period": "Q4",
        "revenue": 1377000000,
        "costOfRevenue": 838000000,
        "grossProfit": 539000000,
        "grossProfitRatio": 0.3914306463,
        "researchAndDevelopmentExpenses": 0,
        "generalAndAdministrativeExpenses": 0,
        "sellingAndMarketingExpenses": 51000000,
        "sellingGeneralAndAdministrativeExpenses": 51000000,
        "otherExpenses": 233000000,
        "operatingExpenses": 284000000,
        "costAndExpenses": 1122000000,
        "interestIncome": 5000000,
        "interestExpense": 1000000,
        "depreciationAndAmortization": 84000000,
        "ebitda": 372000000,
        "ebitdaratio": 0.2701525054,
        "operatingIncome": 255000000,
        "operatingIncomeRatio": 0.1851851852,
        "totalOtherIncomeExpensesNet": 4000000,
        "incomeBeforeTax": 259000000,
        "incomeBeforeTaxRatio": 0.1880900508,
        "incomeTaxExpense": 68000000,
        "netIncome": 191000000,
        "netIncomeRatio": 0.1387073348,
        "eps": 1.52,
        "epsdiluted": 1.51,
        "weightedAverageShsOut": 125900000,
        "weightedAverageShsOutDil": 126818000,
        "link": "https://www.sec.gov/Archives/edgar/data/766421/000076642116000065/0000766421-16-000065-index.htm",
        "finalLink": "https://www.sec.gov/Archives/edgar/data/766421/000076642116000065/alk10-k123115.htm"
    },
    {
        "date": "2015-09-30",
        "symbol": "ALK",
        "reportedCurrency": "USD",
        "cik": "0000766421",
        "fillingDate": "2015-11-04",
        "acceptedDate": "2015-11-03 19:27:38",
        "calendarYear": "2015",
        "period": "Q3",
        "revenue": 1515000000,
        "costOfRevenue": 845000000,
        "grossProfit": 670000000,
        "grossProfitRatio": 0.4422442244,
        "researchAndDevelopmentExpenses": 0,
        "generalAndAdministrativeExpenses": 0,
        "sellingAndMarketingExpenses": 53000000,
        "sellingGeneralAndAdministrativeExpenses": 53000000,
        "otherExpenses": 184000000,
        "operatingExpenses": 237000000,
        "costAndExpenses": 1082000000,
        "interestIncome": 5000000,
        "interestExpense": 1000000,
        "depreciationAndAmortization": 81000000,
        "ebitda": 519000000,
        "ebitdaratio": 0.3425742574,
        "operatingIncome": 433000000,
        "operatingIncomeRatio": 0.2858085809,
        "totalOtherIncomeExpensesNet": 4000000,
        "incomeBeforeTax": 437000000,
        "incomeBeforeTaxRatio": 0.2884488449,
        "incomeTaxExpense": 163000000,
        "netIncome": 274000000,
        "netIncomeRatio": 0.1808580858,
        "eps": 2.15,
        "epsdiluted": 2.14,
        "weightedAverageShsOut": 127308000,
        "weightedAverageShsOutDil": 128205000,
        "link": "https://www.sec.gov/Archives/edgar/data/766421/000076642115000046/0000766421-15-000046-index.htm",
        "finalLink": "https://www.sec.gov/Archives/edgar/data/766421/000076642115000046/alk10-q32015.htm"
    },
    {
        "date": "2015-06-30",
        "symbol": "ALK",
        "reportedCurrency": "USD",
        "cik": "0000766421",
        "fillingDate": "2015-08-05",
        "acceptedDate": "2015-08-04 19:30:35",
        "calendarYear": "2015",
        "period": "Q2",
        "revenue": 1437000000,
        "costOfRevenue": 827000000,
        "grossProfit": 610000000,
        "grossProfitRatio": 0.4244954767,
        "researchAndDevelopmentExpenses": 0,
        "generalAndAdministrativeExpenses": 0,
        "sellingAndMarketingExpenses": 54000000,
        "sellingGeneralAndAdministrativeExpenses": 54000000,
        "otherExpenses": 184000000,
        "operatingExpenses": 238000000,
        "costAndExpenses": 1065000000,
        "interestIncome": 6000000,
        "interestExpense": 3000000,
        "depreciationAndAmortization": 79000000,
        "ebitda": 445000000,
        "ebitdaratio": 0.3096729297,
        "operatingIncome": 372000000,
        "operatingIncomeRatio": 0.2588726514,
        "totalOtherIncomeExpensesNet": 4000000,
        "incomeBeforeTax": 376000000,
        "incomeBeforeTaxRatio": 0.2616562283,
        "incomeTaxExpense": 142000000,
        "netIncome": 234000000,
        "netIncomeRatio": 0.1628392484,
        "eps": 1.8,
        "epsdiluted": 1.79,
        "weightedAverageShsOut": 129236000,
        "weightedAverageShsOutDil": 130255000,
        "link": "https://www.sec.gov/Archives/edgar/data/766421/000076642115000035/0000766421-15-000035-index.htm",
        "finalLink": "https://www.sec.gov/Archives/edgar/data/766421/000076642115000035/alk10-q22015.htm"
    },
    {
        "date": "2015-03-31",
        "symbol": "ALK",
        "reportedCurrency": "USD",
        "cik": "0000766421",
        "fillingDate": "2015-05-07",
        "acceptedDate": "2015-05-07 17:05:50",
        "calendarYear": "2015",
        "period": "Q1",
        "revenue": 1269000000,
        "costOfRevenue": 803000000,
        "grossProfit": 466000000,
        "grossProfitRatio": 0.3672182821,
        "researchAndDevelopmentExpenses": 0,
        "generalAndAdministrativeExpenses": 0,
        "sellingAndMarketingExpenses": 53000000,
        "sellingGeneralAndAdministrativeExpenses": 53000000,
        "otherExpenses": 175000000,
        "operatingExpenses": 228000000,
        "costAndExpenses": 1031000000,
        "interestIncome": 5000000,
        "interestExpense": 3000000,
        "depreciationAndAmortization": 76000000,
        "ebitda": 314000000,
        "ebitdaratio": 0.2474389283,
        "operatingIncome": 238000000,
        "operatingIncomeRatio": 0.1875492514,
        "totalOtherIncomeExpensesNet": 2000000,
        "incomeBeforeTax": 240000000,
        "incomeBeforeTaxRatio": 0.1891252955,
        "incomeTaxExpense": 91000000,
        "netIncome": 149000000,
        "netIncomeRatio": 0.1174152876,
        "eps": 1.13,
        "epsdiluted": 1.12,
        "weightedAverageShsOut": 131120000,
        "weightedAverageShsOutDil": 132230000,
        "link": "https://www.sec.gov/Archives/edgar/data/766421/000076642115000024/0000766421-15-000024-index.htm",
        "finalLink": "https://www.sec.gov/Archives/edgar/data/766421/000076642115000024/alk10-q12015.htm"
    },
    {
        "date": "2014-12-31",
        "symbol": "ALK",
        "reportedCurrency": "USD",
        "cik": "0000766421",
        "fillingDate": "2015-02-11",
        "acceptedDate": "2015-02-11 17:13:00",
        "calendarYear": "2014",
        "period": "Q4",
        "revenue": 1306000000,
        "costOfRevenue": 885000000,
        "grossProfit": 421000000,
        "grossProfitRatio": 0.3223583461,
        "researchAndDevelopmentExpenses": 0,
        "generalAndAdministrativeExpenses": 0,
        "sellingAndMarketingExpenses": 45000000,
        "sellingGeneralAndAdministrativeExpenses": 45000000,
        "otherExpenses": 134000000,
        "operatingExpenses": 179000000,
        "costAndExpenses": 1064000000,
        "interestIncome": 6000000,
        "interestExpense": 6000000,
        "depreciationAndAmortization": 76000000,
        "ebitda": 282000000,
        "ebitdaratio": 0.2159264931,
        "operatingIncome": 242000000,
        "operatingIncomeRatio": 0.1852986217,
        "totalOtherIncomeExpensesNet": 0,
        "incomeBeforeTax": 242000000,
        "incomeBeforeTaxRatio": 0.1852986217,
        "incomeTaxExpense": 94000000,
        "netIncome": 148000000,
        "netIncomeRatio": 0.113323124,
        "eps": 1.12,
        "epsdiluted": 1.11,
        "weightedAverageShsOut": 132368000,
        "weightedAverageShsOutDil": 133705000,
        "link": "https://www.sec.gov/Archives/edgar/data/766421/000076642115000009/0000766421-15-000009-index.htm",
        "finalLink": "https://www.sec.gov/Archives/edgar/data/766421/000076642115000009/alk10-k123114.htm"
    },
    {
        "date": "2014-09-30",
        "symbol": "ALK",
        "reportedCurrency": "USD",
        "cik": "0000766421",
        "fillingDate": "2014-11-05",
        "acceptedDate": "2014-11-04 19:20:13",
        "calendarYear": "2014",
        "period": "Q3",
        "revenue": 1465000000,
        "costOfRevenue": 932000000,
        "grossProfit": 533000000,
        "grossProfitRatio": 0.3638225256,
        "researchAndDevelopmentExpenses": 0,
        "generalAndAdministrativeExpenses": 0,
        "sellingAndMarketingExpenses": 55000000,
        "sellingGeneralAndAdministrativeExpenses": 55000000,
        "otherExpenses": 162000000,
        "operatingExpenses": 217000000,
        "costAndExpenses": 1149000000,
        "interestIncome": 5000000,
        "interestExpense": 7000000,
        "depreciationAndAmortization": 75000000,
        "ebitda": 395000000,
        "ebitdaratio": 0.2696245734,
        "operatingIncome": 316000000,
        "operatingIncomeRatio": 0.2156996587,
        "totalOtherIncomeExpensesNet": 0,
        "incomeBeforeTax": 316000000,
        "incomeBeforeTaxRatio": 0.2156996587,
        "incomeTaxExpense": 118000000,
        "netIncome": 198000000,
        "netIncomeRatio": 0.1351535836,
        "eps": 1.47,
        "epsdiluted": 1.45,
        "weightedAverageShsOut": 134865000,
        "weightedAverageShsOutDil": 136158000,
        "link": "https://www.sec.gov/Archives/edgar/data/766421/000076642114000077/0000766421-14-000077-index.htm",
        "finalLink": "https://www.sec.gov/Archives/edgar/data/766421/000076642114000077/alk10-q32014.htm"
    },
    {
        "date": "2014-06-30",
        "symbol": "ALK",
        "reportedCurrency": "USD",
        "cik": "0000766421",
        "fillingDate": "2014-08-06",
        "acceptedDate": "2014-08-05 19:15:05",
        "calendarYear": "2014",
        "period": "Q2",
        "revenue": 1375000000,
        "costOfRevenue": 902000000,
        "grossProfit": 473000000,
        "grossProfitRatio": 0.344,
        "researchAndDevelopmentExpenses": 0,
        "generalAndAdministrativeExpenses": 0,
        "sellingAndMarketingExpenses": 53000000,
        "sellingGeneralAndAdministrativeExpenses": 53000000,
        "otherExpenses": 157000000,
        "operatingExpenses": 210000000,
        "costAndExpenses": 1112000000,
        "interestIncome": 5000000,
        "interestExpense": 8000000,
        "depreciationAndAmortization": 73000000,
        "ebitda": 323000000,
        "ebitdaratio": 0.2349090909,
        "operatingIncome": 263000000,
        "operatingIncomeRatio": 0.1912727273,
        "totalOtherIncomeExpensesNet": 2000000,
        "incomeBeforeTax": 265000000,
        "incomeBeforeTaxRatio": 0.1927272727,
        "incomeTaxExpense": 100000000,
        "netIncome": 165000000,
        "netIncomeRatio": 0.12,
        "eps": 1.2,
        "epsdiluted": 1.19,
        "weightedAverageShsOut": 137274000,
        "weightedAverageShsOutDil": 138711000,
        "link": "https://www.sec.gov/Archives/edgar/data/766421/000076642114000055/0000766421-14-000055-index.htm",
        "finalLink": "https://www.sec.gov/Archives/edgar/data/766421/000076642114000055/alk10-q22014.htm"
    },
    {
        "date": "2014-03-31",
        "symbol": "ALK",
        "reportedCurrency": "USD",
        "cik": "0000766421",
        "fillingDate": "2014-05-09",
        "acceptedDate": "2014-05-08 20:56:16",
        "calendarYear": "2014",
        "period": "Q1",
        "revenue": 1222000000,
        "costOfRevenue": 877000000,
        "grossProfit": 345000000,
        "grossProfitRatio": 0.2823240589,
        "researchAndDevelopmentExpenses": 0,
        "generalAndAdministrativeExpenses": 0,
        "sellingAndMarketingExpenses": 46000000,
        "sellingGeneralAndAdministrativeExpenses": 46000000,
        "otherExpenses": 158000000,
        "operatingExpenses": 204000000,
        "costAndExpenses": 1081000000,
        "interestIncome": 5000000,
        "interestExpense": 7000000,
        "depreciationAndAmortization": 70000000,
        "ebitda": 203000000,
        "ebitdaratio": 0.1661211129,
        "operatingIncome": 141000000,
        "operatingIncomeRatio": 0.1153846154,
        "totalOtherIncomeExpensesNet": 11000000,
        "incomeBeforeTax": 152000000,
        "incomeBeforeTaxRatio": 0.124386252,
        "incomeTaxExpense": 58000000,
        "netIncome": 94000000,
        "netIncomeRatio": 0.0769230769,
        "eps": 0.69,
        "epsdiluted": 0.68,
        "weightedAverageShsOut": 137334000,
        "weightedAverageShsOutDil": 138822000,
        "link": "https://www.sec.gov/Archives/edgar/data/766421/000076642114000033/0000766421-14-000033-index.htm",
        "finalLink": "https://www.sec.gov/Archives/edgar/data/766421/000076642114000033/alk10-q12014.htm"
    },
    {
        "date": "2013-12-31",
        "symbol": "ALK",
        "reportedCurrency": "USD",
        "cik": "0000766421",
        "fillingDate": "2014-02-13",
        "acceptedDate": "2014-02-13 08:30:35",
        "calendarYear": "2013",
        "period": "Q4",
        "revenue": 1210000000,
        "costOfRevenue": 882000000,
        "grossProfit": 328000000,
        "grossProfitRatio": 0.2710743802,
        "researchAndDevelopmentExpenses": 0,
        "generalAndAdministrativeExpenses": 0,
        "sellingAndMarketingExpenses": 42000000,
        "sellingGeneralAndAdministrativeExpenses": 42000000,
        "otherExpenses": 156000000,
        "operatingExpenses": 198000000,
        "costAndExpenses": 1080000000,
        "interestIncome": 4000000,
        "interestExpense": 8000000,
        "depreciationAndAmortization": 67000000,
        "ebitda": 196000000,
        "ebitdaratio": 0.1619834711,
        "operatingIncome": 130000000,
        "operatingIncomeRatio": 0.1074380165,
        "totalOtherIncomeExpensesNet": -5000000,
        "incomeBeforeTax": 125000000,
        "incomeBeforeTaxRatio": 0.1033057851,
        "incomeTaxExpense": 47000000,
        "netIncome": 78000000,
        "netIncomeRatio": 0.0644628099,
        "eps": 0.56,
        "epsdiluted": 0.56,
        "weightedAverageShsOut": 138670000,
        "weightedAverageShsOutDil": 140484000,
        "link": "https://www.sec.gov/Archives/edgar/data/766421/000076642114000010/0000766421-14-000010-index.htm",
        "finalLink": "https://www.sec.gov/Archives/edgar/data/766421/000076642114000010/alk10-k123113.htm"
    },
    {
        "date": "2013-09-30",
        "symbol": "ALK",
        "reportedCurrency": "USD",
        "cik": "0000766421",
        "fillingDate": "2013-11-06",
        "acceptedDate": "2013-11-05 18:49:50",
        "calendarYear": "2013",
        "period": "Q3",
        "revenue": 1557000000,
        "costOfRevenue": 908000000,
        "grossProfit": 457000000,
        "grossProfitRatio": 0.2935131663,
        "researchAndDevelopmentExpenses": 0,
        "generalAndAdministrativeExpenses": 0,
        "sellingAndMarketingExpenses": 47000000,
        "sellingGeneralAndAdministrativeExpenses": 47000000,
        "otherExpenses": -60000000,
        "operatingExpenses": -13000000,
        "costAndExpenses": 895000000,
        "interestIncome": 5000000,
        "interestExpense": 7000000,
        "depreciationAndAmortization": 67000000,
        "ebitda": 325000000,
        "ebitdaratio": 0.2087347463,
        "operatingIncome": 470000000,
        "operatingIncomeRatio": 0.3018625562,
        "totalOtherIncomeExpensesNet": -7000000,
        "incomeBeforeTax": 463000000,
        "incomeBeforeTaxRatio": 0.2973667309,
        "incomeTaxExpense": 174000000,
        "netIncome": 289000000,
        "netIncomeRatio": 0.185613359,
        "eps": 2.07,
        "epsdiluted": 2.04,
        "weightedAverageShsOut": 139559000,
        "weightedAverageShsOutDil": 141383000,
        "link": "https://www.sec.gov/Archives/edgar/data/766421/000076642113000064/0000766421-13-000064-index.htm",
        "finalLink": "https://www.sec.gov/Archives/edgar/data/766421/000076642113000064/alk10-q32013.htm"
    },
    {
        "date": "2013-06-30",
        "symbol": "ALK",
        "reportedCurrency": "USD",
        "cik": "0000766421",
        "fillingDate": "2013-08-07",
        "acceptedDate": "2013-08-06 18:28:26",
        "calendarYear": "2013",
        "period": "Q2",
        "revenue": 1256000000,
        "costOfRevenue": 883000000,
        "grossProfit": 373000000,
        "grossProfitRatio": 0.2969745223,
        "researchAndDevelopmentExpenses": 0,
        "generalAndAdministrativeExpenses": 0,
        "sellingAndMarketingExpenses": 51000000,
        "sellingGeneralAndAdministrativeExpenses": 51000000,
        "otherExpenses": 0,
        "operatingExpenses": 199000000,
        "costAndExpenses": 1082000000,
        "interestIncome": 4000000,
        "interestExpense": 9000000,
        "depreciationAndAmortization": 67000000,
        "ebitda": 242000000,
        "ebitdaratio": 0.1926751592,
        "operatingIncome": 175000000,
        "operatingIncomeRatio": 0.1393312102,
        "totalOtherIncomeExpensesNet": -5000000,
        "incomeBeforeTax": 169000000,
        "incomeBeforeTaxRatio": 0.1345541401,
        "incomeTaxExpense": 65000000,
        "netIncome": 104000000,
        "netIncomeRatio": 0.0828025478,
        "eps": 0.75,
        "epsdiluted": 0.74,
        "weightedAverageShsOut": 140504000,
        "weightedAverageShsOutDil": 142319000,
        "link": "https://www.sec.gov/Archives/edgar/data/766421/000076642113000050/0000766421-13-000050-index.htm",
        "finalLink": "https://www.sec.gov/Archives/edgar/data/766421/000076642113000050/alk10-q22013use.htm"
    },
    {
        "date": "2013-03-31",
        "symbol": "ALK",
        "reportedCurrency": "USD",
        "cik": "0000766421",
        "fillingDate": "2013-05-08",
        "acceptedDate": "2013-05-07 18:49:13",
        "calendarYear": "2013",
        "period": "Q1",
        "revenue": 1133000000,
        "costOfRevenue": 868000000,
        "grossProfit": 265000000,
        "grossProfitRatio": 0.2338923213,
        "researchAndDevelopmentExpenses": 0,
        "generalAndAdministrativeExpenses": 0,
        "sellingAndMarketingExpenses": 38000000,
        "sellingGeneralAndAdministrativeExpenses": 38000000,
        "otherExpenses": 0,
        "operatingExpenses": 199000000,
        "costAndExpenses": 1067000000,
        "interestIncome": 4000000,
        "interestExpense": 11000000,
        "depreciationAndAmortization": 69000000,
        "ebitda": 145000000,
        "ebitdaratio": 0.1279788173,
        "operatingIncome": 76000000,
        "operatingIncomeRatio": 0.0670785525,
        "totalOtherIncomeExpensesNet": -5000000,
        "incomeBeforeTax": 59000000,
        "incomeBeforeTaxRatio": 0.0520741395,
        "incomeTaxExpense": 22000000,
        "netIncome": 37000000,
        "netIncomeRatio": 0.0326566637,
        "eps": 0.26,
        "epsdiluted": 0.26,
        "weightedAverageShsOut": 140862000,
        "weightedAverageShsOutDil": 142828000,
        "link": "https://www.sec.gov/Archives/edgar/data/766421/000144530513001183/0001445305-13-001183-index.htm",
        "finalLink": "https://www.sec.gov/Archives/edgar/data/766421/000144530513001183/alk10-q2013.htm"
    },
    {
        "date": "2012-12-31",
        "symbol": "ALK",
        "reportedCurrency": "USD",
        "cik": "0000766421",
        "fillingDate": "2013-02-14",
        "acceptedDate": "2013-02-14 12:59:42",
        "calendarYear": "2012",
        "period": "Q4",
        "revenue": 1132000000,
        "costOfRevenue": 864000000,
        "grossProfit": 268000000,
        "grossProfitRatio": 0.2367491166,
        "researchAndDevelopmentExpenses": 0,
        "generalAndAdministrativeExpenses": 0,
        "sellingAndMarketingExpenses": 37000000,
        "sellingGeneralAndAdministrativeExpenses": 37000000,
        "otherExpenses": 0,
        "operatingExpenses": 191000000,
        "costAndExpenses": 1055000000,
        "interestIncome": 5000000,
        "interestExpense": 10000000,
        "depreciationAndAmortization": 69000000,
        "ebitda": 152000000,
        "ebitdaratio": 0.1342756184,
        "operatingIncome": 83000000,
        "operatingIncomeRatio": 0.0733215548,
        "totalOtherIncomeExpensesNet": -10300000,
        "incomeBeforeTax": 72000000,
        "incomeBeforeTaxRatio": 0.0636042403,
        "incomeTaxExpense": 28000000,
        "netIncome": 44000000,
        "netIncomeRatio": 0.038869258,
        "eps": 0.31,
        "epsdiluted": 0.31,
        "weightedAverageShsOut": 142224000,
        "weightedAverageShsOutDil": 144298000,
        "link": "https://www.sec.gov/Archives/edgar/data/766421/000076642113000010/0000766421-13-000010-index.htm",
        "finalLink": "https://www.sec.gov/Archives/edgar/data/766421/000076642113000010/alk10-k123112.htm"
    },
    {
        "date": "2012-09-30",
        "symbol": "ALK",
        "reportedCurrency": "USD",
        "cik": "0000766421",
        "fillingDate": "2012-11-07",
        "acceptedDate": "2012-11-07 07:01:29",
        "calendarYear": "2012",
        "period": "Q3",
        "revenue": 1272200000,
        "costOfRevenue": 553500000,
        "grossProfit": 718700000,
        "grossProfitRatio": 0.5649268983,
        "researchAndDevelopmentExpenses": 0,
        "generalAndAdministrativeExpenses": 278800000,
        "sellingAndMarketingExpenses": 45900000,
        "sellingGeneralAndAdministrativeExpenses": 324700000,
        "otherExpenses": 124500000,
        "operatingExpenses": 449200000,
        "costAndExpenses": 1002700000,
        "interestIncome": 4500000,
        "interestExpense": 10700000,
        "depreciationAndAmortization": 65900000,
        "ebitda": 342000000,
        "ebitdaratio": 0.2688256563,
        "operatingIncome": 269500000,
        "operatingIncomeRatio": 0.2118377614,
        "totalOtherIncomeExpensesNet": -4000000,
        "incomeBeforeTax": 265600000,
        "incomeBeforeTaxRatio": 0.2087722056,
        "incomeTaxExpense": 102200000,
        "netIncome": 163000000,
        "netIncomeRatio": 0.1281245087,
        "eps": 1.15,
        "epsdiluted": 1.14,
        "weightedAverageShsOut": 141926000,
        "weightedAverageShsOutDil": 143766000,
        "link": "https://www.sec.gov/Archives/edgar/data/766421/000076642112000073/0000766421-12-000073-index.htm",
        "finalLink": "https://www.sec.gov/Archives/edgar/data/766421/000076642112000073/alk10-q93012.htm"
    },
    {
        "date": "2012-06-30",
        "symbol": "ALK",
        "reportedCurrency": "USD",
        "cik": "0000766421",
        "fillingDate": "2012-08-08",
        "acceptedDate": "2012-08-07 19:22:16",
        "calendarYear": "2012",
        "period": "Q2",
        "revenue": 1213200000,
        "costOfRevenue": 645900000,
        "grossProfit": 567300000,
        "grossProfitRatio": 0.4676063304,
        "researchAndDevelopmentExpenses": 0,
        "generalAndAdministrativeExpenses": 280400000,
        "sellingAndMarketingExpenses": 44200000,
        "sellingGeneralAndAdministrativeExpenses": 324600000,
        "otherExpenses": 126900000,
        "operatingExpenses": 451500000,
        "costAndExpenses": 1097400000,
        "interestIncome": 8600000,
        "interestExpense": 17200000,
        "depreciationAndAmortization": 65800000,
        "ebitda": 188000000,
        "ebitdaratio": 0.1549620837,
        "operatingIncome": 115800000,
        "operatingIncomeRatio": 0.0954500495,
        "totalOtherIncomeExpensesNet": -7000000,
        "incomeBeforeTax": 109100000,
        "incomeBeforeTaxRatio": 0.0899274646,
        "incomeTaxExpense": 41600000,
        "netIncome": 68000000,
        "netIncomeRatio": 0.0560501154,
        "eps": 0.48,
        "epsdiluted": 0.47,
        "weightedAverageShsOut": 141992000,
        "weightedAverageShsOutDil": 144400000,
        "link": "https://www.sec.gov/Archives/edgar/data/766421/000076642112000053/0000766421-12-000053-index.htm",
        "finalLink": "https://www.sec.gov/Archives/edgar/data/766421/000076642112000053/alk10-q63012.htm"
    },
    {
        "date": "2012-03-31",
        "symbol": "ALK",
        "reportedCurrency": "USD",
        "cik": "0000766421",
        "fillingDate": "2012-05-03",
        "acceptedDate": "2012-05-02 20:10:08",
        "calendarYear": "2012",
        "period": "Q1",
        "revenue": 1039300000,
        "costOfRevenue": 524900000,
        "grossProfit": 514400000,
        "grossProfitRatio": 0.494948523,
        "researchAndDevelopmentExpenses": 0,
        "generalAndAdministrativeExpenses": 272600000,
        "sellingAndMarketingExpenses": 41100000,
        "sellingGeneralAndAdministrativeExpenses": 313700000,
        "otherExpenses": 128300000,
        "operatingExpenses": 442000000,
        "costAndExpenses": 966900000,
        "interestIncome": 9400000,
        "interestExpense": 16600000,
        "depreciationAndAmortization": 63700000,
        "ebitda": 142000000,
        "ebitdaratio": 0.1366304243,
        "operatingIncome": 72400000,
        "operatingIncomeRatio": 0.0696622727,
        "totalOtherIncomeExpensesNet": -6000000,
        "incomeBeforeTax": 66600000,
        "incomeBeforeTaxRatio": 0.0640815934,
        "incomeTaxExpense": 25800000,
        "netIncome": 41000000,
        "netIncomeRatio": 0.0394496296,
        "eps": 0.28,
        "epsdiluted": 0.28,
        "weightedAverageShsOut": 142384000,
        "weightedAverageShsOutDil": 145318000,
        "link": "https://www.sec.gov/Archives/edgar/data/766421/000076642112000031/0000766421-12-000031-index.htm",
        "finalLink": "https://www.sec.gov/Archives/edgar/data/766421/000076642112000031/alk10-q33112.htm"
    },
    {
        "date": "2011-12-31",
        "symbol": "ALK",
        "reportedCurrency": "USD",
        "cik": "0000766421",
        "fillingDate": "2012-02-21",
        "acceptedDate": "2012-02-21 15:14:32",
        "calendarYear": "2011",
        "period": "Q4",
        "revenue": 1044300000,
        "costOfRevenue": 452700000,
        "grossProfit": 591600000,
        "grossProfitRatio": 0.5665038782,
        "researchAndDevelopmentExpenses": 0,
        "generalAndAdministrativeExpenses": 271800000,
        "sellingAndMarketingExpenses": 42300000,
        "sellingGeneralAndAdministrativeExpenses": 314100000,
        "otherExpenses": 124500000,
        "operatingExpenses": 438600000,
        "costAndExpenses": 891300000,
        "interestIncome": 10500000,
        "interestExpense": 18200000,
        "depreciationAndAmortization": 62700000,
        "ebitda": 181600000,
        "ebitdaratio": 0.1738963899,
        "operatingIncome": 114100000,
        "operatingIncomeRatio": 0.1092597912,
        "totalOtherIncomeExpensesNet": -13400000,
        "incomeBeforeTax": 100700000,
        "incomeBeforeTaxRatio": 0.0964282294,
        "incomeTaxExpense": 36700000,
        "netIncome": 64000000,
        "netIncomeRatio": 0.0612850713,
        "eps": 0.45,
        "epsdiluted": 0.44,
        "weightedAverageShsOut": 142384000,
        "weightedAverageShsOutDil": 145318000,
        "link": "https://www.sec.gov/Archives/edgar/data/766421/000076642112000018/0000766421-12-000018-index.htm",
        "finalLink": "https://www.sec.gov/Archives/edgar/data/766421/000076642112000018/alk10-k123111.htm"
    },
    {
        "date": "2011-09-30",
        "symbol": "ALK",
        "reportedCurrency": "USD",
        "cik": "0000766421",
        "fillingDate": "2011-11-03",
        "acceptedDate": "2011-11-02 20:00:52",
        "calendarYear": "2011",
        "period": "Q3",
        "revenue": 1198100000,
        "costOfRevenue": 626500000,
        "grossProfit": 571600000,
        "grossProfitRatio": 0.4770887238,
        "researchAndDevelopmentExpenses": 0,
        "generalAndAdministrativeExpenses": 264200000,
        "sellingAndMarketingExpenses": 47400000,
        "sellingGeneralAndAdministrativeExpenses": 311600000,
        "otherExpenses": 116800000,
        "operatingExpenses": 428400000,
        "costAndExpenses": 1054900000,
        "interestIncome": 6600000,
        "interestExpense": 25700000,
        "depreciationAndAmortization": 62200000,
        "ebitda": 211100000,
        "ebitdaratio": 0.1761956431,
        "operatingIncome": 143200000,
        "operatingIncomeRatio": 0.1195225774,
        "totalOtherIncomeExpensesNet": -17900000,
        "incomeBeforeTax": 125300000,
        "incomeBeforeTaxRatio": 0.1045822552,
        "incomeTaxExpense": 47800000,
        "netIncome": 77500000,
        "netIncomeRatio": 0.0646857524,
        "eps": 0.54,
        "epsdiluted": 0.53,
        "weightedAverageShsOut": 143908000,
        "weightedAverageShsOutDil": 146476000,
        "link": "https://www.sec.gov/Archives/edgar/data/766421/000076642111000087/0000766421-11-000087-index.htm",
        "finalLink": "https://www.sec.gov/Archives/edgar/data/766421/000076642111000087/alkq3201110q.htm"
    },
    {
        "date": "2011-06-30",
        "symbol": "ALK",
        "reportedCurrency": "USD",
        "cik": "0000766421",
        "fillingDate": "2011-08-04",
        "acceptedDate": "2011-08-03 19:15:45",
        "calendarYear": "2011",
        "period": "Q2",
        "revenue": 1110200000,
        "costOfRevenue": 626000000,
        "grossProfit": 484200000,
        "grossProfitRatio": 0.4361376329,
        "researchAndDevelopmentExpenses": 0,
        "generalAndAdministrativeExpenses": 260700000,
        "sellingAndMarketingExpenses": 45800000,
        "sellingGeneralAndAdministrativeExpenses": 306500000,
        "otherExpenses": 119900000,
        "operatingExpenses": 426400000,
        "costAndExpenses": 1052400000,
        "interestIncome": 6300000,
        "interestExpense": 18400000,
        "depreciationAndAmortization": 61700000,
        "ebitda": 128700000,
        "ebitdaratio": 0.1159250585,
        "operatingIncome": 57800000,
        "operatingIncomeRatio": 0.0520626914,
        "totalOtherIncomeExpensesNet": -10800000,
        "incomeBeforeTax": 47000000,
        "incomeBeforeTaxRatio": 0.0423347145,
        "incomeTaxExpense": 18200000,
        "netIncome": 28800000,
        "netIncomeRatio": 0.0259412718,
        "eps": 0.2,
        "epsdiluted": 0.2,
        "weightedAverageShsOut": 143930000,
        "weightedAverageShsOutDil": 146946000,
        "link": "https://www.sec.gov/Archives/edgar/data/766421/000076642111000069/0000766421-11-000069-index.htm",
        "finalLink": "https://www.sec.gov/Archives/edgar/data/766421/000076642111000069/alkq2201110q.htm"
    },
    {
        "date": "2011-03-31",
        "symbol": "ALK",
        "reportedCurrency": "USD",
        "cik": "0000766421",
        "fillingDate": "2011-05-04",
        "acceptedDate": "2011-05-04 17:28:17",
        "calendarYear": "2011",
        "period": "Q1",
        "revenue": 965200000,
        "costOfRevenue": 404900000,
        "grossProfit": 560300000,
        "grossProfitRatio": 0.5805014505,
        "researchAndDevelopmentExpenses": 0,
        "generalAndAdministrativeExpenses": 265700000,
        "sellingAndMarketingExpenses": 39800000,
        "sellingGeneralAndAdministrativeExpenses": 305500000,
        "otherExpenses": 121000000,
        "operatingExpenses": 426500000,
        "costAndExpenses": 831400000,
        "interestIncome": 7600000,
        "interestExpense": 21600000,
        "depreciationAndAmortization": 60300000,
        "ebitda": 204400000,
        "ebitdaratio": 0.2117695814,
        "operatingIncome": 133800000,
        "operatingIncomeRatio": 0.1386241194,
        "totalOtherIncomeExpensesNet": -13100000,
        "incomeBeforeTax": 120700000,
        "incomeBeforeTaxRatio": 0.1250518027,
        "incomeTaxExpense": 46500000,
        "netIncome": 74200000,
        "netIncomeRatio": 0.076875259,
        "eps": 0.52,
        "epsdiluted": 0.51,
        "weightedAverageShsOut": 143976000,
        "weightedAverageShsOutDil": 147364000,
        "link": "https://www.sec.gov/Archives/edgar/data/766421/000076642111000033/0000766421-11-000033-index.htm",
        "finalLink": "https://www.sec.gov/Archives/edgar/data/766421/000076642111000033/alk2011331.htm"
    },
    {
        "date": "2010-12-31",
        "symbol": "ALK",
        "reportedCurrency": "USD",
        "cik": "0000766421",
        "fillingDate": "2011-02-23",
        "acceptedDate": "2011-02-23 16:36:05",
        "calendarYear": "2010",
        "period": "Q4",
        "revenue": 958500000,
        "costOfRevenue": 233200000,
        "grossProfit": 725300000,
        "grossProfitRatio": 0.7567031821,
        "researchAndDevelopmentExpenses": 0,
        "generalAndAdministrativeExpenses": 271300000,
        "sellingAndMarketingExpenses": 37700000,
        "sellingGeneralAndAdministrativeExpenses": 309000000,
        "otherExpenses": 113400000,
        "operatingExpenses": 422400000,
        "costAndExpenses": 655600000,
        "interestIncome": 8200000,
        "interestExpense": 26900000,
        "depreciationAndAmortization": 58500000,
        "ebitda": 188900000,
        "ebitdaratio": 0.1970787689,
        "operatingIncome": 119300000,
        "operatingIncomeRatio": 0.1244653104,
        "totalOtherIncomeExpensesNet": -15800000,
        "incomeBeforeTax": 103500000,
        "incomeBeforeTaxRatio": 0.1079812207,
        "incomeTaxExpense": 38700000,
        "netIncome": 64800000,
        "netIncomeRatio": 0.0676056338,
        "eps": 0.45,
        "epsdiluted": 0.44,
        "weightedAverageShsOut": 143976000,
        "weightedAverageShsOutDil": 147364000,
        "link": "https://www.sec.gov/Archives/edgar/data/766421/000076642111000020/0000766421-11-000020-index.htm",
        "finalLink": "https://www.sec.gov/Archives/edgar/data/766421/000076642111000020/alk2010123110k.htm"
    },
    {
        "date": "2010-09-30",
        "symbol": "ALK",
        "reportedCurrency": "USD",
        "cik": "0000766421",
        "fillingDate": "2010-11-05",
        "acceptedDate": "2010-11-05 16:03:16",
        "calendarYear": "2010",
        "period": "Q3",
        "revenue": 1067500000,
        "costOfRevenue": 238800000,
        "grossProfit": 828700000,
        "grossProfitRatio": 0.7762997658,
        "researchAndDevelopmentExpenses": 0,
        "generalAndAdministrativeExpenses": 263200000,
        "sellingAndMarketingExpenses": 44300000,
        "sellingGeneralAndAdministrativeExpenses": 307500000,
        "otherExpenses": 107600000,
        "operatingExpenses": 424900000,
        "costAndExpenses": 663700000,
        "interestIncome": 9000000,
        "interestExpense": 29500000,
        "depreciationAndAmortization": 57800000,
        "ebitda": 285500000,
        "ebitdaratio": 0.2674473068,
        "operatingIncome": 216400000,
        "operatingIncomeRatio": 0.2027166276,
        "totalOtherIncomeExpensesNet": -18200000,
        "incomeBeforeTax": 198200000,
        "incomeBeforeTaxRatio": 0.1856674473,
        "incomeTaxExpense": 75800000,
        "netIncome": 122400000,
        "netIncomeRatio": 0.1146604215,
        "eps": 0.85,
        "epsdiluted": 0.83,
        "weightedAverageShsOut": 143592000,
        "weightedAverageShsOutDil": 147320000,
        "link": "https://www.sec.gov/Archives/edgar/data/766421/000076642110000055/0000766421-10-000055-index.htm",
        "finalLink": "https://www.sec.gov/Archives/edgar/data/766421/000076642110000055/form10-q.htm"
    },
    {
        "date": "2010-06-30",
        "symbol": "ALK",
        "reportedCurrency": "USD",
        "cik": "0000766421",
        "fillingDate": "2010-06-30",
        "acceptedDate": "2010-06-29 20:00:00",
        "calendarYear": "2010",
        "period": "Q2",
        "revenue": 976400000,
        "costOfRevenue": 274300000,
        "grossProfit": 702100000,
        "grossProfitRatio": 0.7190700533,
        "researchAndDevelopmentExpenses": 0,
        "generalAndAdministrativeExpenses": 261200000,
        "sellingAndMarketingExpenses": 38200000,
        "sellingGeneralAndAdministrativeExpenses": 299400000,
        "otherExpenses": 109600000,
        "operatingExpenses": 405600000,
        "costAndExpenses": 679900000,
        "interestIncome": 9200000,
        "interestExpense": 26300000,
        "depreciationAndAmortization": 58000000,
        "ebitda": 178300000,
        "ebitdaratio": 0.1826095862,
        "operatingIncome": 109900000,
        "operatingIncomeRatio": 0.1125563294,
        "totalOtherIncomeExpensesNet": -15700000,
        "incomeBeforeTax": 94000000,
        "incomeBeforeTaxRatio": 0.0962720197,
        "incomeTaxExpense": 35400000,
        "netIncome": 58600000,
        "netIncomeRatio": 0.0600163867,
        "eps": 0.41,
        "epsdiluted": 0.4,
        "weightedAverageShsOut": 142792000,
        "weightedAverageShsOutDil": 146788000,
        "link": "",
        "finalLink": ""
    },
    {
        "date": "2010-03-31",
        "symbol": "ALK",
        "reportedCurrency": "USD",
        "cik": "0000766421",
        "fillingDate": "2010-05-05",
        "acceptedDate": "2010-05-05 11:49:29",
        "calendarYear": "2010",
        "period": "Q1",
        "revenue": 829900000,
        "costOfRevenue": 223300000,
        "grossProfit": 606600000,
        "grossProfitRatio": 0.7309314375,
        "researchAndDevelopmentExpenses": 0,
        "generalAndAdministrativeExpenses": 257200000,
        "sellingAndMarketingExpenses": 33600000,
        "sellingGeneralAndAdministrativeExpenses": 290800000,
        "otherExpenses": 104000000,
        "operatingExpenses": 394800000,
        "costAndExpenses": 618100000,
        "interestIncome": 7500000,
        "interestExpense": 23900000,
        "depreciationAndAmortization": 56200000,
        "ebitda": 92000000,
        "ebitdaratio": 0.1108567297,
        "operatingIncome": 26000000,
        "operatingIncomeRatio": 0.0313290758,
        "totalOtherIncomeExpensesNet": -15500000,
        "incomeBeforeTax": 10200000,
        "incomeBeforeTaxRatio": 0.0122906374,
        "incomeTaxExpense": 4900000,
        "netIncome": 5300000,
        "netIncomeRatio": 0.0063863116,
        "eps": 0.0375,
        "epsdiluted": 0.0375,
        "weightedAverageShsOut": 142668000,
        "weightedAverageShsOutDil": 145572000,
        "link": "https://www.sec.gov/Archives/edgar/data/766421/000076642110000022/0000766421-10-000022-index.htm",
        "finalLink": "https://www.sec.gov/Archives/edgar/data/766421/000076642110000022/form10-q.htm"
    },
    {
        "date": "2009-12-31",
        "symbol": "ALK",
        "reportedCurrency": "USD",
        "cik": "0000766421",
        "fillingDate": "2009-12-31",
        "acceptedDate": "2009-12-30 19:00:00",
        "calendarYear": "2009",
        "period": "Q4",
        "revenue": 846100000,
        "costOfRevenue": 173600000,
        "grossProfit": 672500000,
        "grossProfitRatio": 0.7948233069,
        "researchAndDevelopmentExpenses": 0,
        "generalAndAdministrativeExpenses": 272600000,
        "sellingAndMarketingExpenses": 34500000,
        "sellingGeneralAndAdministrativeExpenses": 307100000,
        "otherExpenses": 121400000,
        "operatingExpenses": 428500000,
        "costAndExpenses": 602100000,
        "interestIncome": 8200000,
        "interestExpense": 21100000,
        "depreciationAndAmortization": 56900000,
        "ebitda": 120000000,
        "ebitdaratio": 0.1418272072,
        "operatingIncome": 52800000,
        "operatingIncomeRatio": 0.0624039712,
        "totalOtherIncomeExpensesNet": -10800000,
        "incomeBeforeTax": 42000000,
        "incomeBeforeTaxRatio": 0.0496395225,
        "incomeTaxExpense": 17900000,
        "netIncome": 24100000,
        "netIncomeRatio": 0.0284836308,
        "eps": 0.17,
        "epsdiluted": 0.17,
        "weightedAverageShsOut": 142668000,
        "weightedAverageShsOutDil": 145572000,
        "link": "",
        "finalLink": ""
    },
    {
        "date": "2009-09-30",
        "symbol": "ALK",
        "reportedCurrency": "USD",
        "cik": "0000766421",
        "fillingDate": "2009-09-30",
        "acceptedDate": "2009-09-29 20:00:00",
        "calendarYear": "2009",
        "period": "Q3",
        "revenue": 967400000,
        "costOfRevenue": 202500000,
        "grossProfit": 764900000,
        "grossProfitRatio": 0.7906760389,
        "researchAndDevelopmentExpenses": 0,
        "generalAndAdministrativeExpenses": 270200000,
        "sellingAndMarketingExpenses": 37000000,
        "sellingGeneralAndAdministrativeExpenses": 307200000,
        "otherExpenses": 106700000,
        "operatingExpenses": 413900000,
        "costAndExpenses": 616400000,
        "interestIncome": 9700000,
        "interestExpense": 25900000,
        "depreciationAndAmortization": 55600000,
        "ebitda": 224300000,
        "ebitdaratio": 0.23185859,
        "operatingIncome": 159800000,
        "operatingIncomeRatio": 0.165185032,
        "totalOtherIncomeExpensesNet": -17000000,
        "incomeBeforeTax": 142800000,
        "incomeBeforeTaxRatio": 0.1476121563,
        "incomeTaxExpense": 55200000,
        "netIncome": 87600000,
        "netIncomeRatio": 0.090551995,
        "eps": 0.62,
        "epsdiluted": 0.62,
        "weightedAverageShsOut": 141100000,
        "weightedAverageShsOutDil": 142724000,
        "link": "",
        "finalLink": ""
    },
    {
        "date": "2009-06-30",
        "symbol": "ALK",
        "reportedCurrency": "USD",
        "cik": "0000766421",
        "fillingDate": "2009-06-30",
        "acceptedDate": "2009-06-29 20:00:00",
        "calendarYear": "2009",
        "period": "Q2",
        "revenue": 843900000,
        "costOfRevenue": 143700000,
        "grossProfit": 700200000,
        "grossProfitRatio": 0.829719161,
        "researchAndDevelopmentExpenses": 0,
        "generalAndAdministrativeExpenses": 307000000,
        "sellingAndMarketingExpenses": 35300000,
        "sellingGeneralAndAdministrativeExpenses": 342300000,
        "otherExpenses": 104200000,
        "operatingExpenses": 446500000,
        "costAndExpenses": 590200000,
        "interestIncome": 9600000,
        "interestExpense": 25100000,
        "depreciationAndAmortization": 53900000,
        "ebitda": 124900000,
        "ebitdaratio": 0.1480033179,
        "operatingIncome": 66700000,
        "operatingIncomeRatio": 0.0790378007,
        "totalOtherIncomeExpensesNet": -19000000,
        "incomeBeforeTax": 47700000,
        "incomeBeforeTaxRatio": 0.0565232847,
        "incomeTaxExpense": 18600000,
        "netIncome": 29100000,
        "netIncomeRatio": 0.0344827586,
        "eps": 0.2,
        "epsdiluted": 0.2,
        "weightedAverageShsOut": 145416000,
        "weightedAverageShsOutDil": 146364000,
        "link": "",
        "finalLink": ""
    },
    {
        "date": "2009-03-31",
        "symbol": "ALK",
        "reportedCurrency": "USD",
        "cik": "0000766421",
        "fillingDate": "2009-03-31",
        "acceptedDate": "2009-03-30 20:00:00",
        "calendarYear": "2009",
        "period": "Q1",
        "revenue": 742400000,
        "costOfRevenue": 180000000,
        "grossProfit": 562400000,
        "grossProfitRatio": 0.7575431034,
        "researchAndDevelopmentExpenses": 0,
        "generalAndAdministrativeExpenses": 255300000,
        "sellingAndMarketingExpenses": 25000000,
        "sellingGeneralAndAdministrativeExpenses": 280300000,
        "otherExpenses": 109600000,
        "operatingExpenses": 389900000,
        "costAndExpenses": 569900000,
        "interestIncome": 8300000,
        "interestExpense": 24000000,
        "depreciationAndAmortization": 52800000,
        "ebitda": 48200000,
        "ebitdaratio": 0.064924569,
        "operatingIncome": -11900000,
        "operatingIncomeRatio": -0.0160290948,
        "totalOtherIncomeExpensesNet": -17700000,
        "incomeBeforeTax": -29600000,
        "incomeBeforeTaxRatio": -0.0398706897,
        "incomeTaxExpense": -10400000,
        "netIncome": -19200000,
        "netIncomeRatio": -0.025862069,
        "eps": -0.13,
        "epsdiluted": -0.13,
        "weightedAverageShsOut": 145304000,
        "weightedAverageShsOutDil": 145304000,
        "link": "",
        "finalLink": ""
    },
    {
        "date": "2008-12-31",
        "symbol": "ALK",
        "reportedCurrency": "USD",
        "cik": "0000766421",
        "fillingDate": "2009-02-19",
        "acceptedDate": "2009-02-19 16:10:18",
        "calendarYear": "2008",
        "period": "Q4",
        "revenue": 827100000,
        "costOfRevenue": 373700000,
        "grossProfit": 453400000,
        "grossProfitRatio": 0.5481803893,
        "researchAndDevelopmentExpenses": 0,
        "generalAndAdministrativeExpenses": 238900000,
        "sellingAndMarketingExpenses": 26800000,
        "sellingGeneralAndAdministrativeExpenses": 265700000,
        "otherExpenses": 103200000,
        "operatingExpenses": 368900000,
        "costAndExpenses": 742600000,
        "interestIncome": 10900000,
        "interestExpense": 23300000,
        "depreciationAndAmortization": 51700000,
        "ebitda": -45000000,
        "ebitdaratio": -0.0544069641,
        "operatingIncome": -106700000,
        "operatingIncomeRatio": -0.1290049571,
        "totalOtherIncomeExpensesNet": -13300000,
        "incomeBeforeTax": -120000000,
        "incomeBeforeTaxRatio": -0.1450852376,
        "incomeTaxExpense": -44800000,
        "netIncome": -75200000,
        "netIncomeRatio": -0.0909200822,
        "eps": -0.52,
        "epsdiluted": -0.52,
        "weightedAverageShsOut": 144892000,
        "weightedAverageShsOutDil": 145304000,
        "link": "https://www.sec.gov/Archives/edgar/data/766421/000119312509033073/0001193125-09-033073-index.htm",
        "finalLink": "https://www.sec.gov/Archives/edgar/data/766421/000119312509033073/d10k.htm"
    },
    {
        "date": "2008-09-30",
        "symbol": "ALK",
        "reportedCurrency": "USD",
        "cik": "0000766421",
        "fillingDate": "2008-11-07",
        "acceptedDate": "2008-11-06 18:01:54",
        "calendarYear": "2008",
        "period": "Q3",
        "revenue": 1065200000,
        "costOfRevenue": 672600000,
        "grossProfit": 392600000,
        "grossProfitRatio": 0.3685692828,
        "researchAndDevelopmentExpenses": 0,
        "generalAndAdministrativeExpenses": -97000000,
        "sellingAndMarketingExpenses": 41700000,
        "sellingGeneralAndAdministrativeExpenses": -55300000,
        "otherExpenses": 104800000,
        "operatingExpenses": 1084500000,
        "costAndExpenses": 1757100000,
        "interestIncome": 10700000,
        "interestExpense": 25900000,
        "depreciationAndAmortization": 52100000,
        "ebitda": -60900000,
        "ebitdaratio": -0.057172362,
        "operatingIncome": -120000000,
        "operatingIncomeRatio": -0.1126549005,
        "totalOtherIncomeExpensesNet": -13000000,
        "incomeBeforeTax": -133000000,
        "incomeBeforeTaxRatio": -0.1248591814,
        "incomeTaxExpense": -46500000,
        "netIncome": -86500000,
        "netIncomeRatio": -0.0812054074,
        "eps": -0.6,
        "epsdiluted": -0.6,
        "weightedAverageShsOut": 144276000,
        "weightedAverageShsOutDil": 144276000,
        "link": "https://www.sec.gov/Archives/edgar/data/766421/000119312508228214/0001193125-08-228214-index.htm",
        "finalLink": "https://www.sec.gov/Archives/edgar/data/766421/000119312508228214/d10q.htm"
    },
    {
        "date": "2008-06-30",
        "symbol": "ALK",
        "reportedCurrency": "USD",
        "cik": "0000766421",
        "fillingDate": "2008-08-08",
        "acceptedDate": "2008-08-08 12:15:41",
        "calendarYear": "2008",
        "period": "Q2",
        "revenue": 930800000,
        "costOfRevenue": 186700000,
        "grossProfit": 744100000,
        "grossProfitRatio": 0.7994198539,
        "researchAndDevelopmentExpenses": 0,
        "generalAndAdministrativeExpenses": 239500000,
        "sellingAndMarketingExpenses": 44100000,
        "sellingGeneralAndAdministrativeExpenses": 283600000,
        "otherExpenses": 126400000,
        "operatingExpenses": 410000000,
        "costAndExpenses": 596700000,
        "interestIncome": 16600000,
        "interestExpense": 25000000,
        "depreciationAndAmortization": 51500000,
        "ebitda": 168600000,
        "ebitdaratio": 0.181134508,
        "operatingIncome": 106500000,
        "operatingIncomeRatio": 0.1144177052,
        "totalOtherIncomeExpensesNet": -8300000,
        "incomeBeforeTax": 98200000,
        "incomeBeforeTaxRatio": 0.1055006446,
        "incomeTaxExpense": 35100000,
        "netIncome": 63100000,
        "netIncomeRatio": 0.0677911474,
        "eps": 0.44,
        "epsdiluted": 0.44,
        "weightedAverageShsOut": 144236000,
        "weightedAverageShsOutDil": 145020000,
        "link": "https://www.sec.gov/Archives/edgar/data/766421/000119312508171455/0001193125-08-171455-index.htm",
        "finalLink": "https://www.sec.gov/Archives/edgar/data/766421/000119312508171455/d10q.htm"
    },
    {
        "date": "2008-03-31",
        "symbol": "ALK",
        "reportedCurrency": "USD",
        "cik": "0000766421",
        "fillingDate": "2008-05-07",
        "acceptedDate": "2008-05-07 11:44:59",
        "calendarYear": "2008",
        "period": "Q1",
        "revenue": 839500000,
        "costOfRevenue": 303000000,
        "grossProfit": 536500000,
        "grossProfitRatio": 0.6390708755,
        "researchAndDevelopmentExpenses": 0,
        "generalAndAdministrativeExpenses": 246000000,
        "sellingAndMarketingExpenses": 34500000,
        "sellingGeneralAndAdministrativeExpenses": 280500000,
        "otherExpenses": 106500000,
        "operatingExpenses": 387000000,
        "costAndExpenses": 690000000,
        "interestIncome": 10300000,
        "interestExpense": 16900000,
        "depreciationAndAmortization": 49300000,
        "ebitda": 7800000,
        "ebitdaratio": 0.0092912448,
        "operatingIncome": -49700000,
        "operatingIncomeRatio": -0.0592019059,
        "totalOtherIncomeExpensesNet": -4100000,
        "incomeBeforeTax": -56100000,
        "incomeBeforeTaxRatio": -0.0668254914,
        "incomeTaxExpense": -20200000,
        "netIncome": -35900000,
        "netIncomeRatio": -0.0427635497,
        "eps": -0.24,
        "epsdiluted": -0.24,
        "weightedAverageShsOut": 148096000,
        "weightedAverageShsOutDil": 148096000,
        "link": "https://www.sec.gov/Archives/edgar/data/766421/000119312508105374/0001193125-08-105374-index.htm",
        "finalLink": "https://www.sec.gov/Archives/edgar/data/766421/000119312508105374/d10q.htm"
    },
    {
        "date": "2007-12-31",
        "symbol": "ALK",
        "reportedCurrency": "USD",
        "cik": "0000766421",
        "fillingDate": "2008-02-20",
        "acceptedDate": "2008-02-20 16:11:55",
        "calendarYear": "2007",
        "period": "Q4",
        "revenue": 847100000,
        "costOfRevenue": -872500000,
        "grossProfit": 1719600000,
        "grossProfitRatio": 2.0299846535,
        "researchAndDevelopmentExpenses": 0,
        "generalAndAdministrativeExpenses": 557400000,
        "sellingAndMarketingExpenses": 37700000,
        "sellingGeneralAndAdministrativeExpenses": 595100000,
        "otherExpenses": -1746200000,
        "operatingExpenses": -1151100000,
        "costAndExpenses": -2023600000,
        "interestIncome": 0,
        "interestExpense": 0,
        "depreciationAndAmortization": 45100000,
        "ebitda": 2212400000,
        "ebitdaratio": 2.6117341518,
        "operatingIncome": 9100000,
        "operatingIncomeRatio": 0.0107425333,
        "totalOtherIncomeExpensesNet": -5800000,
        "incomeBeforeTax": 3300000,
        "incomeBeforeTaxRatio": 0.003895644,
        "incomeTaxExpense": -100000,
        "netIncome": 3400000,
        "netIncomeRatio": 0.0040136938,
        "eps": 0.023,
        "epsdiluted": 0.023,
        "weightedAverageShsOut": 148096000,
        "weightedAverageShsOutDil": 148096000,
        "link": "https://www.sec.gov/Archives/edgar/data/766421/000119312508034506/0001193125-08-034506-index.htm",
        "finalLink": "https://www.sec.gov/Archives/edgar/data/766421/000119312508034506/d10k.htm"
    },
    {
        "date": "2007-09-30",
        "symbol": "ALK",
        "reportedCurrency": "USD",
        "cik": "0000766421",
        "fillingDate": "2007-11-07",
        "acceptedDate": "2007-11-07 09:06:19",
        "calendarYear": "2007",
        "period": "Q3",
        "revenue": 995100000,
        "costOfRevenue": 617900000,
        "grossProfit": 377200000,
        "grossProfitRatio": 0.3790573812,
        "researchAndDevelopmentExpenses": 0,
        "generalAndAdministrativeExpenses": 143700000,
        "sellingAndMarketingExpenses": 42700000,
        "sellingGeneralAndAdministrativeExpenses": 186400000,
        "otherExpenses": 764800000,
        "operatingExpenses": 951200000,
        "costAndExpenses": 1569100000,
        "interestIncome": 13800000,
        "interestExpense": 15700000,
        "depreciationAndAmortization": 46600000,
        "ebitda": 197100000,
        "ebitdaratio": 0.1980705457,
        "operatingIncome": 143300000,
        "operatingIncomeRatio": 0.1440056276,
        "totalOtherIncomeExpensesNet": 4100000,
        "incomeBeforeTax": 141100000,
        "incomeBeforeTaxRatio": 0.1417947945,
        "incomeTaxExpense": 55300000,
        "netIncome": 81800000,
        "netIncomeRatio": 0.0822027937,
        "eps": 0.51,
        "epsdiluted": 0.5,
        "weightedAverageShsOut": 161932000,
        "weightedAverageShsOutDil": 163100000,
        "link": "https://www.sec.gov/Archives/edgar/data/766421/000119312507237778/0001193125-07-237778-index.htm",
        "finalLink": "https://www.sec.gov/Archives/edgar/data/766421/000119312507237778/d10q.htm"
    },
    {
        "date": "2007-06-30",
        "symbol": "ALK",
        "reportedCurrency": "USD",
        "cik": "0000766421",
        "fillingDate": "2007-08-07",
        "acceptedDate": "2007-08-07 12:54:30",
        "calendarYear": "2007",
        "period": "Q2",
        "revenue": 904400000,
        "costOfRevenue": 598900000,
        "grossProfit": 305500000,
        "grossProfitRatio": 0.3377930119,
        "researchAndDevelopmentExpenses": 0,
        "generalAndAdministrativeExpenses": 141000000,
        "sellingAndMarketingExpenses": 41100000,
        "sellingGeneralAndAdministrativeExpenses": 182100000,
        "otherExpenses": 742100000,
        "operatingExpenses": 924200000,
        "costAndExpenses": 1523100000,
        "interestIncome": 14800000,
        "interestExpense": 22500000,
        "depreciationAndAmortization": 43800000,
        "ebitda": 141300000,
        "ebitdaratio": 0.1562361787,
        "operatingIncome": 77700000,
        "operatingIncomeRatio": 0.0859133127,
        "totalOtherIncomeExpensesNet": -2700000,
        "incomeBeforeTax": 75000000,
        "incomeBeforeTaxRatio": 0.082927908,
        "incomeTaxExpense": 28900000,
        "netIncome": 46100000,
        "netIncomeRatio": 0.0509730208,
        "eps": 0.28,
        "epsdiluted": 0.28,
        "weightedAverageShsOut": 161800000,
        "weightedAverageShsOutDil": 163128000,
        "link": "https://www.sec.gov/Archives/edgar/data/766421/000119312507173372/0001193125-07-173372-index.htm",
        "finalLink": "https://www.sec.gov/Archives/edgar/data/766421/000119312507173372/d10q.htm"
    },
    {
        "date": "2007-03-31",
        "symbol": "ALK",
        "reportedCurrency": "USD",
        "cik": "0000766421",
        "fillingDate": "2007-05-08",
        "acceptedDate": "2007-05-08 15:16:06",
        "calendarYear": "2007",
        "period": "Q1",
        "revenue": 759400000,
        "costOfRevenue": 489200000,
        "grossProfit": 270200000,
        "grossProfitRatio": 0.3558072162,
        "researchAndDevelopmentExpenses": 0,
        "generalAndAdministrativeExpenses": 97600000,
        "sellingAndMarketingExpenses": 39000000,
        "sellingGeneralAndAdministrativeExpenses": 136600000,
        "otherExpenses": 735900000,
        "operatingExpenses": 872500000,
        "costAndExpenses": 1361700000,
        "interestIncome": 1000000,
        "interestExpense": 13900000,
        "depreciationAndAmortization": 41900000,
        "ebitda": -1700000,
        "ebitdaratio": -0.0022386094,
        "operatingIncome": -18100000,
        "operatingIncomeRatio": -0.0238346063,
        "totalOtherIncomeExpensesNet": 300000,
        "incomeBeforeTax": -17800000,
        "incomeBeforeTaxRatio": -0.0234395575,
        "incomeTaxExpense": -7500000,
        "netIncome": -10300000,
        "netIncomeRatio": -0.0135633395,
        "eps": -0.0638,
        "epsdiluted": -0.0638,
        "weightedAverageShsOut": 161460000,
        "weightedAverageShsOutDil": 161460000,
        "link": "https://www.sec.gov/Archives/edgar/data/766421/000119312507105919/0001193125-07-105919-index.htm",
        "finalLink": "https://www.sec.gov/Archives/edgar/data/766421/000119312507105919/d10q.htm"
    },
    {
        "date": "2006-12-31",
        "symbol": "ALK",
        "reportedCurrency": "USD",
        "cik": "0000766421",
        "fillingDate": "2007-02-23",
        "acceptedDate": "2007-02-23 16:35:55",
        "calendarYear": "2006",
        "period": "Q4",
        "revenue": 790300000,
        "costOfRevenue": -599400000,
        "grossProfit": 1389700000,
        "grossProfitRatio": 1.7584461597,
        "researchAndDevelopmentExpenses": 0,
        "generalAndAdministrativeExpenses": 703100000,
        "sellingAndMarketingExpenses": 36700000,
        "sellingGeneralAndAdministrativeExpenses": 739800000,
        "otherExpenses": -1905500000,
        "operatingExpenses": -1165700000,
        "costAndExpenses": -1765100000,
        "interestIncome": 0,
        "interestExpense": 0,
        "depreciationAndAmortization": 43400000,
        "ebitda": 1858400000,
        "ebitdaratio": 2.351512084,
        "operatingIncome": -18200000,
        "operatingIncomeRatio": -0.0230292294,
        "totalOtherIncomeExpensesNet": 1600000,
        "incomeBeforeTax": -16600000,
        "incomeBeforeTaxRatio": -0.0210046818,
        "incomeTaxExpense": 65400000,
        "netIncome": -11600000,
        "netIncomeRatio": -0.0146779704,
        "eps": -0.0721,
        "epsdiluted": -0.0718,
        "weightedAverageShsOut": 160960000,
        "weightedAverageShsOutDil": 161460000,
        "link": "https://www.sec.gov/Archives/edgar/data/766421/000119312507038398/0001193125-07-038398-index.htm",
        "finalLink": "https://www.sec.gov/Archives/edgar/data/766421/000119312507038398/d10k.htm"
    },
    {
        "date": "2006-09-30",
        "symbol": "ALK",
        "reportedCurrency": "USD",
        "cik": "0000766421",
        "fillingDate": "2006-11-03",
        "acceptedDate": "2006-11-03 14:13:36",
        "calendarYear": "2006",
        "period": "Q3",
        "revenue": 935700000,
        "costOfRevenue": 640700000,
        "grossProfit": 295000000,
        "grossProfitRatio": 0.3152719889,
        "researchAndDevelopmentExpenses": 0,
        "generalAndAdministrativeExpenses": 89700000,
        "sellingAndMarketingExpenses": 44700000,
        "sellingGeneralAndAdministrativeExpenses": 134400000,
        "otherExpenses": 835100000,
        "operatingExpenses": 969500000,
        "costAndExpenses": 1610200000,
        "interestIncome": 0,
        "interestExpense": 0,
        "depreciationAndAmortization": 40500000,
        "ebitda": 16500000,
        "ebitdaratio": 0.017633857,
        "operatingIncome": -24000000,
        "operatingIncomeRatio": -0.0256492466,
        "totalOtherIncomeExpensesNet": 1100000,
        "incomeBeforeTax": -22900000,
        "incomeBeforeTaxRatio": -0.0244736561,
        "incomeTaxExpense": -5500000,
        "netIncome": -17400000,
        "netIncomeRatio": -0.0185957038,
        "eps": -0.11,
        "epsdiluted": -0.11,
        "weightedAverageShsOut": 159816000,
        "weightedAverageShsOutDil": 159816000,
        "link": "https://www.sec.gov/Archives/edgar/data/766421/000119312506223467/0001193125-06-223467-index.htm",
        "finalLink": "https://www.sec.gov/Archives/edgar/data/766421/000119312506223467/d10q.htm"
    },
    {
        "date": "2006-06-30",
        "symbol": "ALK",
        "reportedCurrency": "USD",
        "cik": "0000766421",
        "fillingDate": "2006-08-08",
        "acceptedDate": "2006-08-08 16:09:21",
        "calendarYear": "2006",
        "period": "Q2",
        "revenue": 873000000,
        "costOfRevenue": 559100000,
        "grossProfit": 313900000,
        "grossProfitRatio": 0.3595647194,
        "researchAndDevelopmentExpenses": 0,
        "generalAndAdministrativeExpenses": 137700000,
        "sellingAndMarketingExpenses": 46400000,
        "sellingGeneralAndAdministrativeExpenses": 184100000,
        "otherExpenses": 703100000,
        "operatingExpenses": 887200000,
        "costAndExpenses": 1446300000,
        "interestIncome": 0,
        "interestExpense": 0,
        "depreciationAndAmortization": 36700000,
        "ebitda": 116800000,
        "ebitdaratio": 0.1337915235,
        "operatingIncome": 80100000,
        "operatingIncomeRatio": 0.0917525773,
        "totalOtherIncomeExpensesNet": 1000000,
        "incomeBeforeTax": 81100000,
        "incomeBeforeTaxRatio": 0.0928980527,
        "incomeTaxExpense": 25600000,
        "netIncome": 55500000,
        "netIncomeRatio": 0.0635738832,
        "eps": 0.37,
        "epsdiluted": 0.35,
        "weightedAverageShsOut": 152112000,
        "weightedAverageShsOutDil": 160304000,
        "link": "https://www.sec.gov/Archives/edgar/data/766421/000119312506165687/0001193125-06-165687-index.htm",
        "finalLink": "https://www.sec.gov/Archives/edgar/data/766421/000119312506165687/d10q.htm"
    },
    {
        "date": "2006-03-31",
        "symbol": "ALK",
        "reportedCurrency": "USD",
        "cik": "0000766421",
        "fillingDate": "2006-05-05",
        "acceptedDate": "2006-05-05 06:05:20",
        "calendarYear": "2006",
        "period": "Q1",
        "revenue": 735400000,
        "costOfRevenue": 463700000,
        "grossProfit": 271700000,
        "grossProfitRatio": 0.3694587979,
        "researchAndDevelopmentExpenses": 0,
        "generalAndAdministrativeExpenses": 132300000,
        "sellingAndMarketingExpenses": 40000000,
        "sellingGeneralAndAdministrativeExpenses": 172300000,
        "otherExpenses": 652800000,
        "operatingExpenses": 825100000,
        "costAndExpenses": 1288800000,
        "interestIncome": 0,
        "interestExpense": 0,
        "depreciationAndAmortization": 36900000,
        "ebitda": -88300000,
        "ebitdaratio": -0.1200707098,
        "operatingIncome": -125200000,
        "operatingIncomeRatio": -0.1702474844,
        "totalOtherIncomeExpensesNet": -5100000,
        "incomeBeforeTax": -129400000,
        "incomeBeforeTaxRatio": -0.175958662,
        "incomeTaxExpense": -50300000,
        "netIncome": -79100000,
        "netIncomeRatio": -0.1075605113,
        "eps": -0.59,
        "epsdiluted": -0.59,
        "weightedAverageShsOut": 133856000,
        "weightedAverageShsOutDil": 133856000,
        "link": "https://www.sec.gov/Archives/edgar/data/766421/000119312506100954/0001193125-06-100954-index.htm",
        "finalLink": "https://www.sec.gov/Archives/edgar/data/766421/000119312506100954/d10q.htm"
    },
    {
        "date": "2005-12-31",
        "symbol": "ALK",
        "reportedCurrency": "USD",
        "cik": "0000766421",
        "fillingDate": "2006-02-17",
        "acceptedDate": "2006-02-17 09:01:40",
        "calendarYear": "2005",
        "period": "Q4",
        "revenue": 730600000,
        "costOfRevenue": 549700000,
        "grossProfit": 180900000,
        "grossProfitRatio": 0.2476047085,
        "researchAndDevelopmentExpenses": 0,
        "generalAndAdministrativeExpenses": 135100000,
        "sellingAndMarketingExpenses": 38200000,
        "sellingGeneralAndAdministrativeExpenses": 173300000,
        "otherExpenses": 850100000,
        "operatingExpenses": 1023400000,
        "costAndExpenses": 1573100000,
        "interestIncome": 0,
        "interestExpense": 0,
        "depreciationAndAmortization": 37600000,
        "ebitda": -804900000,
        "ebitdaratio": -1.1016972351,
        "operatingIncome": -25800000,
        "operatingIncomeRatio": -0.035313441,
        "totalOtherIncomeExpensesNet": -30500000,
        "incomeBeforeTax": -56300000,
        "incomeBeforeTaxRatio": -0.0770599507,
        "incomeTaxExpense": -23300000,
        "netIncome": -33000000,
        "netIncomeRatio": -0.0451683548,
        "eps": -0.25,
        "epsdiluted": -0.25,
        "weightedAverageShsOut": 133856000,
        "weightedAverageShsOutDil": 133856000,
        "link": "https://www.sec.gov/Archives/edgar/data/766421/000119312506034170/0001193125-06-034170-index.htm",
        "finalLink": "https://www.sec.gov/Archives/edgar/data/766421/000119312506034170/d10k.htm"
    },
    {
        "date": "2005-09-30",
        "symbol": "ALK",
        "reportedCurrency": "USD",
        "cik": "0000766421",
        "fillingDate": "2005-11-09",
        "acceptedDate": "2005-11-09 12:37:37",
        "calendarYear": "2005",
        "period": "Q3",
        "revenue": 845700000,
        "costOfRevenue": 554100000,
        "grossProfit": 291600000,
        "grossProfitRatio": 0.3448031217,
        "researchAndDevelopmentExpenses": 0,
        "generalAndAdministrativeExpenses": 130100000,
        "sellingAndMarketingExpenses": 44300000,
        "sellingGeneralAndAdministrativeExpenses": 174400000,
        "otherExpenses": 681800000,
        "operatingExpenses": 856200000,
        "costAndExpenses": 1410300000,
        "interestIncome": 0,
        "interestExpense": 0,
        "depreciationAndAmortization": 36300000,
        "ebitda": 189400000,
        "ebitdaratio": 0.2239564858,
        "operatingIncome": 90200000,
        "operatingIncomeRatio": 0.106657207,
        "totalOtherIncomeExpensesNet": -62900000,
        "incomeBeforeTax": 146800000,
        "incomeBeforeTaxRatio": 0.1735840132,
        "incomeTaxExpense": 56600000,
        "netIncome": 90200000,
        "netIncomeRatio": 0.106657207,
        "eps": 0.82,
        "epsdiluted": 0.68,
        "weightedAverageShsOut": 110008000,
        "weightedAverageShsOutDil": 135428000,
        "link": "https://www.sec.gov/Archives/edgar/data/766421/000119312505221126/0001193125-05-221126-index.htm",
        "finalLink": "https://www.sec.gov/Archives/edgar/data/766421/000119312505221126/d10q.htm"
    },
    {
        "date": "2005-06-30",
        "symbol": "ALK",
        "reportedCurrency": "USD",
        "cik": "0000766421",
        "fillingDate": "2005-08-05",
        "acceptedDate": "2005-08-05 16:39:40",
        "calendarYear": "2005",
        "period": "Q2",
        "revenue": 756500000,
        "costOfRevenue": 531200000,
        "grossProfit": 225300000,
        "grossProfitRatio": 0.2978189028,
        "researchAndDevelopmentExpenses": 0,
        "generalAndAdministrativeExpenses": 133700000,
        "sellingAndMarketingExpenses": 0,
        "sellingGeneralAndAdministrativeExpenses": 133700000,
        "otherExpenses": 697900000,
        "operatingExpenses": 831600000,
        "costAndExpenses": 1362800000,
        "interestIncome": 0,
        "interestExpense": 0,
        "depreciationAndAmortization": 35300000,
        "ebitda": 32300000,
        "ebitdaratio": 0.0426966292,
        "operatingIncome": 9100000,
        "operatingIncomeRatio": 0.0120290813,
        "totalOtherIncomeExpensesNet": -6900000,
        "incomeBeforeTax": 29700000,
        "incomeBeforeTaxRatio": 0.0392597488,
        "incomeTaxExpense": 12300000,
        "netIncome": 17400000,
        "netIncomeRatio": 0.0230006609,
        "eps": 0.16,
        "epsdiluted": 0.14,
        "weightedAverageShsOut": 108800000,
        "weightedAverageShsOutDil": 133092000,
        "link": "https://www.sec.gov/Archives/edgar/data/766421/000095012405004737/0000950124-05-004737-index.htm",
        "finalLink": "https://www.sec.gov/Archives/edgar/data/766421/000095012405004737/v11316e10vq.htm"
    },
    {
        "date": "2005-03-31",
        "symbol": "ALK",
        "reportedCurrency": "USD",
        "cik": "0000766421",
        "fillingDate": "2005-05-06",
        "acceptedDate": "2005-05-06 16:34:42",
        "calendarYear": "2005",
        "period": "Q1",
        "revenue": 642500000,
        "costOfRevenue": 498000000,
        "grossProfit": 144500000,
        "grossProfitRatio": 0.2249027237,
        "researchAndDevelopmentExpenses": 0,
        "generalAndAdministrativeExpenses": 128900000,
        "sellingAndMarketingExpenses": 0,
        "sellingGeneralAndAdministrativeExpenses": 128900000,
        "otherExpenses": 685400000,
        "operatingExpenses": 814300000,
        "costAndExpenses": 1312300000,
        "interestIncome": 0,
        "interestExpense": 0,
        "depreciationAndAmortization": 34200000,
        "ebitda": 61500000,
        "ebitdaratio": 0.0957198444,
        "operatingIncome": -80900000,
        "operatingIncomeRatio": -0.1259143969,
        "totalOtherIncomeExpensesNet": 975710000,
        "incomeBeforeTax": 17000000,
        "incomeBeforeTaxRatio": 0.026459144,
        "incomeTaxExpense": 7100000,
        "netIncome": -80500000,
        "netIncomeRatio": -0.1252918288,
        "eps": -0.74,
        "epsdiluted": -0.61,
        "weightedAverageShsOut": 108588000,
        "weightedAverageShsOutDil": 132632000,
        "link": "https://www.sec.gov/Archives/edgar/data/766421/000089102005000145/0000891020-05-000145-index.htm",
        "finalLink": "https://www.sec.gov/Archives/edgar/data/766421/000089102005000145/v08737e10vq.htm"
    },
    {
        "date": "2004-12-31",
        "symbol": "ALK",
        "reportedCurrency": "USD",
        "cik": "0000766421",
        "fillingDate": "2005-02-25",
        "acceptedDate": "2005-02-24 19:34:32",
        "calendarYear": "2004",
        "period": "Q4",
        "revenue": 652900000,
        "costOfRevenue": 1164000000,
        "grossProfit": -511100000,
        "grossProfitRatio": -0.7828151325,
        "researchAndDevelopmentExpenses": 0,
        "generalAndAdministrativeExpenses": 121500000,
        "sellingAndMarketingExpenses": 0,
        "sellingGeneralAndAdministrativeExpenses": 121500000,
        "otherExpenses": 1050400000,
        "operatingExpenses": 1171900000,
        "costAndExpenses": 2335900000,
        "interestIncome": 0,
        "interestExpense": 0,
        "depreciationAndAmortization": 51100000,
        "ebitda": -188200000,
        "ebitdaratio": -0.2882524123,
        "operatingIncome": -65900000,
        "operatingIncomeRatio": -0.1009342932,
        "totalOtherIncomeExpensesNet": -15400000,
        "incomeBeforeTax": -81300000,
        "incomeBeforeTaxRatio": -0.1245213662,
        "incomeTaxExpense": -31200000,
        "netIncome": -50100000,
        "netIncomeRatio": -0.0767345688,
        "eps": -0.46,
        "epsdiluted": -0.38,
        "weightedAverageShsOut": 108588000,
        "weightedAverageShsOutDil": 132632000,
        "link": "https://www.sec.gov/Archives/edgar/data/766421/000095012405001049/0000950124-05-001049-index.htm",
        "finalLink": "https://www.sec.gov/Archives/edgar/data/766421/000095012405001049/v05863e10vk.htm"
    },
    {
        "date": "2004-09-30",
        "symbol": "ALK",
        "reportedCurrency": "USD",
        "cik": "0000766421",
        "fillingDate": "2004-11-09",
        "acceptedDate": "2004-11-09 16:29:56",
        "calendarYear": "2004",
        "period": "Q3",
        "revenue": 773800000,
        "costOfRevenue": 243100000,
        "grossProfit": 530700000,
        "grossProfitRatio": 0.6858361334,
        "researchAndDevelopmentExpenses": 0,
        "generalAndAdministrativeExpenses": 115900000,
        "sellingAndMarketingExpenses": 0,
        "sellingGeneralAndAdministrativeExpenses": 115900000,
        "otherExpenses": 511500000,
        "operatingExpenses": 627400000,
        "costAndExpenses": 870500000,
        "interestIncome": 0,
        "interestExpense": 0,
        "depreciationAndAmortization": 48900000,
        "ebitda": 81400000,
        "ebitdaratio": 0.1051951409,
        "operatingIncome": 65200000,
        "operatingIncomeRatio": 0.0842594986,
        "totalOtherIncomeExpensesNet": 70800000,
        "incomeBeforeTax": 127600000,
        "incomeBeforeTaxRatio": 0.1649004911,
        "incomeTaxExpense": 48400000,
        "netIncome": 74000000,
        "netIncomeRatio": 0.0956319462,
        "eps": 0.69,
        "epsdiluted": 0.57,
        "weightedAverageShsOut": 107448000,
        "weightedAverageShsOutDil": 130524000,
        "link": "https://www.sec.gov/Archives/edgar/data/766421/000095012404005473/0000950124-04-005473-index.htm",
        "finalLink": "https://www.sec.gov/Archives/edgar/data/766421/000095012404005473/v03186e10vq.htm"
    },
    {
        "date": "2004-06-30",
        "symbol": "ALK",
        "reportedCurrency": "USD",
        "cik": "0000766421",
        "fillingDate": "2004-08-09",
        "acceptedDate": "2004-08-09 15:36:50",
        "calendarYear": "2004",
        "period": "Q2",
        "revenue": 698700000,
        "costOfRevenue": 445700000,
        "grossProfit": 253000000,
        "grossProfitRatio": 0.3621010448,
        "researchAndDevelopmentExpenses": 0,
        "generalAndAdministrativeExpenses": 125800000,
        "sellingAndMarketingExpenses": 0,
        "sellingGeneralAndAdministrativeExpenses": 125800000,
        "otherExpenses": 647700000,
        "operatingExpenses": 773500000,
        "costAndExpenses": 1219200000,
        "interestIncome": 0,
        "interestExpense": 0,
        "depreciationAndAmortization": 50400000,
        "ebitda": 8800000,
        "ebitdaratio": 0.0125948189,
        "operatingIncome": -20600000,
        "operatingIncomeRatio": -0.0294833262,
        "totalOtherIncomeExpensesNet": 19900000,
        "incomeBeforeTax": -700000,
        "incomeBeforeTaxRatio": -0.0010018606,
        "incomeTaxExpense": 1000000,
        "netIncome": -1700000,
        "netIncomeRatio": -0.00243309,
        "eps": -0.0158,
        "epsdiluted": -0.0158,
        "weightedAverageShsOut": 107272000,
        "weightedAverageShsOutDil": 107272000,
        "link": "https://www.sec.gov/Archives/edgar/data/766421/000095012404003681/0000950124-04-003681-index.htm",
        "finalLink": "https://www.sec.gov/Archives/edgar/data/766421/000095012404003681/v01052e10vq.htm"
    },
    {
        "date": "2004-03-31",
        "symbol": "ALK",
        "reportedCurrency": "USD",
        "cik": "0000766421",
        "fillingDate": "2004-05-11",
        "acceptedDate": "2004-05-11 06:34:04",
        "calendarYear": "2004",
        "period": "Q1",
        "revenue": 598400000,
        "costOfRevenue": 427900000,
        "grossProfit": 170500000,
        "grossProfitRatio": 0.2849264706,
        "researchAndDevelopmentExpenses": 0,
        "generalAndAdministrativeExpenses": 117700000,
        "sellingAndMarketingExpenses": 0,
        "sellingGeneralAndAdministrativeExpenses": 117700000,
        "otherExpenses": 627000000,
        "operatingExpenses": 744700000,
        "costAndExpenses": 1172600000,
        "interestIncome": 0,
        "interestExpense": 0,
        "depreciationAndAmortization": 54800000,
        "ebitda": -23230000.000000004,
        "ebitdaratio": -0.0388201872,
        "operatingIncome": -58500000,
        "operatingIncomeRatio": -0.0977606952,
        "totalOtherIncomeExpensesNet": -7700000,
        "incomeBeforeTax": -66200000,
        "incomeBeforeTaxRatio": -0.1106283422,
        "incomeTaxExpense": -23500000,
        "netIncome": -42700000,
        "netIncomeRatio": -0.0713569519,
        "eps": -0.4,
        "epsdiluted": -0.4,
        "weightedAverageShsOut": 107112000,
        "weightedAverageShsOutDil": 107112000,
        "link": "https://www.sec.gov/Archives/edgar/data/766421/000095012404002220/0000950124-04-002220-index.htm",
        "finalLink": "https://www.sec.gov/Archives/edgar/data/766421/000095012404002220/v98896e10vq.htm"
    },
    {
        "date": "2003-12-31",
        "symbol": "ALK",
        "reportedCurrency": "USD",
        "cik": "0000766421",
        "fillingDate": "2004-03-11",
        "acceptedDate": "2004-03-11 06:02:17",
        "calendarYear": "2003",
        "period": "Q4",
        "revenue": 613300000,
        "costOfRevenue": 406900000,
        "grossProfit": 206400000,
        "grossProfitRatio": 0.3365400293,
        "researchAndDevelopmentExpenses": 0,
        "generalAndAdministrativeExpenses": 107300000,
        "sellingAndMarketingExpenses": -51400000,
        "sellingGeneralAndAdministrativeExpenses": 31000000,
        "otherExpenses": 690700000,
        "operatingExpenses": 721700000,
        "costAndExpenses": 1128600000,
        "interestIncome": 0,
        "interestExpense": 0,
        "depreciationAndAmortization": 56200000,
        "ebitda": -163900000,
        "ebitdaratio": -0.2672427849,
        "operatingIncome": -15300000,
        "operatingIncomeRatio": -0.024947008,
        "totalOtherIncomeExpensesNet": -8800000,
        "incomeBeforeTax": -24100000,
        "incomeBeforeTaxRatio": -0.0392956139,
        "incomeTaxExpense": -8000000,
        "netIncome": -16100000,
        "netIncomeRatio": -0.0262514267,
        "eps": -0.15,
        "epsdiluted": -0.15,
        "weightedAverageShsOut": 106916000,
        "weightedAverageShsOutDil": 107112000,
        "link": "https://www.sec.gov/Archives/edgar/data/766421/000089102004000322/0000891020-04-000322-index.htm",
        "finalLink": "https://www.sec.gov/Archives/edgar/data/766421/000089102004000322/v96770e10vk.htm"
    },
    {
        "date": "2003-09-30",
        "symbol": "ALK",
        "reportedCurrency": "USD",
        "cik": "0000766421",
        "fillingDate": "2003-11-14",
        "acceptedDate": "2003-11-14 12:24:37",
        "calendarYear": "2003",
        "period": "Q3",
        "revenue": 702200000,
        "costOfRevenue": 409100000,
        "grossProfit": 293100000,
        "grossProfitRatio": 0.4174024494,
        "researchAndDevelopmentExpenses": 0,
        "generalAndAdministrativeExpenses": 121500000,
        "sellingAndMarketingExpenses": 26900000,
        "sellingGeneralAndAdministrativeExpenses": 148400000,
        "otherExpenses": 567500000,
        "operatingExpenses": 715900000,
        "costAndExpenses": 1125000000,
        "interestIncome": 0,
        "interestExpense": 0,
        "depreciationAndAmortization": 47700000,
        "ebitda": 88900000,
        "ebitdaratio": 0.1266021077,
        "operatingIncome": 78800000,
        "operatingIncomeRatio": 0.1122187411,
        "totalOtherIncomeExpensesNet": -8500000,
        "incomeBeforeTax": 68200000,
        "incomeBeforeTaxRatio": 0.0971233267,
        "incomeTaxExpense": 27500000,
        "netIncome": 40700000,
        "netIncomeRatio": 0.057960695,
        "eps": 0.38,
        "epsdiluted": 0.38,
        "weightedAverageShsOut": 106640000,
        "weightedAverageShsOutDil": 107184000,
        "link": "https://www.sec.gov/Archives/edgar/data/766421/000089102003002736/0000891020-03-002736-index.htm",
        "finalLink": "https://www.sec.gov/Archives/edgar/data/766421/000089102003002736/v93875e10vq.htm"
    },
    {
        "date": "2003-06-30",
        "symbol": "ALK",
        "reportedCurrency": "USD",
        "cik": "0000766421",
        "fillingDate": "2003-08-11",
        "acceptedDate": "2003-08-11 16:45:26",
        "calendarYear": "2003",
        "period": "Q2",
        "revenue": 609100000,
        "costOfRevenue": 395100000,
        "grossProfit": 214000000,
        "grossProfitRatio": 0.3513380397,
        "researchAndDevelopmentExpenses": 0,
        "generalAndAdministrativeExpenses": 116000000,
        "sellingAndMarketingExpenses": 25500000,
        "sellingGeneralAndAdministrativeExpenses": 141500000,
        "otherExpenses": 551700000,
        "operatingExpenses": 693200000,
        "costAndExpenses": 1088300000,
        "interestIncome": 0,
        "interestExpense": 0,
        "depreciationAndAmortization": 50700000,
        "ebitda": 51300000,
        "ebitdaratio": 0.0842226235,
        "operatingIncome": 4000000,
        "operatingIncomeRatio": 0.0065670662,
        "totalOtherIncomeExpensesNet": 68800000,
        "incomeBeforeTax": 72800000,
        "incomeBeforeTaxRatio": 0.1195206042,
        "incomeTaxExpense": 27600000,
        "netIncome": 45200000,
        "netIncomeRatio": 0.0742078476,
        "eps": 0.43,
        "epsdiluted": 0.42,
        "weightedAverageShsOut": 106472000,
        "weightedAverageShsOutDil": 106476000,
        "link": "https://www.sec.gov/Archives/edgar/data/766421/000089102003002095/0000891020-03-002095-index.htm",
        "finalLink": "https://www.sec.gov/Archives/edgar/data/766421/000089102003002095/v91784e10vq.htm"
    },
    {
        "date": "2003-03-31",
        "symbol": "ALK",
        "reportedCurrency": "USD",
        "cik": "0000766421",
        "fillingDate": "2003-05-15",
        "acceptedDate": "2003-05-15 16:35:09",
        "calendarYear": "2003",
        "period": "Q1",
        "revenue": 518700000,
        "costOfRevenue": 391200000,
        "grossProfit": 127500000,
        "grossProfitRatio": 0.2458068248,
        "researchAndDevelopmentExpenses": 0,
        "generalAndAdministrativeExpenses": 113000000,
        "sellingAndMarketingExpenses": 23900000,
        "sellingGeneralAndAdministrativeExpenses": 136900000,
        "otherExpenses": 544300000,
        "operatingExpenses": 681200000,
        "costAndExpenses": 1072400000,
        "interestIncome": 0,
        "interestExpense": 0,
        "depreciationAndAmortization": 47600000,
        "ebitda": -37930000,
        "ebitdaratio": -0.0731251205,
        "operatingIncome": -78600000,
        "operatingIncomeRatio": -0.1515326778,
        "totalOtherIncomeExpensesNet": -9300000,
        "incomeBeforeTax": -87900000,
        "incomeBeforeTaxRatio": -0.1694621168,
        "incomeTaxExpense": -31600000,
        "netIncome": -56300000,
        "netIncomeRatio": -0.1085405822,
        "eps": -0.53,
        "epsdiluted": -0.53,
        "weightedAverageShsOut": 106328000,
        "weightedAverageShsOutDil": 106328000,
        "link": "https://www.sec.gov/Archives/edgar/data/766421/000089102003001622/0000891020-03-001622-index.htm",
        "finalLink": "https://www.sec.gov/Archives/edgar/data/766421/000089102003001622/v90234e10vq.htm"
    },
    {
        "date": "2002-12-31",
        "symbol": "ALK",
        "reportedCurrency": "USD",
        "cik": "0000766421",
        "fillingDate": "2003-03-12",
        "acceptedDate": "2003-03-11 21:38:38",
        "calendarYear": "2002",
        "period": "Q4",
        "revenue": 527300000,
        "costOfRevenue": 388100000,
        "grossProfit": 139200000,
        "grossProfitRatio": 0.2639863455,
        "researchAndDevelopmentExpenses": 0,
        "generalAndAdministrativeExpenses": 113100000,
        "sellingAndMarketingExpenses": 24800000,
        "sellingGeneralAndAdministrativeExpenses": 137900000,
        "otherExpenses": 529200000,
        "operatingExpenses": 667100000,
        "costAndExpenses": 1055200000,
        "interestIncome": 0,
        "interestExpense": 0,
        "depreciationAndAmortization": 46600000,
        "ebitda": -28900000,
        "ebitdaratio": -0.05480751,
        "operatingIncome": -54600000,
        "operatingIncomeRatio": -0.1035463683,
        "totalOtherIncomeExpensesNet": -21700000,
        "incomeBeforeTax": -58700000,
        "incomeBeforeTaxRatio": -0.1113218282,
        "incomeTaxExpense": -19500000,
        "netIncome": -90600000,
        "netIncomeRatio": -0.171818699,
        "eps": -0.85,
        "epsdiluted": -0.85,
        "weightedAverageShsOut": 106220000,
        "weightedAverageShsOutDil": 106328000,
        "link": "https://www.sec.gov/Archives/edgar/data/766421/000089102003000742/0000891020-03-000742-index.htm",
        "finalLink": "https://www.sec.gov/Archives/edgar/data/766421/000089102003000742/v88181e10vk.htm"
    },
    {
        "date": "2002-09-30",
        "symbol": "ALK",
        "reportedCurrency": "USD",
        "cik": "0000766421",
        "fillingDate": "2002-11-14",
        "acceptedDate": "2002-11-14 16:52:34",
        "calendarYear": "2002",
        "period": "Q3",
        "revenue": 620100000,
        "costOfRevenue": 383600000,
        "grossProfit": 236500000,
        "grossProfitRatio": 0.3813900984,
        "researchAndDevelopmentExpenses": 0,
        "generalAndAdministrativeExpenses": 115600000,
        "sellingAndMarketingExpenses": 25300000,
        "sellingGeneralAndAdministrativeExpenses": 140900000,
        "otherExpenses": 542000000,
        "operatingExpenses": 682900000,
        "costAndExpenses": 1066500000,
        "interestIncome": 0,
        "interestExpense": 0,
        "depreciationAndAmortization": 50200000,
        "ebitda": 23600000,
        "ebitdaratio": 0.0380583777,
        "operatingIncome": 23600000,
        "operatingIncomeRatio": 0.0380583777,
        "totalOtherIncomeExpensesNet": -4300000,
        "incomeBeforeTax": 16400000,
        "incomeBeforeTaxRatio": 0.0264473472,
        "incomeTaxExpense": 5800000,
        "netIncome": 12500000,
        "netIncomeRatio": 0.020158039,
        "eps": 0.12,
        "epsdiluted": 0.12,
        "weightedAverageShsOut": 105836000,
        "weightedAverageShsOutDil": 106248000,
        "link": "https://www.sec.gov/Archives/edgar/data/766421/000089102002001784/0000891020-02-001784-index.htm",
        "finalLink": "https://www.sec.gov/Archives/edgar/data/766421/000089102002001784/v85988e10vq.htm"
    },
    {
        "date": "2002-06-30",
        "symbol": "ALK",
        "reportedCurrency": "USD",
        "cik": "0000766421",
        "fillingDate": "2002-08-14",
        "acceptedDate": "2002-08-14 18:08:32",
        "calendarYear": "2002",
        "period": "Q2",
        "revenue": 574100000,
        "costOfRevenue": 372700000,
        "grossProfit": 201400000,
        "grossProfitRatio": 0.3508099634,
        "researchAndDevelopmentExpenses": 0,
        "generalAndAdministrativeExpenses": 116600000,
        "sellingAndMarketingExpenses": 22000000,
        "sellingGeneralAndAdministrativeExpenses": 138600000,
        "otherExpenses": 525100000,
        "operatingExpenses": 663700000,
        "costAndExpenses": 1036400000,
        "interestIncome": 0,
        "interestExpense": 0,
        "depreciationAndAmortization": 50500000,
        "ebitda": 26600000,
        "ebitdaratio": 0.0463333914,
        "operatingIncome": -6800000,
        "operatingIncomeRatio": -0.0118446264,
        "totalOtherIncomeExpensesNet": 300000,
        "incomeBeforeTax": -6500000,
        "incomeBeforeTaxRatio": -0.0113220693,
        "incomeTaxExpense": -2000000,
        "netIncome": -4500000,
        "netIncomeRatio": -0.0078383557,
        "eps": -0.0424,
        "epsdiluted": -0.0424,
        "weightedAverageShsOut": 106192000,
        "weightedAverageShsOutDil": 106192000,
        "link": "https://www.sec.gov/Archives/edgar/data/766421/000089102002001258/0000891020-02-001258-index.htm",
        "finalLink": "https://www.sec.gov/Archives/edgar/data/766421/000089102002001258/v83793e10vq.htm"
    },
    {
        "date": "2002-03-31",
        "symbol": "ALK",
        "reportedCurrency": "USD",
        "cik": "0000766421",
        "fillingDate": "2002-05-02",
        "acceptedDate": "2002-05-01 20:29:09",
        "calendarYear": "2002",
        "period": "Q1",
        "revenue": 496900000,
        "costOfRevenue": 346600000,
        "grossProfit": 150300000,
        "grossProfitRatio": 0.3024753472,
        "researchAndDevelopmentExpenses": 0,
        "generalAndAdministrativeExpenses": 111800000,
        "sellingAndMarketingExpenses": 17800000,
        "sellingGeneralAndAdministrativeExpenses": 129600000,
        "otherExpenses": 495300000,
        "operatingExpenses": 624900000,
        "costAndExpenses": 971500000,
        "interestIncome": 0,
        "interestExpense": 0,
        "depreciationAndAmortization": 47400000,
        "ebitda": -43500000,
        "ebitdaratio": -0.0875427651,
        "operatingIncome": -51400000,
        "operatingIncomeRatio": -0.1034413363,
        "totalOtherIncomeExpensesNet": -1000000,
        "incomeBeforeTax": -53400000,
        "incomeBeforeTaxRatio": -0.107466291,
        "incomeTaxExpense": -19000000,
        "netIncome": -34400000,
        "netIncomeRatio": -0.0692292212,
        "eps": -0.32,
        "epsdiluted": -0.32,
        "weightedAverageShsOut": 106128000,
        "weightedAverageShsOutDil": 106128000,
        "link": "https://www.sec.gov/Archives/edgar/data/766421/000089102002000570/0000891020-02-000570-index.htm",
        "finalLink": "https://www.sec.gov/Archives/edgar/data/766421/000089102002000570/v81210e10-q.htm"
    },
    {
        "date": "2001-12-31",
        "symbol": "ALK",
        "reportedCurrency": "USD",
        "cik": "0000766421",
        "fillingDate": "2002-03-01",
        "acceptedDate": "2002-03-01 00:00:00",
        "calendarYear": "2001",
        "period": "Q4",
        "revenue": 462200000,
        "costOfRevenue": 358800000,
        "grossProfit": 103400000,
        "grossProfitRatio": 0.2237126785,
        "researchAndDevelopmentExpenses": 0,
        "generalAndAdministrativeExpenses": 116300000,
        "sellingAndMarketingExpenses": 16100000,
        "sellingGeneralAndAdministrativeExpenses": 132400000,
        "otherExpenses": 465100000,
        "operatingExpenses": 597500000,
        "costAndExpenses": 956300000,
        "interestIncome": 0,
        "interestExpense": 0,
        "depreciationAndAmortization": 62900000,
        "ebitda": -431200000,
        "ebitdaratio": -0.9329294678,
        "operatingIncome": -96400000,
        "operatingIncomeRatio": -0.2085677196,
        "totalOtherIncomeExpensesNet": 43700000,
        "incomeBeforeTax": -52700000,
        "incomeBeforeTaxRatio": -0.1140199048,
        "incomeTaxExpense": -16300000,
        "netIncome": -36400000,
        "netIncomeRatio": -0.0787537862,
        "eps": -0.34,
        "epsdiluted": -0.34,
        "weightedAverageShsOut": 106116000,
        "weightedAverageShsOutDil": 106128000,
        "link": "https://www.sec.gov/Archives/edgar/data/766421/000107261302000411/0001072613-02-000411-index.htm",
        "finalLink": "https://www.sec.gov/Archives/edgar/data/766421/000107261302000411/form-10k_11090.htm"
    },
    {
        "date": "2001-09-30",
        "symbol": "ALK",
        "reportedCurrency": "USD",
        "cik": "0000766421",
        "fillingDate": "2001-11-09",
        "acceptedDate": "2001-11-09 00:00:00",
        "calendarYear": "2001",
        "period": "Q3",
        "revenue": 583400000,
        "costOfRevenue": 363900000,
        "grossProfit": 219500000,
        "grossProfitRatio": 0.3762427151,
        "researchAndDevelopmentExpenses": 0,
        "generalAndAdministrativeExpenses": 115000000,
        "sellingAndMarketingExpenses": 15800000,
        "sellingGeneralAndAdministrativeExpenses": 130800000,
        "otherExpenses": 548700000,
        "operatingExpenses": 679500000,
        "costAndExpenses": 1043400000,
        "interestIncome": 0,
        "interestExpense": 0,
        "depreciationAndAmortization": 42300000,
        "ebitda": 42600000,
        "ebitdaratio": 0.0730202263,
        "operatingIncome": 12800000,
        "operatingIncomeRatio": 0.0219403497,
        "totalOtherIncomeExpensesNet": 27100000,
        "incomeBeforeTax": 38300000,
        "incomeBeforeTaxRatio": 0.06564964,
        "incomeTaxExpense": 13000000,
        "netIncome": 26200000,
        "netIncomeRatio": 0.0449091532,
        "eps": 0.25,
        "epsdiluted": 0.25,
        "weightedAverageShsOut": 106056000,
        "weightedAverageShsOutDil": 106236000,
        "link": "https://www.sec.gov/Archives/edgar/data/766421/000107261301501034/0001072613-01-501034-index.htm",
        "finalLink": "https://www.sec.gov/Archives/edgar/data/766421/000107261301501034/form10q_10882.htm"
    },
    {
        "date": "2001-06-30",
        "symbol": "ALK",
        "reportedCurrency": "USD",
        "cik": "0000766421",
        "fillingDate": "2001-08-08",
        "acceptedDate": "2001-08-08 00:00:00",
        "calendarYear": "2001",
        "period": "Q2",
        "revenue": 579300000,
        "costOfRevenue": 369700000,
        "grossProfit": 209600000,
        "grossProfitRatio": 0.3618159848,
        "researchAndDevelopmentExpenses": 0,
        "generalAndAdministrativeExpenses": 114300000,
        "sellingAndMarketingExpenses": 16400000,
        "sellingGeneralAndAdministrativeExpenses": 130700000,
        "otherExpenses": 514300000,
        "operatingExpenses": 645000000,
        "costAndExpenses": 1014700000,
        "interestIncome": 0,
        "interestExpense": 0,
        "depreciationAndAmortization": 49400000,
        "ebitda": 35300000,
        "ebitdaratio": 0.0609356119,
        "operatingIncome": 11300000,
        "operatingIncomeRatio": 0.0195063007,
        "totalOtherIncomeExpensesNet": -4800000,
        "incomeBeforeTax": 8200000,
        "incomeBeforeTaxRatio": 0.0141550147,
        "incomeTaxExpense": 3500000,
        "netIncome": 4700000,
        "netIncomeRatio": 0.0081132401,
        "eps": 0.0444,
        "epsdiluted": 0.0443,
        "weightedAverageShsOut": 105924000,
        "weightedAverageShsOutDil": 106104000,
        "link": "https://www.sec.gov/Archives/edgar/data/766421/000110465901501164/0001104659-01-501164-index.htm",
        "finalLink": "https://www.sec.gov/Archives/edgar/data/766421/000110465901501164/j1222_10q.htm"
    },
    {
        "date": "2001-03-31",
        "symbol": "ALK",
        "reportedCurrency": "USD",
        "cik": "0000766421",
        "fillingDate": "2001-05-09",
        "acceptedDate": "2001-05-09 00:00:00",
        "calendarYear": "2001",
        "period": "Q1",
        "revenue": 516000000,
        "costOfRevenue": 370100000,
        "grossProfit": 145900000,
        "grossProfitRatio": 0.282751938,
        "researchAndDevelopmentExpenses": 0,
        "generalAndAdministrativeExpenses": 110800000,
        "sellingAndMarketingExpenses": 16400000,
        "sellingGeneralAndAdministrativeExpenses": 127200000,
        "otherExpenses": 512800000,
        "operatingExpenses": 640000000,
        "costAndExpenses": 1010100000,
        "interestIncome": 0,
        "interestExpense": 0,
        "depreciationAndAmortization": 50500000,
        "ebitda": -34690000,
        "ebitdaratio": -0.0672286822,
        "operatingIncome": -49500000,
        "operatingIncomeRatio": -0.0959302326,
        "totalOtherIncomeExpensesNet": -1800000,
        "incomeBeforeTax": -51300000,
        "incomeBeforeTaxRatio": -0.0994186047,
        "incomeTaxExpense": -18200000,
        "netIncome": -33100000,
        "netIncomeRatio": -0.0641472868,
        "eps": -0.31,
        "epsdiluted": -0.31,
        "weightedAverageShsOut": 105884000,
        "weightedAverageShsOutDil": 105884000,
        "link": "https://www.sec.gov/Archives/edgar/data/766421/000110465901500385/0001104659-01-500385-index.htm",
        "finalLink": "https://www.sec.gov/Archives/edgar/data/766421/000110465901500385/j0673_10q.htm"
    },
    {
        "date": "2000-12-31",
        "symbol": "ALK",
        "reportedCurrency": "USD",
        "cik": "0000766421",
        "fillingDate": "2001-02-14",
        "acceptedDate": "2001-02-14 00:00:00",
        "calendarYear": "2000",
        "period": "Q4",
        "revenue": 532400000,
        "costOfRevenue": 398300000,
        "grossProfit": 134100000,
        "grossProfitRatio": 0.251878287,
        "researchAndDevelopmentExpenses": 0,
        "generalAndAdministrativeExpenses": 112500000,
        "sellingAndMarketingExpenses": 17500000,
        "sellingGeneralAndAdministrativeExpenses": 130000000,
        "otherExpenses": 530900000,
        "operatingExpenses": 660900000,
        "costAndExpenses": 1059200000,
        "interestIncome": 0,
        "interestExpense": 0,
        "depreciationAndAmortization": 47800000,
        "ebitda": -124100000,
        "ebitdaratio": -0.233095417,
        "operatingIncome": -54300000,
        "operatingIncomeRatio": -0.1019909842,
        "totalOtherIncomeExpensesNet": 600000,
        "incomeBeforeTax": -53700000,
        "incomeBeforeTaxRatio": -0.100864012,
        "incomeTaxExpense": -24800000,
        "netIncome": -28900000,
        "netIncomeRatio": -0.0542824944,
        "eps": -0.27,
        "epsdiluted": -0.27,
        "weightedAverageShsOut": 105784000,
        "weightedAverageShsOutDil": 105884000,
        "link": "https://www.sec.gov/Archives/edgar/data/766421/000091205701005493/0000912057-01-005493-index.htm",
        "finalLink": "https://www.sec.gov/Archives/edgar/data/766421/000091205701005493/a2038282z10-k405.htm"
    },
    {
        "date": "2000-09-30",
        "symbol": "ALK",
        "reportedCurrency": "USD",
        "cik": "0000766421",
        "fillingDate": "2000-11-06",
        "acceptedDate": "2000-11-06 00:00:00",
        "calendarYear": "2000",
        "period": "Q3",
        "revenue": 602300000,
        "costOfRevenue": 374000000,
        "grossProfit": 228300000,
        "grossProfitRatio": 0.3790469866,
        "researchAndDevelopmentExpenses": 0,
        "generalAndAdministrativeExpenses": 110100000,
        "sellingAndMarketingExpenses": 15100000,
        "sellingGeneralAndAdministrativeExpenses": 125200000,
        "otherExpenses": 512900000,
        "operatingExpenses": 638100000,
        "costAndExpenses": 1012100000,
        "interestIncome": 0,
        "interestExpense": 0,
        "depreciationAndAmortization": 47200000,
        "ebitda": 57200000,
        "ebitdaratio": 0.0949692844,
        "operatingIncome": 37200000,
        "operatingIncomeRatio": 0.0617632409,
        "totalOtherIncomeExpensesNet": 1400000,
        "incomeBeforeTax": 38600000,
        "incomeBeforeTaxRatio": 0.064087664,
        "incomeTaxExpense": 22700000,
        "netIncome": 15900000,
        "netIncomeRatio": 0.0263988046,
        "eps": 0.15,
        "epsdiluted": 0.15,
        "weightedAverageShsOut": 105776000,
        "weightedAverageShsOutDil": 105960000,
        "link": "https://www.sec.gov/Archives/edgar/data/766421/000091205700047314/0000912057-00-047314-index.htm",
        "finalLink": "https://www.sec.gov/Archives/edgar/data/766421/000091205700047314/a2029453z10-q.htm"
    },
    {
        "date": "2000-06-30",
        "symbol": "ALK",
        "reportedCurrency": "USD",
        "cik": "0000766421",
        "fillingDate": "2000-08-10",
        "acceptedDate": "2000-08-10 00:00:00",
        "calendarYear": "2000",
        "period": "Q2",
        "revenue": 552800000,
        "costOfRevenue": 339900000,
        "grossProfit": 212900000,
        "grossProfitRatio": 0.385130246,
        "researchAndDevelopmentExpenses": 0,
        "generalAndAdministrativeExpenses": 105700000,
        "sellingAndMarketingExpenses": 11800000,
        "sellingGeneralAndAdministrativeExpenses": 117500000,
        "otherExpenses": 468800000,
        "operatingExpenses": 586300000,
        "costAndExpenses": 926200000,
        "interestIncome": 0,
        "interestExpense": 0,
        "depreciationAndAmortization": 40300000,
        "ebitda": -274600000,
        "ebitdaratio": -0.4967438495,
        "operatingIncome": 13100000,
        "operatingIncomeRatio": 0.0236975398,
        "totalOtherIncomeExpensesNet": 1700000,
        "incomeBeforeTax": 14800000,
        "incomeBeforeTaxRatio": 0.0267727931,
        "incomeTaxExpense": 6000000,
        "netIncome": 8800000,
        "netIncomeRatio": 0.015918958,
        "eps": 0.0825,
        "epsdiluted": 0.0825,
        "weightedAverageShsOut": 105768000,
        "weightedAverageShsOutDil": 105992000,
        "link": "https://www.sec.gov/Archives/edgar/data/766421/000091205700035759/0000912057-00-035759-index.htm",
        "finalLink": "https://www.sec.gov/Archives/edgar/data/766421/000091205700035759/a10-q.txt"
    },
    {
        "date": "2000-03-31",
        "symbol": "ALK",
        "reportedCurrency": "USD",
        "cik": "0000766421",
        "fillingDate": "2000-05-10",
        "acceptedDate": "2000-05-10 00:00:00",
        "calendarYear": "2000",
        "period": "Q1",
        "revenue": 492500000,
        "costOfRevenue": 338500000,
        "grossProfit": 154000000,
        "grossProfitRatio": 0.3126903553,
        "researchAndDevelopmentExpenses": 0,
        "generalAndAdministrativeExpenses": 103000000,
        "sellingAndMarketingExpenses": 9700000,
        "sellingGeneralAndAdministrativeExpenses": 112700000,
        "otherExpenses": 462400000,
        "operatingExpenses": 575100000,
        "costAndExpenses": 913600000,
        "interestIncome": 0,
        "interestExpense": 0,
        "depreciationAndAmortization": 35500000,
        "ebitda": 19000000,
        "ebitdaratio": 0.0385786802,
        "operatingIncome": -13800000,
        "operatingIncomeRatio": -0.0280203046,
        "totalOtherIncomeExpensesNet": 1200000,
        "incomeBeforeTax": -12600000,
        "incomeBeforeTaxRatio": -0.0255837563,
        "incomeTaxExpense": -5100000,
        "netIncome": -7500000,
        "netIncomeRatio": -0.0152284264,
        "eps": -0.071,
        "epsdiluted": -0.071,
        "weightedAverageShsOut": 105704000,
        "weightedAverageShsOutDil": 105704000,
        "link": "https://www.sec.gov/Archives/edgar/data/766421/000091205700023007/0000912057-00-023007-index.html",
        "finalLink": "https://www.sec.gov/Archives/edgar/data/766421/000091205700023007/"
    },
    {
        "date": "1999-12-31",
        "symbol": "ALK",
        "reportedCurrency": "USD",
        "cik": "0000766421",
        "fillingDate": "2000-02-25",
        "acceptedDate": "2000-02-25 00:00:00",
        "calendarYear": "1999",
        "period": "Q4",
        "revenue": 502000000,
        "costOfRevenue": 305000000,
        "grossProfit": 197000000,
        "grossProfitRatio": 0.3924302789,
        "researchAndDevelopmentExpenses": 0,
        "generalAndAdministrativeExpenses": 73900000,
        "sellingAndMarketingExpenses": 84400000,
        "sellingGeneralAndAdministrativeExpenses": 158300000,
        "otherExpenses": 1546700000,
        "operatingExpenses": 1705000000,
        "costAndExpenses": 2010000000,
        "interestIncome": 0,
        "interestExpense": 0,
        "depreciationAndAmortization": 234300000,
        "ebitda": -1273700000,
        "ebitdaratio": -2.537250996,
        "operatingIncome": -1508000000,
        "operatingIncomeRatio": -3.0039840637,
        "totalOtherIncomeExpensesNet": 1534000000,
        "incomeBeforeTax": 26000000,
        "incomeBeforeTaxRatio": 0.0517928287,
        "incomeTaxExpense": 9000000,
        "netIncome": 17000000,
        "netIncomeRatio": 0.0338645418,
        "eps": 0.16,
        "epsdiluted": 0.16,
        "weightedAverageShsOut": 105644000,
        "weightedAverageShsOutDil": 105704000,
        "link": "https://www.sec.gov/Archives/edgar/data/766421/000091205700008433/0000912057-00-008433-index.html",
        "finalLink": "https://www.sec.gov/Archives/edgar/data/766421/000091205700008433/"
    },
    {
        "date": "1999-09-30",
        "symbol": "ALK",
        "reportedCurrency": "USD",
        "cik": "0000766421",
        "fillingDate": "1999-11-04",
        "acceptedDate": "1999-11-04 00:00:00",
        "calendarYear": "1999",
        "period": "Q3",
        "revenue": 589100000,
        "costOfRevenue": 312500000,
        "grossProfit": 276600000,
        "grossProfitRatio": 0.4695297912,
        "researchAndDevelopmentExpenses": 0,
        "generalAndAdministrativeExpenses": 131600000,
        "sellingAndMarketingExpenses": -29300000,
        "sellingGeneralAndAdministrativeExpenses": 102300000,
        "otherExpenses": 57700000,
        "operatingExpenses": 160000000,
        "costAndExpenses": 472500000,
        "interestIncome": 0,
        "interestExpense": 0,
        "depreciationAndAmortization": -35100000,
        "ebitda": 151700000,
        "ebitdaratio": 0.2575114582,
        "operatingIncome": 116600000,
        "operatingIncomeRatio": 0.1979290443,
        "totalOtherIncomeExpensesNet": -25400000,
        "incomeBeforeTax": 91200000,
        "incomeBeforeTaxRatio": 0.1548124257,
        "incomeTaxExpense": 36300000,
        "netIncome": 54900000,
        "netIncomeRatio": 0.0931930063,
        "eps": 0.52,
        "epsdiluted": 0.52,
        "weightedAverageShsOut": 105564000,
        "weightedAverageShsOutDil": 106108000,
        "link": "https://www.sec.gov/Archives/edgar/data/766421/000076642199000005/0000766421-99-000005-index.html",
        "finalLink": "https://www.sec.gov/Archives/edgar/data/766421/000076642199000005/"
    },
    {
        "date": "1999-06-30",
        "symbol": "ALK",
        "reportedCurrency": "USD",
        "cik": "0000766421",
        "fillingDate": "1999-07-28",
        "acceptedDate": "1999-07-28 00:00:00",
        "calendarYear": "1999",
        "period": "Q2",
        "revenue": 529700000,
        "costOfRevenue": 288200000,
        "grossProfit": 241500000,
        "grossProfitRatio": 0.4559184444,
        "researchAndDevelopmentExpenses": 0,
        "generalAndAdministrativeExpenses": 124900000,
        "sellingAndMarketingExpenses": -26300000,
        "sellingGeneralAndAdministrativeExpenses": 98600000,
        "otherExpenses": 56200000,
        "operatingExpenses": 154800000,
        "costAndExpenses": 443000000,
        "interestIncome": 0,
        "interestExpense": 0,
        "depreciationAndAmortization": -33500000,
        "ebitda": 98900000,
        "ebitdaratio": 0.1867094582,
        "operatingIncome": 86700000,
        "operatingIncomeRatio": 0.1636775533,
        "totalOtherIncomeExpensesNet": -16600000,
        "incomeBeforeTax": 70100000,
        "incomeBeforeTaxRatio": 0.1323390598,
        "incomeTaxExpense": 28000000,
        "netIncome": 42100000,
        "netIncomeRatio": 0.0794789503,
        "eps": 0.4,
        "epsdiluted": 0.4,
        "weightedAverageShsOut": 105496000,
        "weightedAverageShsOutDil": 106084000,
        "link": "https://www.sec.gov/Archives/edgar/data/766421/000104746999028869/0001047469-99-028869-index.html",
        "finalLink": "https://www.sec.gov/Archives/edgar/data/766421/000104746999028869/"
    },
    {
        "date": "1999-03-31",
        "symbol": "ALK",
        "reportedCurrency": "USD",
        "cik": "0000766421",
        "fillingDate": "1999-04-28",
        "acceptedDate": "1999-04-28 00:00:00",
        "calendarYear": "1999",
        "period": "Q1",
        "revenue": 461200000,
        "costOfRevenue": 275000000,
        "grossProfit": 186200000,
        "grossProfitRatio": 0.4037294016,
        "researchAndDevelopmentExpenses": 0,
        "generalAndAdministrativeExpenses": 121800000,
        "sellingAndMarketingExpenses": -23700000,
        "sellingGeneralAndAdministrativeExpenses": 98100000,
        "otherExpenses": 52500000,
        "operatingExpenses": 150600000,
        "costAndExpenses": 425600000,
        "interestIncome": 0,
        "interestExpense": 0,
        "depreciationAndAmortization": -30800000,
        "ebitda": 64800000,
        "ebitdaratio": 0.1405030356,
        "operatingIncome": 35600000,
        "operatingIncomeRatio": 0.0771899393,
        "totalOtherIncomeExpensesNet": -2200000,
        "incomeBeforeTax": 33400000,
        "incomeBeforeTaxRatio": 0.0724197745,
        "incomeTaxExpense": 13200000,
        "netIncome": 20200000,
        "netIncomeRatio": 0.0437987858,
        "eps": 0.19,
        "epsdiluted": 0.19,
        "weightedAverageShsOut": 104935065,
        "weightedAverageShsOutDil": 106315789,
        "link": "https://www.sec.gov/Archives/edgar/data/766421/000104746999016787/0001047469-99-016787-index.html",
        "finalLink": "https://www.sec.gov/Archives/edgar/data/766421/"
    },
    {
        "date": "1998-12-31",
        "symbol": "ALK",
        "reportedCurrency": "USD",
        "cik": "0000766421",
        "fillingDate": "1999-02-11",
        "acceptedDate": "1999-02-11 00:00:00",
        "calendarYear": "1998",
        "period": "Q4",
        "revenue": 457000000,
        "costOfRevenue": 265600000,
        "grossProfit": 191400000,
        "grossProfitRatio": 0.4188183807,
        "researchAndDevelopmentExpenses": 0,
        "generalAndAdministrativeExpenses": 79300000,
        "sellingAndMarketingExpenses": 71800000,
        "sellingGeneralAndAdministrativeExpenses": 151100000,
        "otherExpenses": 1385600000,
        "operatingExpenses": 1536700000,
        "costAndExpenses": 1802300000,
        "interestIncome": 0,
        "interestExpense": 0,
        "depreciationAndAmortization": 201300000,
        "ebitda": -1144000000,
        "ebitdaratio": -2.5032822757,
        "operatingIncome": -1345300000,
        "operatingIncomeRatio": -2.9437636761,
        "totalOtherIncomeExpensesNet": 1386300000,
        "incomeBeforeTax": 41000000,
        "incomeBeforeTaxRatio": 0.0897155361,
        "incomeTaxExpense": 14000000,
        "netIncome": 27000000,
        "netIncomeRatio": 0.0590809628,
        "eps": 0.26,
        "epsdiluted": 0.25,
        "weightedAverageShsOut": 104935065,
        "weightedAverageShsOutDil": 106315789,
        "link": "https://www.sec.gov/Archives/edgar/data/766421/000076642199000001/0000766421-99-000001-index.html",
        "finalLink": "https://www.sec.gov/Archives/edgar/data/766421/"
    },
    {
        "date": "1998-09-30",
        "symbol": "ALK",
        "reportedCurrency": "USD",
        "cik": "0000766421",
        "fillingDate": "1998-10-28",
        "acceptedDate": "1998-10-28 00:00:00",
        "calendarYear": "1998",
        "period": "Q3",
        "revenue": 539400000,
        "costOfRevenue": 278600000,
        "grossProfit": 260800000,
        "grossProfitRatio": 0.4835001854,
        "researchAndDevelopmentExpenses": 0,
        "generalAndAdministrativeExpenses": 125700000,
        "sellingAndMarketingExpenses": -27200000,
        "sellingGeneralAndAdministrativeExpenses": 98500000,
        "otherExpenses": 52400000,
        "operatingExpenses": 150900000,
        "costAndExpenses": 429500000,
        "interestIncome": 0,
        "interestExpense": 0,
        "depreciationAndAmortization": -29900000,
        "ebitda": 139800000,
        "ebitdaratio": 0.2591768632,
        "operatingIncome": 109900000,
        "operatingIncomeRatio": 0.2037449017,
        "totalOtherIncomeExpensesNet": -32500000,
        "incomeBeforeTax": 77400000,
        "incomeBeforeTaxRatio": 0.1434927697,
        "incomeTaxExpense": 32000000,
        "netIncome": 45400000,
        "netIncomeRatio": 0.0841675936,
        "eps": 0.43,
        "epsdiluted": 0.43,
        "weightedAverageShsOut": 104971098,
        "weightedAverageShsOutDil": 105581395,
        "link": "https://www.sec.gov/Archives/edgar/data/766421/000076642198000007/0000766421-98-000007-index.html",
        "finalLink": "https://www.sec.gov/Archives/edgar/data/766421/"
    },
    {
        "date": "1998-06-30",
        "symbol": "ALK",
        "reportedCurrency": "USD",
        "cik": "0000766421",
        "fillingDate": "1998-07-29",
        "acceptedDate": "1998-07-29 00:00:00",
        "calendarYear": "1998",
        "period": "Q2",
        "revenue": 484900000,
        "costOfRevenue": 265100000,
        "grossProfit": 219800000,
        "grossProfitRatio": 0.453289338,
        "researchAndDevelopmentExpenses": 0,
        "generalAndAdministrativeExpenses": 115800000,
        "sellingAndMarketingExpenses": -24700000,
        "sellingGeneralAndAdministrativeExpenses": 91100000,
        "otherExpenses": 49300000,
        "operatingExpenses": 140400000,
        "costAndExpenses": 405500000,
        "interestIncome": 0,
        "interestExpense": 0,
        "depreciationAndAmortization": -27700000,
        "ebitda": 90100000,
        "ebitdaratio": 0.1858115075,
        "operatingIncome": 79400000,
        "operatingIncomeRatio": 0.1637451021,
        "totalOtherIncomeExpensesNet": -15400000,
        "incomeBeforeTax": 64000000,
        "incomeBeforeTaxRatio": 0.1319859765,
        "incomeTaxExpense": 25100000,
        "netIncome": 38900000,
        "netIncomeRatio": 0.0802227263,
        "eps": 0.44,
        "epsdiluted": 0.38,
        "weightedAverageShsOut": 87909605,
        "weightedAverageShsOutDil": 103046358,
        "link": "https://www.sec.gov/Archives/edgar/data/766421/000076642198000005/0000766421-98-000005-index.html",
        "finalLink": "https://www.sec.gov/Archives/edgar/data/766421/"
    },
    {
        "date": "1998-03-31",
        "symbol": "ALK",
        "reportedCurrency": "USD",
        "cik": "0000766421",
        "fillingDate": "1998-04-29",
        "acceptedDate": "1998-04-29 00:00:00",
        "calendarYear": "1998",
        "period": "Q1",
        "revenue": 416400000,
        "costOfRevenue": 249300000,
        "grossProfit": 167100000,
        "grossProfitRatio": 0.40129683,
        "researchAndDevelopmentExpenses": 0,
        "generalAndAdministrativeExpenses": 108000000,
        "sellingAndMarketingExpenses": -22600000,
        "sellingGeneralAndAdministrativeExpenses": 85400000,
        "otherExpenses": 49100000,
        "operatingExpenses": 134500000,
        "costAndExpenses": 383800000,
        "interestIncome": 0,
        "interestExpense": 0,
        "depreciationAndAmortization": -27500000,
        "ebitda": 59300000,
        "ebitdaratio": 0.1424111431,
        "operatingIncome": 32600000,
        "operatingIncomeRatio": 0.0782901057,
        "totalOtherIncomeExpensesNet": -10600000,
        "incomeBeforeTax": 22000000,
        "incomeBeforeTaxRatio": 0.0528338136,
        "incomeTaxExpense": 8900000,
        "netIncome": 13100000,
        "netIncomeRatio": 0.0314601345,
        "eps": 0.17,
        "epsdiluted": 0.14,
        "weightedAverageShsOut": 75942029,
        "weightedAverageShsOutDil": 93571429,
        "link": "https://www.sec.gov/Archives/edgar/data/766421/000076642198000003/0000766421-98-000003-index.html",
        "finalLink": "https://www.sec.gov/Archives/edgar/data/766421/"
    },
    {
        "date": "1997-12-31",
        "symbol": "ALK",
        "reportedCurrency": "USD",
        "cik": "0000766421",
        "fillingDate": "1998-02-10",
        "acceptedDate": "1998-02-10 00:00:00",
        "calendarYear": "1997",
        "period": "Q4",
        "revenue": 422800000,
        "costOfRevenue": 261300000,
        "grossProfit": 161500000,
        "grossProfitRatio": 0.3819772942,
        "researchAndDevelopmentExpenses": 0,
        "generalAndAdministrativeExpenses": 71300000,
        "sellingAndMarketingExpenses": 56400000,
        "sellingGeneralAndAdministrativeExpenses": 127700000,
        "otherExpenses": 1326800000,
        "operatingExpenses": 1454500000,
        "costAndExpenses": 1715800000,
        "interestIncome": 0,
        "interestExpense": 0,
        "depreciationAndAmortization": 180400000,
        "ebitda": -1112600000,
        "ebitdaratio": -2.6315042573,
        "operatingIncome": -1293000000,
        "operatingIncomeRatio": -3.0581835383,
        "totalOtherIncomeExpensesNet": 1317700000,
        "incomeBeforeTax": 24700000,
        "incomeBeforeTaxRatio": 0.0584200568,
        "incomeTaxExpense": 9600000,
        "netIncome": 15100000,
        "netIncomeRatio": 0.0357142857,
        "eps": 0.2,
        "epsdiluted": 0.16,
        "weightedAverageShsOut": 75942029,
        "weightedAverageShsOutDil": 93571429,
        "link": "https://www.sec.gov/Archives/edgar/data/766421/000076642198000001/0000766421-98-000001-index.html",
        "finalLink": "https://www.sec.gov/Archives/edgar/data/766421/"
    },
    {
        "date": "1997-09-30",
        "symbol": "ALK",
        "reportedCurrency": "USD",
        "cik": "0000766421",
        "fillingDate": "1997-10-27",
        "acceptedDate": "1997-10-27 00:00:00",
        "calendarYear": "1997",
        "period": "Q3",
        "revenue": 501200000,
        "costOfRevenue": 264500000,
        "grossProfit": 236700000,
        "grossProfitRatio": 0.4722665603,
        "researchAndDevelopmentExpenses": 0,
        "generalAndAdministrativeExpenses": 119700000,
        "sellingAndMarketingExpenses": -30700000,
        "sellingGeneralAndAdministrativeExpenses": 89000000,
        "otherExpenses": 49200000,
        "operatingExpenses": 138200000,
        "costAndExpenses": 402700000,
        "interestIncome": 0,
        "interestExpense": 0,
        "depreciationAndAmortization": -26400000,
        "ebitda": 124000000,
        "ebitdaratio": 0.2474062251,
        "operatingIncome": 98500000,
        "operatingIncomeRatio": 0.196528332,
        "totalOtherIncomeExpensesNet": -26000000,
        "incomeBeforeTax": 72500000,
        "incomeBeforeTaxRatio": 0.1446528332,
        "incomeTaxExpense": 30300000,
        "netIncome": 42200000,
        "netIncomeRatio": 0.084197925,
        "eps": 0.72,
        "epsdiluted": 0.49,
        "weightedAverageShsOut": 58611111,
        "weightedAverageShsOutDil": 58611111,
        "link": "https://www.sec.gov/Archives/edgar/data/766421/000076642197000016/0000766421-97-000016-index.html",
        "finalLink": "https://www.sec.gov/Archives/edgar/data/766421/"
    },
    {
        "date": "1997-06-30",
        "symbol": "ALK",
        "reportedCurrency": "USD",
        "cik": "0000766421",
        "fillingDate": "1997-08-07",
        "acceptedDate": "1997-08-07 00:00:00",
        "calendarYear": "1997",
        "period": "Q2",
        "revenue": 435000000,
        "costOfRevenue": 250100000,
        "grossProfit": 184900000,
        "grossProfitRatio": 0.4250574713,
        "researchAndDevelopmentExpenses": 0,
        "generalAndAdministrativeExpenses": 108400000,
        "sellingAndMarketingExpenses": -27100000,
        "sellingGeneralAndAdministrativeExpenses": 81300000,
        "otherExpenses": 48200000,
        "operatingExpenses": 129500000,
        "costAndExpenses": 379600000,
        "interestIncome": 0,
        "interestExpense": 0,
        "depreciationAndAmortization": -25500000,
        "ebitda": 80300000,
        "ebitdaratio": 0.1845977011,
        "operatingIncome": 55400000,
        "operatingIncomeRatio": 0.1273563218,
        "totalOtherIncomeExpensesNet": -18900000,
        "incomeBeforeTax": 36500000,
        "incomeBeforeTaxRatio": 0.083908046,
        "incomeTaxExpense": 15700000,
        "netIncome": 20800000,
        "netIncomeRatio": 0.047816092,
        "eps": 0.36,
        "epsdiluted": 0.25,
        "weightedAverageShsOut": 58181818,
        "weightedAverageShsOutDil": 58461538,
        "link": "https://www.sec.gov/Archives/edgar/data/766421/000076642197000014/0000766421-97-000014-index.html",
        "finalLink": "https://www.sec.gov/Archives/edgar/data/766421/"
    },
    {
        "date": "1997-03-31",
        "symbol": "ALK",
        "reportedCurrency": "USD",
        "cik": "0000766421",
        "fillingDate": "1997-05-05",
        "acceptedDate": "1997-05-05 00:00:00",
        "calendarYear": "1997",
        "period": "Q1",
        "revenue": 380400000,
        "costOfRevenue": 274900000,
        "grossProfit": 105500000,
        "grossProfitRatio": 0.2773396425,
        "researchAndDevelopmentExpenses": 0,
        "generalAndAdministrativeExpenses": 232900000,
        "sellingAndMarketingExpenses": -24800000,
        "sellingGeneralAndAdministrativeExpenses": 208100000,
        "otherExpenses": 90500000,
        "operatingExpenses": 298600000,
        "costAndExpenses": 573500000,
        "interestIncome": 0,
        "interestExpense": 0,
        "depreciationAndAmortization": -25100000,
        "ebitda": -169500000,
        "ebitdaratio": -0.4455835962,
        "operatingIncome": -193100000,
        "operatingIncomeRatio": -0.5076235542,
        "totalOtherIncomeExpensesNet": 183000000,
        "incomeBeforeTax": -10100000,
        "incomeBeforeTaxRatio": -0.0265509989,
        "incomeTaxExpense": -4400000,
        "netIncome": -5700000,
        "netIncomeRatio": -0.0149842271,
        "eps": -0.0975,
        "epsdiluted": -0.0975,
        "weightedAverageShsOut": 58461538,
        "weightedAverageShsOutDil": 58461538,
        "link": "https://www.sec.gov/Archives/edgar/data/766421/000076642197000009/0000766421-97-000009-index.html",
        "finalLink": "https://www.sec.gov/Archives/edgar/data/766421/"
    },
    {
        "date": "1996-12-31",
        "symbol": "ALK",
        "reportedCurrency": "USD",
        "cik": "0000766421",
        "fillingDate": "1997-02-13",
        "acceptedDate": "1997-02-13 00:00:00",
        "calendarYear": "1996",
        "period": "Q4",
        "revenue": 359200000,
        "costOfRevenue": 274400000,
        "grossProfit": 84800000,
        "grossProfitRatio": 0.2360801782,
        "researchAndDevelopmentExpenses": 0,
        "generalAndAdministrativeExpenses": 220100000,
        "sellingAndMarketingExpenses": -22600000,
        "sellingGeneralAndAdministrativeExpenses": 197500000,
        "otherExpenses": 655900000,
        "operatingExpenses": 853400000,
        "costAndExpenses": 1127800000,
        "interestIncome": 0,
        "interestExpense": 0,
        "depreciationAndAmortization": 178000000,
        "ebitda": -590600000,
        "ebitdaratio": -1.6442093541,
        "operatingIncome": -768600000,
        "operatingIncomeRatio": -2.1397550111,
        "totalOtherIncomeExpensesNet": 756900000,
        "incomeBeforeTax": -11700000,
        "incomeBeforeTaxRatio": -0.0325723831,
        "incomeTaxExpense": -6100000,
        "netIncome": -5600000,
        "netIncomeRatio": -0.0155902004,
        "eps": -0.0958,
        "epsdiluted": -0.0958,
        "weightedAverageShsOut": 58461538,
        "weightedAverageShsOutDil": 58461538,
        "link": "https://www.sec.gov/Archives/edgar/data/766421/000076642197000001/0000766421-97-000001-index.html",
        "finalLink": "https://www.sec.gov/Archives/edgar/data/766421/"
    },
    {
        "date": "1996-09-30",
        "symbol": "ALK",
        "reportedCurrency": "USD",
        "cik": "0000766421",
        "fillingDate": "1996-11-07",
        "acceptedDate": "1996-11-07 00:00:00",
        "calendarYear": "1996",
        "period": "Q3",
        "revenue": 464900000,
        "costOfRevenue": 279800000,
        "grossProfit": 185100000,
        "grossProfitRatio": 0.3981501398,
        "researchAndDevelopmentExpenses": 0,
        "generalAndAdministrativeExpenses": 251800000,
        "sellingAndMarketingExpenses": -29000000,
        "sellingGeneralAndAdministrativeExpenses": 222800000,
        "otherExpenses": 93600000,
        "operatingExpenses": 316400000,
        "costAndExpenses": 596200000,
        "interestIncome": 0,
        "interestExpense": 0,
        "depreciationAndAmortization": -25700000,
        "ebitda": -109300000,
        "ebitdaratio": -0.2351043235,
        "operatingIncome": -131300000,
        "operatingIncomeRatio": -0.2824263282,
        "totalOtherIncomeExpensesNet": 187900000,
        "incomeBeforeTax": 56600000,
        "incomeBeforeTaxRatio": 0.1217466122,
        "incomeTaxExpense": 23800000,
        "netIncome": 32800000,
        "netIncomeRatio": 0.0705528071,
        "eps": 0.57,
        "epsdiluted": 0.38,
        "weightedAverageShsOut": 57797357,
        "weightedAverageShsOutDil": 57797357,
        "link": "https://www.sec.gov/Archives/edgar/data/766421/000076642196000011/0000766421-96-000011-index.html",
        "finalLink": "https://www.sec.gov/Archives/edgar/data/766421/"
    },
    {
        "date": "1996-06-30",
        "symbol": "ALK",
        "reportedCurrency": "USD",
        "cik": "0000766421",
        "fillingDate": "1996-08-01",
        "acceptedDate": "1996-08-01 00:00:00",
        "calendarYear": "1996",
        "period": "Q2",
        "revenue": 416700000,
        "costOfRevenue": 268000000,
        "grossProfit": 148700000,
        "grossProfitRatio": 0.3568514519,
        "researchAndDevelopmentExpenses": 0,
        "generalAndAdministrativeExpenses": 232200000,
        "sellingAndMarketingExpenses": -26900000,
        "sellingGeneralAndAdministrativeExpenses": 205300000,
        "otherExpenses": 89800000,
        "operatingExpenses": 295100000,
        "costAndExpenses": 563100000,
        "interestIncome": 0,
        "interestExpense": 0,
        "depreciationAndAmortization": -25500000,
        "ebitda": -121000000,
        "ebitdaratio": -0.2903767699,
        "operatingIncome": -146400000,
        "operatingIncomeRatio": -0.3513318934,
        "totalOtherIncomeExpensesNet": 179300000,
        "incomeBeforeTax": 32900000,
        "incomeBeforeTaxRatio": 0.0789536837,
        "incomeTaxExpense": 14900000,
        "netIncome": 18000000,
        "netIncomeRatio": 0.0431965443,
        "eps": 0.32,
        "epsdiluted": 0.22,
        "weightedAverageShsOut": 57142857,
        "weightedAverageShsOutDil": 57142857,
        "link": "https://www.sec.gov/Archives/edgar/data/766421/000076642196000007/0000766421-96-000007-index.html",
        "finalLink": "https://www.sec.gov/Archives/edgar/data/766421/"
    },
    {
        "date": "1996-03-31",
        "symbol": "ALK",
        "reportedCurrency": "USD",
        "cik": "0000766421",
        "fillingDate": "1996-05-01",
        "acceptedDate": "1996-05-01 00:00:00",
        "calendarYear": "1996",
        "period": "Q1",
        "revenue": 351400000,
        "costOfRevenue": 253000000,
        "grossProfit": 98400000,
        "grossProfitRatio": 0.2800227661,
        "researchAndDevelopmentExpenses": 0,
        "generalAndAdministrativeExpenses": 219400000,
        "sellingAndMarketingExpenses": -23000000,
        "sellingGeneralAndAdministrativeExpenses": 196400000,
        "otherExpenses": 85500000,
        "operatingExpenses": 281900000,
        "costAndExpenses": 534900000,
        "interestIncome": 0,
        "interestExpense": 0,
        "depreciationAndAmortization": -24700000,
        "ebitda": -158800000,
        "ebitdaratio": -0.4519066591,
        "operatingIncome": -183500000,
        "operatingIncomeRatio": -0.5221969266,
        "totalOtherIncomeExpensesNet": 170000000,
        "incomeBeforeTax": -13500000,
        "incomeBeforeTaxRatio": -0.0384177575,
        "incomeTaxExpense": -6300000,
        "netIncome": -7200000,
        "netIncomeRatio": -0.0204894707,
        "eps": -0.13,
        "epsdiluted": -0.13,
        "weightedAverageShsOut": 55384615,
        "weightedAverageShsOutDil": 55384615,
        "link": "https://www.sec.gov/Archives/edgar/data/766421/000076642196000006/0000766421-96-000006-index.html",
        "finalLink": "https://www.sec.gov/Archives/edgar/data/766421/"
    },
    {
        "date": "1995-12-31",
        "symbol": "ALK",
        "reportedCurrency": "USD",
        "cik": "0000766421",
        "fillingDate": "1996-02-13",
        "acceptedDate": "1996-02-13 00:00:00",
        "calendarYear": "1995",
        "period": "Q4",
        "revenue": 341000000,
        "costOfRevenue": 227900000,
        "grossProfit": 113100000,
        "grossProfitRatio": 0.3316715543,
        "researchAndDevelopmentExpenses": 0,
        "generalAndAdministrativeExpenses": 191500000,
        "sellingAndMarketingExpenses": -21300000,
        "sellingGeneralAndAdministrativeExpenses": 170200000,
        "otherExpenses": 528500000,
        "operatingExpenses": 698700000,
        "costAndExpenses": 926600000,
        "interestIncome": 0,
        "interestExpense": 0,
        "depreciationAndAmortization": 162200000,
        "ebitda": -423400000,
        "ebitdaratio": -1.2416422287,
        "operatingIncome": -585600000,
        "operatingIncomeRatio": -1.7173020528,
        "totalOtherIncomeExpensesNet": 586400000,
        "incomeBeforeTax": 800000,
        "incomeBeforeTaxRatio": 0.0023460411,
        "incomeTaxExpense": 1500000,
        "netIncome": -700000,
        "netIncomeRatio": -0.0020527859,
        "eps": -0.0128,
        "epsdiluted": -0.0126,
        "weightedAverageShsOut": 54805970,
        "weightedAverageShsOutDil": 55384615,
        "link": "https://www.sec.gov/Archives/edgar/data/766421/000076642196000002/0000766421-96-000002-index.html",
        "finalLink": "https://www.sec.gov/Archives/edgar/data/766421/"
    },
    {
        "date": "1995-09-30",
        "symbol": "ALK",
        "reportedCurrency": "USD",
        "cik": "0000766421",
        "fillingDate": "1995-11-01",
        "acceptedDate": "1995-11-01 00:00:00",
        "calendarYear": "1995",
        "period": "Q3",
        "revenue": 419700000,
        "costOfRevenue": 236700000,
        "grossProfit": 183000000,
        "grossProfitRatio": 0.4360257327,
        "researchAndDevelopmentExpenses": 0,
        "generalAndAdministrativeExpenses": 211000000,
        "sellingAndMarketingExpenses": -26500000,
        "sellingGeneralAndAdministrativeExpenses": 184500000,
        "otherExpenses": 103200000,
        "operatingExpenses": 287700000,
        "costAndExpenses": 524400000,
        "interestIncome": 0,
        "interestExpense": 0,
        "depreciationAndAmortization": -23400000,
        "ebitda": -81400000,
        "ebitdaratio": -0.1939480581,
        "operatingIncome": -104700000,
        "operatingIncomeRatio": -0.2494639028,
        "totalOtherIncomeExpensesNet": 155100000,
        "incomeBeforeTax": 50300000,
        "incomeBeforeTaxRatio": 0.1198475101,
        "incomeTaxExpense": 22900000,
        "netIncome": 27400000,
        "netIncomeRatio": 0.0652847272,
        "eps": 0.5,
        "epsdiluted": 0.33,
        "weightedAverageShsOut": 54527363,
        "weightedAverageShsOutDil": 54527363,
        "link": "https://www.sec.gov/Archives/edgar/data/766421/000076642195000008/0000766421-95-000008-index.html",
        "finalLink": "https://www.sec.gov/Archives/edgar/data/766421/"
    },
    {
        "date": "1995-06-30",
        "symbol": "ALK",
        "reportedCurrency": "USD",
        "cik": "0000766421",
        "fillingDate": "1995-08-02",
        "acceptedDate": "1995-08-02 00:00:00",
        "calendarYear": "1995",
        "period": "Q2",
        "revenue": 362200000,
        "costOfRevenue": 223600000,
        "grossProfit": 138600000,
        "grossProfitRatio": 0.382661513,
        "researchAndDevelopmentExpenses": 0,
        "generalAndAdministrativeExpenses": 201500000,
        "sellingAndMarketingExpenses": -25000000,
        "sellingGeneralAndAdministrativeExpenses": 176500000,
        "otherExpenses": 97700000,
        "operatingExpenses": 274200000,
        "costAndExpenses": 497800000,
        "interestIncome": 0,
        "interestExpense": 0,
        "depreciationAndAmortization": -23700000,
        "ebitda": -111900000,
        "ebitdaratio": -0.3089453341,
        "operatingIncome": -135600000,
        "operatingIncomeRatio": -0.3743787962,
        "totalOtherIncomeExpensesNet": 148500000,
        "incomeBeforeTax": 12900000,
        "incomeBeforeTaxRatio": 0.0356156819,
        "incomeTaxExpense": 5900000,
        "netIncome": 7000000,
        "netIncomeRatio": 0.019326339,
        "eps": 0.13,
        "epsdiluted": 0.12,
        "weightedAverageShsOut": 53846154,
        "weightedAverageShsOutDil": 58333333,
        "link": "https://www.sec.gov/Archives/edgar/data/766421/000076642195000007/0000766421-95-000007-index.html",
        "finalLink": "https://www.sec.gov/Archives/edgar/data/766421/"
    },
    {
        "date": "1995-03-31",
        "symbol": "ALK",
        "reportedCurrency": "USD",
        "cik": "0000766421",
        "fillingDate": "1995-05-15",
        "acceptedDate": "1995-05-15 00:00:00",
        "calendarYear": "1995",
        "period": "Q1",
        "revenue": 294600000,
        "costOfRevenue": 211900000,
        "grossProfit": 82700000,
        "grossProfitRatio": 0.2807196198,
        "researchAndDevelopmentExpenses": 0,
        "generalAndAdministrativeExpenses": 182100000,
        "sellingAndMarketingExpenses": -20300000,
        "sellingGeneralAndAdministrativeExpenses": 161800000,
        "otherExpenses": 91200000,
        "operatingExpenses": 253000000,
        "costAndExpenses": 464900000,
        "interestIncome": 0,
        "interestExpense": 0,
        "depreciationAndAmortization": -22500000,
        "ebitda": -148100000,
        "ebitdaratio": -0.5027155465,
        "operatingIncome": -170300000,
        "operatingIncomeRatio": -0.578071962,
        "totalOtherIncomeExpensesNet": 140400000,
        "incomeBeforeTax": -29900000,
        "incomeBeforeTaxRatio": -0.1014935506,
        "incomeTaxExpense": -13600000,
        "netIncome": -16300000,
        "netIncomeRatio": -0.05532926,
        "eps": -0.3,
        "epsdiluted": -0.3,
        "weightedAverageShsOut": 53442623,
        "weightedAverageShsOutDil": 53442623,
        "link": "https://www.sec.gov/Archives/edgar/data/766421/000076642195000005/0000766421-95-000005-index.html",
        "finalLink": "https://www.sec.gov/Archives/edgar/data/766421/"
    },
    {
        "date": "1994-12-31",
        "symbol": "ALK",
        "reportedCurrency": "USD",
        "cik": "0000766421",
        "fillingDate": "1995-02-16",
        "acceptedDate": "1995-02-16 00:00:00",
        "calendarYear": "1994",
        "period": "Q4",
        "revenue": 317920000,
        "costOfRevenue": 221500000,
        "grossProfit": 96420000,
        "grossProfitRatio": 0.303283845,
        "researchAndDevelopmentExpenses": 0,
        "generalAndAdministrativeExpenses": 186800000,
        "sellingAndMarketingExpenses": -21100000,
        "sellingGeneralAndAdministrativeExpenses": 165700000,
        "otherExpenses": 482022000,
        "operatingExpenses": 647722000,
        "costAndExpenses": 869222000,
        "interestIncome": 0,
        "interestExpense": 0,
        "depreciationAndAmortization": 134645000,
        "ebitda": -416657000,
        "ebitdaratio": -1.310571842,
        "operatingIncome": -551302000,
        "operatingIncomeRatio": -1.7340903372,
        "totalOtherIncomeExpensesNet": 542763000,
        "incomeBeforeTax": -8539000,
        "incomeBeforeTaxRatio": -0.0268589582,
        "incomeTaxExpense": -3470000,
        "netIncome": -5069000,
        "netIncomeRatio": -0.0159442627,
        "eps": -0.0948,
        "epsdiluted": -0.0948,
        "weightedAverageShsOut": 53442623,
        "weightedAverageShsOutDil": 53442623,
        "link": "https://www.sec.gov/Archives/edgar/data/766421/000076642195000002/0000766421-95-000002-index.html",
        "finalLink": "https://www.sec.gov/Archives/edgar/data/766421/"
    },
    {
        "date": "1994-09-30",
        "symbol": "ALK",
        "reportedCurrency": "USD",
        "cik": "0000766421",
        "fillingDate": "1994-11-14",
        "acceptedDate": "1994-11-14 00:00:00",
        "calendarYear": "1994",
        "period": "Q3",
        "revenue": 386800000,
        "costOfRevenue": 221000000,
        "grossProfit": 165800000,
        "grossProfitRatio": 0.4286452947,
        "researchAndDevelopmentExpenses": 0,
        "generalAndAdministrativeExpenses": 206200000,
        "sellingAndMarketingExpenses": -27100000,
        "sellingGeneralAndAdministrativeExpenses": 179100000,
        "otherExpenses": 95100000,
        "operatingExpenses": 274200000,
        "costAndExpenses": 495200000,
        "interestIncome": 0,
        "interestExpense": 0,
        "depreciationAndAmortization": -19600000,
        "ebitda": -88900000,
        "ebitdaratio": -0.2298345398,
        "operatingIncome": -108400000,
        "operatingIncomeRatio": -0.2802481903,
        "totalOtherIncomeExpensesNet": 151300000,
        "incomeBeforeTax": 42900000,
        "incomeBeforeTaxRatio": 0.110910031,
        "incomeTaxExpense": 18600000,
        "netIncome": 24300000,
        "netIncomeRatio": 0.0628231644,
        "eps": 0.45,
        "epsdiluted": 0.45,
        "weightedAverageShsOut": 53701657,
        "weightedAverageShsOutDil": 53701657,
        "link": "https://www.sec.gov/Archives/edgar/data/766421/000076642194000017/0000766421-94-000017-index.html",
        "finalLink": "https://www.sec.gov/Archives/edgar/data/766421/"
    },
    {
        "date": "1994-06-30",
        "symbol": "ALK",
        "reportedCurrency": "USD",
        "cik": "0000766421",
        "fillingDate": "1994-08-09",
        "acceptedDate": "1994-08-09 00:00:00",
        "calendarYear": "1994",
        "period": "Q2",
        "revenue": 330500000,
        "costOfRevenue": 203500000,
        "grossProfit": 127000000,
        "grossProfitRatio": 0.3842662632,
        "researchAndDevelopmentExpenses": 0,
        "generalAndAdministrativeExpenses": 188800000,
        "sellingAndMarketingExpenses": -23700000,
        "sellingGeneralAndAdministrativeExpenses": 165100000,
        "otherExpenses": 88600000,
        "operatingExpenses": 253700000,
        "costAndExpenses": 457200000,
        "interestIncome": 0,
        "interestExpense": 0,
        "depreciationAndAmortization": -19600000,
        "ebitda": -110200000,
        "ebitdaratio": -0.3334341906,
        "operatingIncome": -126700000,
        "operatingIncomeRatio": -0.3833585477,
        "totalOtherIncomeExpensesNet": 144300000,
        "incomeBeforeTax": 17600000,
        "incomeBeforeTaxRatio": 0.0532526475,
        "incomeTaxExpense": 7900000,
        "netIncome": 9700000,
        "netIncomeRatio": 0.0293494705,
        "eps": 0.18,
        "epsdiluted": 0.14,
        "weightedAverageShsOut": 53888889,
        "weightedAverageShsOutDil": 53888889,
        "link": "https://www.sec.gov/Archives/edgar/data/766421/000076642194000013/0000766421-94-000013-index.html",
        "finalLink": "https://www.sec.gov/Archives/edgar/data/766421/"
    },
    {
        "date": "1994-03-31",
        "symbol": "ALK",
        "reportedCurrency": "USD",
        "cik": "0000766421",
        "fillingDate": "1994-05-05",
        "acceptedDate": "1994-05-05 00:00:00",
        "calendarYear": "1994",
        "period": "Q1",
        "revenue": 280300000,
        "costOfRevenue": 192000000,
        "grossProfit": 88300000,
        "grossProfitRatio": 0.3150196218,
        "researchAndDevelopmentExpenses": 0,
        "generalAndAdministrativeExpenses": 172200000,
        "sellingAndMarketingExpenses": -20000000,
        "sellingGeneralAndAdministrativeExpenses": 152200000,
        "otherExpenses": 81400000,
        "operatingExpenses": 233600000,
        "costAndExpenses": 425600000,
        "interestIncome": 0,
        "interestExpense": 0,
        "depreciationAndAmortization": -17900000,
        "ebitda": -127700000,
        "ebitdaratio": -0.4555833036,
        "operatingIncome": -145300000,
        "operatingIncomeRatio": -0.5183731716,
        "totalOtherIncomeExpensesNet": 134300000,
        "incomeBeforeTax": -11000000,
        "incomeBeforeTaxRatio": -0.0392436675,
        "incomeTaxExpense": -4700000,
        "netIncome": -6300000,
        "netIncomeRatio": -0.0224759187,
        "eps": -0.12,
        "epsdiluted": -0.12,
        "weightedAverageShsOut": 53617021,
        "weightedAverageShsOutDil": 53617021,
        "link": "https://www.sec.gov/Archives/edgar/data/766421/000076642194000009/0000766421-94-000009-index.html",
        "finalLink": "https://www.sec.gov/Archives/edgar/data/766421/"
    },
    {
        "date": "1993-12-31",
        "symbol": "ALK",
        "reportedCurrency": "USD",
        "cik": "0000766421",
        "fillingDate": "1994-02-08",
        "acceptedDate": "1994-02-08 00:00:00",
        "calendarYear": "1993",
        "period": "Q4",
        "revenue": 277200000,
        "costOfRevenue": 184100000,
        "grossProfit": 93100000,
        "grossProfitRatio": 0.3358585859,
        "researchAndDevelopmentExpenses": 0,
        "generalAndAdministrativeExpenses": 0,
        "sellingAndMarketingExpenses": 0,
        "sellingGeneralAndAdministrativeExpenses": 100800000,
        "otherExpenses": 15000000,
        "operatingExpenses": 115800000,
        "costAndExpenses": 299900000,
        "interestIncome": 0,
        "interestExpense": 0,
        "depreciationAndAmortization": -15000000,
        "ebitda": -8500000,
        "ebitdaratio": -0.0306637807,
        "operatingIncome": -22700000,
        "operatingIncomeRatio": -0.0818903319,
        "totalOtherIncomeExpensesNet": -8400000,
        "incomeBeforeTax": -31100000,
        "incomeBeforeTaxRatio": -0.1121933622,
        "incomeTaxExpense": -10800000,
        "netIncome": -20300000,
        "netIncomeRatio": -0.0732323232,
        "eps": -0.39,
        "epsdiluted": -0.38,
        "weightedAverageShsOut": 52500203,
        "weightedAverageShsOutDil": 53617021,
        "link": "https://www.sec.gov/Archives/edgar/data/766421/000076642194000003/0000766421-94-000003-index.html",
        "finalLink": "https://www.sec.gov/Archives/edgar/data/766421/"
    },
    {
        "date": "1993-09-30",
        "symbol": "ALK",
        "reportedCurrency": "USD",
        "cik": "0000766421",
        "fillingDate": "1993-09-30",
        "acceptedDate": "1993-09-29 20:00:00",
        "calendarYear": "1993",
        "period": "Q3",
        "revenue": 323400000,
        "costOfRevenue": 193800000,
        "grossProfit": 129600000,
        "grossProfitRatio": 0.400742115,
        "researchAndDevelopmentExpenses": 0,
        "generalAndAdministrativeExpenses": 0,
        "sellingAndMarketingExpenses": 0,
        "sellingGeneralAndAdministrativeExpenses": 94400000,
        "otherExpenses": 14500000,
        "operatingExpenses": 108900000,
        "costAndExpenses": 302700000,
        "interestIncome": 0,
        "interestExpense": 0,
        "depreciationAndAmortization": -14500000,
        "ebitda": 32600000,
        "ebitdaratio": 0.1008039579,
        "operatingIncome": 20700000,
        "operatingIncomeRatio": 0.0640074212,
        "totalOtherIncomeExpensesNet": -6700000,
        "incomeBeforeTax": 14000000,
        "incomeBeforeTaxRatio": 0.0432900433,
        "incomeTaxExpense": 6000000,
        "netIncome": 8000000,
        "netIncomeRatio": 0.0247371676,
        "eps": 0.15,
        "epsdiluted": 0.12,
        "weightedAverageShsOut": 53333333,
        "weightedAverageShsOutDil": 68085106,
        "link": "",
        "finalLink": ""
    },
    {
        "date": "1993-06-30",
        "symbol": "ALK",
        "reportedCurrency": "USD",
        "cik": "0000766421",
        "fillingDate": "1993-06-30",
        "acceptedDate": "1993-06-29 20:00:00",
        "calendarYear": "1993",
        "period": "Q2",
        "revenue": 277500000,
        "costOfRevenue": 179000000,
        "grossProfit": 98500000,
        "grossProfitRatio": 0.354954955,
        "researchAndDevelopmentExpenses": 0,
        "generalAndAdministrativeExpenses": 0,
        "sellingAndMarketingExpenses": 0,
        "sellingGeneralAndAdministrativeExpenses": 82000000,
        "otherExpenses": 14400000,
        "operatingExpenses": 96400000,
        "costAndExpenses": 275400000,
        "interestIncome": 0,
        "interestExpense": 0,
        "depreciationAndAmortization": -14500000,
        "ebitda": 14100000,
        "ebitdaratio": 0.0508108108,
        "operatingIncome": 2100000,
        "operatingIncomeRatio": 0.0075675676,
        "totalOtherIncomeExpensesNet": -6900000,
        "incomeBeforeTax": -4800000,
        "incomeBeforeTaxRatio": -0.0172972973,
        "incomeTaxExpense": -1200000,
        "netIncome": -3600000,
        "netIncomeRatio": -0.012972973,
        "eps": -0.066,
        "epsdiluted": -0.066,
        "weightedAverageShsOut": 54545455,
        "weightedAverageShsOutDil": 54545455,
        "link": "",
        "finalLink": ""
    },
    {
        "date": "1993-03-31",
        "symbol": "ALK",
        "reportedCurrency": "USD",
        "cik": "0000766421",
        "fillingDate": "1993-03-31",
        "acceptedDate": "1993-03-30 19:00:00",
        "calendarYear": "1993",
        "period": "Q1",
        "revenue": 250200000,
        "costOfRevenue": 176100000,
        "grossProfit": 74100000,
        "grossProfitRatio": 0.2961630695,
        "researchAndDevelopmentExpenses": 0,
        "generalAndAdministrativeExpenses": 0,
        "sellingAndMarketingExpenses": 0,
        "sellingGeneralAndAdministrativeExpenses": 76500000,
        "otherExpenses": 14400000,
        "operatingExpenses": 90900000,
        "costAndExpenses": 267000000,
        "interestIncome": 0,
        "interestExpense": 0,
        "depreciationAndAmortization": -14400000,
        "ebitda": -5200000,
        "ebitdaratio": -0.0207833733,
        "operatingIncome": -16800000,
        "operatingIncomeRatio": -0.067146283,
        "totalOtherIncomeExpensesNet": -7000000,
        "incomeBeforeTax": -23800000,
        "incomeBeforeTaxRatio": -0.0951239009,
        "incomeTaxExpense": -8800000,
        "netIncome": -15000000,
        "netIncomeRatio": -0.0599520384,
        "eps": -0.28,
        "epsdiluted": -0.28,
        "weightedAverageShsOut": 53120000,
        "weightedAverageShsOutDil": 53120000,
        "link": "",
        "finalLink": ""
    },
    {
        "date": "1992-12-31",
        "symbol": "ALK",
        "reportedCurrency": "USD",
        "cik": "0000766421",
        "fillingDate": "1992-12-31",
        "acceptedDate": "1992-12-30 19:00:00",
        "calendarYear": "1992",
        "period": "Q4",
        "revenue": 259000000,
        "costOfRevenue": 189100000,
        "grossProfit": 69900000,
        "grossProfitRatio": 0.2698841699,
        "researchAndDevelopmentExpenses": 0,
        "generalAndAdministrativeExpenses": 0,
        "sellingAndMarketingExpenses": 0,
        "sellingGeneralAndAdministrativeExpenses": 114600000,
        "otherExpenses": 14700000,
        "operatingExpenses": 129300000,
        "costAndExpenses": 318400000,
        "interestIncome": 0,
        "interestExpense": 0,
        "depreciationAndAmortization": -14700000,
        "ebitda": -44900000,
        "ebitdaratio": -0.1733590734,
        "operatingIncome": -59400000,
        "operatingIncomeRatio": -0.2293436293,
        "totalOtherIncomeExpensesNet": -10800000,
        "incomeBeforeTax": -70200000,
        "incomeBeforeTaxRatio": -0.271042471,
        "incomeTaxExpense": -25600000,
        "netIncome": -49200000,
        "netIncomeRatio": -0.18996139,
        "eps": -0.93,
        "epsdiluted": -0.93,
        "weightedAverageShsOut": 53120000,
        "weightedAverageShsOutDil": 53120000,
        "link": "",
        "finalLink": ""
    },
    {
        "date": "1992-09-30",
        "symbol": "ALK",
        "reportedCurrency": "USD",
        "cik": "0000766421",
        "fillingDate": "1992-09-30",
        "acceptedDate": "1992-09-29 20:00:00",
        "calendarYear": "1992",
        "period": "Q3",
        "revenue": 321100000,
        "costOfRevenue": 197600000,
        "grossProfit": 123500000,
        "grossProfitRatio": 0.3846153846,
        "researchAndDevelopmentExpenses": 0,
        "generalAndAdministrativeExpenses": 0,
        "sellingAndMarketingExpenses": 0,
        "sellingGeneralAndAdministrativeExpenses": 105600000,
        "otherExpenses": 14100000,
        "operatingExpenses": 119700000,
        "costAndExpenses": 317300000,
        "interestIncome": 0,
        "interestExpense": 0,
        "depreciationAndAmortization": -14100000,
        "ebitda": 14500000,
        "ebitdaratio": 0.0451572719,
        "operatingIncome": 3800000,
        "operatingIncomeRatio": 0.0118343195,
        "totalOtherIncomeExpensesNet": -7200000,
        "incomeBeforeTax": -3400000,
        "incomeBeforeTaxRatio": -0.0105886017,
        "incomeTaxExpense": -1200000,
        "netIncome": -2200000,
        "netIncomeRatio": -0.0068514481,
        "eps": -0.0409,
        "epsdiluted": -0.0409,
        "weightedAverageShsOut": 53793103,
        "weightedAverageShsOutDil": 53793103,
        "link": "",
        "finalLink": ""
    },
    {
        "date": "1992-06-30",
        "symbol": "ALK",
        "reportedCurrency": "USD",
        "cik": "0000766421",
        "fillingDate": "1992-06-30",
        "acceptedDate": "1992-06-29 20:00:00",
        "calendarYear": "1992",
        "period": "Q2",
        "revenue": 277100000,
        "costOfRevenue": 184900000,
        "grossProfit": 92200000,
        "grossProfitRatio": 0.3327318658,
        "researchAndDevelopmentExpenses": 0,
        "generalAndAdministrativeExpenses": 0,
        "sellingAndMarketingExpenses": 0,
        "sellingGeneralAndAdministrativeExpenses": 97300000,
        "otherExpenses": 14000000,
        "operatingExpenses": 111300000,
        "costAndExpenses": 296200000,
        "interestIncome": 0,
        "interestExpense": 0,
        "depreciationAndAmortization": -14000000,
        "ebitda": -9100000,
        "ebitdaratio": -0.0328401299,
        "operatingIncome": -19100000,
        "operatingIncomeRatio": -0.0689281848,
        "totalOtherIncomeExpensesNet": -6800000,
        "incomeBeforeTax": -25900000,
        "incomeBeforeTaxRatio": -0.0934680621,
        "incomeTaxExpense": -8100000,
        "netIncome": -17800000,
        "netIncomeRatio": -0.0642367376,
        "eps": -0.33,
        "epsdiluted": -0.33,
        "weightedAverageShsOut": 53424658,
        "weightedAverageShsOutDil": 53424658,
        "link": "",
        "finalLink": ""
    },
    {
        "date": "1992-03-31",
        "symbol": "ALK",
        "reportedCurrency": "USD",
        "cik": "0000766421",
        "fillingDate": "1992-03-31",
        "acceptedDate": "1992-03-30 19:00:00",
        "calendarYear": "1992",
        "period": "Q1",
        "revenue": 258200000,
        "costOfRevenue": 173200000,
        "grossProfit": 85000000,
        "grossProfitRatio": 0.3292021689,
        "researchAndDevelopmentExpenses": 0,
        "generalAndAdministrativeExpenses": 0,
        "sellingAndMarketingExpenses": 0,
        "sellingGeneralAndAdministrativeExpenses": 91100000,
        "otherExpenses": 14000000,
        "operatingExpenses": 105100000,
        "costAndExpenses": 278300000,
        "interestIncome": 0,
        "interestExpense": 0,
        "depreciationAndAmortization": -14000000,
        "ebitda": -10900000,
        "ebitdaratio": -0.0422153369,
        "operatingIncome": -20100000,
        "operatingIncomeRatio": -0.0778466305,
        "totalOtherIncomeExpensesNet": -6100000,
        "incomeBeforeTax": -26200000,
        "incomeBeforeTaxRatio": -0.1014717273,
        "incomeTaxExpense": -10500000,
        "netIncome": -15700000,
        "netIncomeRatio": -0.0608055771,
        "eps": -0.3,
        "epsdiluted": -0.3,
        "weightedAverageShsOut": 53129771,
        "weightedAverageShsOutDil": 53129771,
        "link": "",
        "finalLink": ""
    },
    {
        "date": "1991-12-31",
        "symbol": "ALK",
        "reportedCurrency": "USD",
        "cik": "0000766421",
        "fillingDate": "1991-12-31",
        "acceptedDate": "1991-12-30 19:00:00",
        "calendarYear": "1991",
        "period": "Q4",
        "revenue": 264600000,
        "costOfRevenue": 188400000,
        "grossProfit": 76200000,
        "grossProfitRatio": 0.2879818594,
        "researchAndDevelopmentExpenses": 0,
        "generalAndAdministrativeExpenses": 0,
        "sellingAndMarketingExpenses": 0,
        "sellingGeneralAndAdministrativeExpenses": 84600000,
        "otherExpenses": -7800000,
        "operatingExpenses": 76800000,
        "costAndExpenses": 265200000,
        "interestIncome": 0,
        "interestExpense": 0,
        "depreciationAndAmortization": 7800000,
        "ebitda": 7200000,
        "ebitdaratio": 0.0272108844,
        "operatingIncome": -600000,
        "operatingIncomeRatio": -0.0022675737,
        "totalOtherIncomeExpensesNet": -2500000,
        "incomeBeforeTax": -3100000,
        "incomeBeforeTaxRatio": -0.0117157974,
        "incomeTaxExpense": -2200000,
        "netIncome": -900000,
        "netIncomeRatio": -0.0034013605,
        "eps": -0.0174,
        "epsdiluted": -0.0169,
        "weightedAverageShsOut": 51594203,
        "weightedAverageShsOutDil": 53129771,
        "link": "",
        "finalLink": ""
    },
    {
        "date": "1991-09-30",
        "symbol": "ALK",
        "reportedCurrency": "USD",
        "cik": "0000766421",
        "fillingDate": "1991-09-30",
        "acceptedDate": "1991-09-29 20:00:00",
        "calendarYear": "1991",
        "period": "Q3",
        "revenue": 314400000,
        "costOfRevenue": 169000000,
        "grossProfit": 145400000,
        "grossProfitRatio": 0.4624681934,
        "researchAndDevelopmentExpenses": 0,
        "generalAndAdministrativeExpenses": 0,
        "sellingAndMarketingExpenses": 0,
        "sellingGeneralAndAdministrativeExpenses": 91600000,
        "otherExpenses": 20500000,
        "operatingExpenses": 112100000,
        "costAndExpenses": 281100000,
        "interestIncome": 0,
        "interestExpense": 0,
        "depreciationAndAmortization": -20600000,
        "ebitda": 47500000,
        "ebitdaratio": 0.1510814249,
        "operatingIncome": 33300000,
        "operatingIncomeRatio": 0.1059160305,
        "totalOtherIncomeExpensesNet": -4500000,
        "incomeBeforeTax": 28800000,
        "incomeBeforeTaxRatio": 0.0916030534,
        "incomeTaxExpense": 12100000,
        "netIncome": 15000000,
        "netIncomeRatio": 0.0477099237,
        "eps": 0.28,
        "epsdiluted": 0.21,
        "weightedAverageShsOut": 53571429,
        "weightedAverageShsOutDil": 53571429,
        "link": "",
        "finalLink": ""
    },
    {
        "date": "1991-06-30",
        "symbol": "ALK",
        "reportedCurrency": "USD",
        "cik": "0000766421",
        "fillingDate": "1991-06-30",
        "acceptedDate": "1991-06-29 20:00:00",
        "calendarYear": "1991",
        "period": "Q2",
        "revenue": 278300000,
        "costOfRevenue": 157800000,
        "grossProfit": 120500000,
        "grossProfitRatio": 0.4329859863,
        "researchAndDevelopmentExpenses": 0,
        "generalAndAdministrativeExpenses": 0,
        "sellingAndMarketingExpenses": 0,
        "sellingGeneralAndAdministrativeExpenses": 86900000,
        "otherExpenses": 20100000,
        "operatingExpenses": 107000000,
        "costAndExpenses": 264800000,
        "interestIncome": 0,
        "interestExpense": 0,
        "depreciationAndAmortization": -20000000,
        "ebitda": 29400000,
        "ebitdaratio": 0.1056413942,
        "operatingIncome": 13500000,
        "operatingIncomeRatio": 0.0485088034,
        "totalOtherIncomeExpensesNet": -6300000,
        "incomeBeforeTax": 7200000,
        "incomeBeforeTaxRatio": 0.0258713618,
        "incomeTaxExpense": 2700000,
        "netIncome": 4500000,
        "netIncomeRatio": 0.0161696011,
        "eps": 0.0844,
        "epsdiluted": 0.0844,
        "weightedAverageShsOut": 53333333,
        "weightedAverageShsOutDil": 53333333,
        "link": "",
        "finalLink": ""
    },
    {
        "date": "1991-03-31",
        "symbol": "ALK",
        "reportedCurrency": "USD",
        "cik": "0000766421",
        "fillingDate": "1991-03-31",
        "acceptedDate": "1991-03-30 19:00:00",
        "calendarYear": "1991",
        "period": "Q1",
        "revenue": 246700000,
        "costOfRevenue": 158600000,
        "grossProfit": 88100000,
        "grossProfitRatio": 0.3571139035,
        "researchAndDevelopmentExpenses": 0,
        "generalAndAdministrativeExpenses": 0,
        "sellingAndMarketingExpenses": 0,
        "sellingGeneralAndAdministrativeExpenses": 80700000,
        "otherExpenses": 19000000,
        "operatingExpenses": 99700000,
        "costAndExpenses": 258300000,
        "interestIncome": 0,
        "interestExpense": 0,
        "depreciationAndAmortization": -19000000,
        "ebitda": 4400000,
        "ebitdaratio": 0.0178354276,
        "operatingIncome": -11600000,
        "operatingIncomeRatio": -0.0470206729,
        "totalOtherIncomeExpensesNet": -5100000,
        "incomeBeforeTax": -16700000,
        "incomeBeforeTaxRatio": -0.0676935549,
        "incomeTaxExpense": -6700000,
        "netIncome": -10000000,
        "netIncomeRatio": -0.0405350628,
        "eps": -0.19,
        "epsdiluted": -0.19,
        "weightedAverageShsOut": 52727273,
        "weightedAverageShsOutDil": 52727273,
        "link": "",
        "finalLink": ""
    },
    {
        "date": "1990-12-31",
        "symbol": "ALK",
        "reportedCurrency": "USD",
        "cik": "0000766421",
        "fillingDate": "1990-12-31",
        "acceptedDate": "1990-12-30 19:00:00",
        "calendarYear": "1990",
        "period": "Q4",
        "revenue": 257200000,
        "costOfRevenue": 148400000,
        "grossProfit": 108800000,
        "grossProfitRatio": 0.4230171073,
        "researchAndDevelopmentExpenses": 0,
        "generalAndAdministrativeExpenses": 0,
        "sellingAndMarketingExpenses": 0,
        "sellingGeneralAndAdministrativeExpenses": 80000000,
        "otherExpenses": 46300000,
        "operatingExpenses": 126300000,
        "costAndExpenses": 274700000,
        "interestIncome": 0,
        "interestExpense": 0,
        "depreciationAndAmortization": -46300000,
        "ebitda": 22800000,
        "ebitdaratio": 0.0886469673,
        "operatingIncome": -17500000,
        "operatingIncomeRatio": -0.0680404355,
        "totalOtherIncomeExpensesNet": 500000,
        "incomeBeforeTax": -17000000,
        "incomeBeforeTaxRatio": -0.066096423,
        "incomeTaxExpense": -6900000,
        "netIncome": -10100000,
        "netIncomeRatio": -0.0392690513,
        "eps": -0.19,
        "epsdiluted": -0.19,
        "weightedAverageShsOut": 52271525,
        "weightedAverageShsOutDil": 52727273,
        "link": "",
        "finalLink": ""
    },
    {
        "date": "1990-09-30",
        "symbol": "ALK",
        "reportedCurrency": "USD",
        "cik": "0000766421",
        "fillingDate": "1990-09-30",
        "acceptedDate": "1990-09-29 20:00:00",
        "calendarYear": "1990",
        "period": "Q3",
        "revenue": 295700000,
        "costOfRevenue": 163000000,
        "grossProfit": 132700000,
        "grossProfitRatio": 0.4487656409,
        "researchAndDevelopmentExpenses": 0,
        "generalAndAdministrativeExpenses": 0,
        "sellingAndMarketingExpenses": 0,
        "sellingGeneralAndAdministrativeExpenses": 86600000,
        "otherExpenses": 14300000,
        "operatingExpenses": 100900000,
        "costAndExpenses": 263900000,
        "interestIncome": 0,
        "interestExpense": 0,
        "depreciationAndAmortization": 13000000,
        "ebitda": 46100000,
        "ebitdaratio": 0.1559012513,
        "operatingIncome": 31800000,
        "operatingIncomeRatio": 0.1075414271,
        "totalOtherIncomeExpensesNet": 700000,
        "incomeBeforeTax": 32500000,
        "incomeBeforeTaxRatio": 0.1099086912,
        "incomeTaxExpense": 12800000,
        "netIncome": 18000000,
        "netIncomeRatio": 0.0608725059,
        "eps": 0.34,
        "epsdiluted": 0.27,
        "weightedAverageShsOut": 53333333,
        "weightedAverageShsOutDil": 66666667,
        "link": "",
        "finalLink": ""
    },
    {
        "date": "1990-06-30",
        "symbol": "ALK",
        "reportedCurrency": "USD",
        "cik": "0000766421",
        "fillingDate": "1990-06-30",
        "acceptedDate": "1990-06-29 20:00:00",
        "calendarYear": "1990",
        "period": "Q2",
        "revenue": 263300000,
        "costOfRevenue": 150500000,
        "grossProfit": 112800000,
        "grossProfitRatio": 0.4284086593,
        "researchAndDevelopmentExpenses": 0,
        "generalAndAdministrativeExpenses": 0,
        "sellingAndMarketingExpenses": 0,
        "sellingGeneralAndAdministrativeExpenses": 82000000,
        "otherExpenses": 13900000,
        "operatingExpenses": 95900000,
        "costAndExpenses": 246400000,
        "interestIncome": 0,
        "interestExpense": 0,
        "depreciationAndAmortization": -14100000,
        "ebitda": 26900000,
        "ebitdaratio": 0.102164831,
        "operatingIncome": 16900000,
        "operatingIncomeRatio": 0.0641853399,
        "totalOtherIncomeExpensesNet": -1100000,
        "incomeBeforeTax": 15800000,
        "incomeBeforeTaxRatio": 0.0600075959,
        "incomeTaxExpense": 6200000,
        "netIncome": 7900000,
        "netIncomeRatio": 0.0300037979,
        "eps": 0.15,
        "epsdiluted": 0.13,
        "weightedAverageShsOut": 53559322,
        "weightedAverageShsOutDil": 59622642,
        "link": "",
        "finalLink": ""
    },
    {
        "date": "1990-03-31",
        "symbol": "ALK",
        "reportedCurrency": "USD",
        "cik": "0000766421",
        "fillingDate": "1990-03-31",
        "acceptedDate": "1990-03-30 19:00:00",
        "calendarYear": "1990",
        "period": "Q1",
        "revenue": 230800000,
        "costOfRevenue": 144400000,
        "grossProfit": 86400000,
        "grossProfitRatio": 0.3743500867,
        "researchAndDevelopmentExpenses": 0,
        "generalAndAdministrativeExpenses": 0,
        "sellingAndMarketingExpenses": 0,
        "sellingGeneralAndAdministrativeExpenses": 75800000,
        "otherExpenses": 13200000,
        "operatingExpenses": 89000000,
        "costAndExpenses": 233400000,
        "interestIncome": 0,
        "interestExpense": 0,
        "depreciationAndAmortization": -13200000,
        "ebitda": 6400000,
        "ebitdaratio": 0.027729636,
        "operatingIncome": -2600000,
        "operatingIncomeRatio": -0.0112651646,
        "totalOtherIncomeExpensesNet": -800000,
        "incomeBeforeTax": -3400000,
        "incomeBeforeTaxRatio": -0.0147313692,
        "incomeTaxExpense": -1300000,
        "netIncome": -2100000,
        "netIncomeRatio": -0.0090987868,
        "eps": -0.0356,
        "epsdiluted": -0.0356,
        "weightedAverageShsOut": 59047619,
        "weightedAverageShsOutDil": 59047619,
        "link": "",
        "finalLink": ""
    },
    {
        "date": "1989-12-31",
        "symbol": "ALK",
        "reportedCurrency": "USD",
        "cik": "0000766421",
        "fillingDate": "1989-12-31",
        "acceptedDate": "1989-12-30 19:00:00",
        "calendarYear": "1989",
        "period": "Q4",
        "revenue": 223300000,
        "costOfRevenue": 134900000,
        "grossProfit": 88400000,
        "grossProfitRatio": 0.3958799821,
        "researchAndDevelopmentExpenses": 0,
        "generalAndAdministrativeExpenses": 0,
        "sellingAndMarketingExpenses": 0,
        "sellingGeneralAndAdministrativeExpenses": 72800000,
        "otherExpenses": 12600000,
        "operatingExpenses": 85400000,
        "costAndExpenses": 220300000,
        "interestIncome": 0,
        "interestExpense": 0,
        "depreciationAndAmortization": -12600000,
        "ebitda": 10400000,
        "ebitdaratio": 0.0465741155,
        "operatingIncome": 3000000,
        "operatingIncomeRatio": 0.013434841,
        "totalOtherIncomeExpensesNet": -100000,
        "incomeBeforeTax": 2900000,
        "incomeBeforeTaxRatio": 0.012987013,
        "incomeTaxExpense": 500000,
        "netIncome": 2400000,
        "netIncomeRatio": 0.0107478728,
        "eps": 0.041,
        "epsdiluted": 0.041,
        "weightedAverageShsOut": 59047619,
        "weightedAverageShsOutDil": 59047619,
        "link": "",
        "finalLink": ""
    },
    {
        "date": "1989-09-30",
        "symbol": "ALK",
        "reportedCurrency": "USD",
        "cik": "0000766421",
        "fillingDate": "1989-09-30",
        "acceptedDate": "1989-09-29 20:00:00",
        "calendarYear": "1989",
        "period": "Q3",
        "revenue": 268900000,
        "costOfRevenue": 142900000,
        "grossProfit": 126000000,
        "grossProfitRatio": 0.4685756787,
        "researchAndDevelopmentExpenses": 0,
        "generalAndAdministrativeExpenses": 0,
        "sellingAndMarketingExpenses": 0,
        "sellingGeneralAndAdministrativeExpenses": 77100000,
        "otherExpenses": 11500000,
        "operatingExpenses": 88600000,
        "costAndExpenses": 231500000,
        "interestIncome": 0,
        "interestExpense": 0,
        "depreciationAndAmortization": -11500000,
        "ebitda": 42600000,
        "ebitdaratio": 0.1584232057,
        "operatingIncome": 37400000,
        "operatingIncomeRatio": 0.1390851618,
        "totalOtherIncomeExpensesNet": 1100000,
        "incomeBeforeTax": 38500000,
        "incomeBeforeTaxRatio": 0.1431759018,
        "incomeTaxExpense": 15000000,
        "netIncome": 23500000,
        "netIncomeRatio": 0.0873930829,
        "eps": 0.37,
        "epsdiluted": 0.32,
        "weightedAverageShsOut": 63513514,
        "weightedAverageShsOutDil": 74603175,
        "link": "",
        "finalLink": ""
    },
    {
        "date": "1989-06-30",
        "symbol": "ALK",
        "reportedCurrency": "USD",
        "cik": "0000766421",
        "fillingDate": "1989-06-30",
        "acceptedDate": "1989-06-29 20:00:00",
        "calendarYear": "1989",
        "period": "Q2",
        "revenue": 226600000,
        "costOfRevenue": 127900000,
        "grossProfit": 98700000,
        "grossProfitRatio": 0.4355692851,
        "researchAndDevelopmentExpenses": 0,
        "generalAndAdministrativeExpenses": 0,
        "sellingAndMarketingExpenses": 0,
        "sellingGeneralAndAdministrativeExpenses": 70200000,
        "otherExpenses": 10000000,
        "operatingExpenses": 80200000,
        "costAndExpenses": 208100000,
        "interestIncome": 0,
        "interestExpense": 0,
        "depreciationAndAmortization": 10000000,
        "ebitda": 28500000,
        "ebitdaratio": 0.125772286,
        "operatingIncome": 18500000,
        "operatingIncomeRatio": 0.0816416593,
        "totalOtherIncomeExpensesNet": -1300000,
        "incomeBeforeTax": 17200000,
        "incomeBeforeTaxRatio": 0.0759046778,
        "incomeTaxExpense": 6700000,
        "netIncome": 10500000,
        "netIncomeRatio": 0.046337158,
        "eps": 0.17,
        "epsdiluted": 0.16,
        "weightedAverageShsOut": 62686567,
        "weightedAverageShsOutDil": 65625000,
        "link": "",
        "finalLink": ""
    },
    {
        "date": "1989-03-31",
        "symbol": "ALK",
        "reportedCurrency": "USD",
        "cik": "0000766421",
        "fillingDate": "1989-03-31",
        "acceptedDate": "1989-03-30 19:00:00",
        "calendarYear": "1989",
        "period": "Q1",
        "revenue": 197700000,
        "costOfRevenue": 0,
        "grossProfit": 197700000,
        "grossProfitRatio": 1,
        "researchAndDevelopmentExpenses": 0,
        "generalAndAdministrativeExpenses": 0,
        "sellingAndMarketingExpenses": 0,
        "sellingGeneralAndAdministrativeExpenses": 0,
        "otherExpenses": 0,
        "operatingExpenses": 0,
        "costAndExpenses": 0,
        "interestIncome": 0,
        "interestExpense": 0,
        "depreciationAndAmortization": 0,
        "ebitda": 197700000,
        "ebitdaratio": 1,
        "operatingIncome": 197700000,
        "operatingIncomeRatio": 1,
        "totalOtherIncomeExpensesNet": -197700000,
        "incomeBeforeTax": 0,
        "incomeBeforeTaxRatio": 0,
        "incomeTaxExpense": -6400000,
        "netIncome": 6400000,
        "netIncomeRatio": 0.0323722812,
        "eps": 0.1,
        "epsdiluted": 0.1,
        "weightedAverageShsOut": 64000000,
        "weightedAverageShsOutDil": 64000000,
        "link": "",
        "finalLink": ""
    },
    {
        "date": "1988-12-31",
        "symbol": "ALK",
        "reportedCurrency": "USD",
        "cik": "0000766421",
        "fillingDate": "1988-12-31",
        "acceptedDate": "1988-12-30 19:00:00",
        "calendarYear": "1988",
        "period": "Q4",
        "revenue": 196500000,
        "costOfRevenue": 0,
        "grossProfit": 196500000,
        "grossProfitRatio": 1,
        "researchAndDevelopmentExpenses": 0,
        "generalAndAdministrativeExpenses": 0,
        "sellingAndMarketingExpenses": 0,
        "sellingGeneralAndAdministrativeExpenses": 0,
        "otherExpenses": -743800000,
        "operatingExpenses": -743800000,
        "costAndExpenses": -743800000,
        "interestIncome": 0,
        "interestExpense": 0,
        "depreciationAndAmortization": 0,
        "ebitda": -547300000,
        "ebitdaratio": -2.7852417303,
        "operatingIncome": -547300000,
        "operatingIncomeRatio": -2.7852417303,
        "totalOtherIncomeExpensesNet": 547300000,
        "incomeBeforeTax": 0,
        "incomeBeforeTaxRatio": 0,
        "incomeTaxExpense": -6100000,
        "netIncome": 6100000,
        "netIncomeRatio": 0.031043257,
        "eps": 0.095,
        "epsdiluted": 0.095,
        "weightedAverageShsOut": 63817823,
        "weightedAverageShsOutDil": 64000000,
        "link": "",
        "finalLink": ""
    },
    {
        "date": "1988-09-30",
        "symbol": "ALK",
        "reportedCurrency": "USD",
        "cik": "0000766421",
        "fillingDate": "1988-09-30",
        "acceptedDate": "1988-09-29 20:00:00",
        "calendarYear": "1988",
        "period": "Q3",
        "revenue": 241500000,
        "costOfRevenue": 0,
        "grossProfit": 241500000,
        "grossProfitRatio": 1,
        "researchAndDevelopmentExpenses": 0,
        "generalAndAdministrativeExpenses": 0,
        "sellingAndMarketingExpenses": 0,
        "sellingGeneralAndAdministrativeExpenses": 0,
        "otherExpenses": 0,
        "operatingExpenses": 0,
        "costAndExpenses": 0,
        "interestIncome": 0,
        "interestExpense": 0,
        "depreciationAndAmortization": 0,
        "ebitda": 241500000,
        "ebitdaratio": 1,
        "operatingIncome": 241500000,
        "operatingIncomeRatio": 1,
        "totalOtherIncomeExpensesNet": -241500000,
        "incomeBeforeTax": 0,
        "incomeBeforeTaxRatio": 0,
        "incomeTaxExpense": -23300000,
        "netIncome": 23300000,
        "netIncomeRatio": 0.0964803313,
        "eps": 0.37,
        "epsdiluted": 0.35,
        "weightedAverageShsOut": 63401361,
        "weightedAverageShsOutDil": 66571429,
        "link": "",
        "finalLink": ""
    },
    {
        "date": "1988-06-30",
        "symbol": "ALK",
        "reportedCurrency": "USD",
        "cik": "0000766421",
        "fillingDate": "1988-06-30",
        "acceptedDate": "1988-06-29 20:00:00",
        "calendarYear": "1988",
        "period": "Q2",
        "revenue": 203100000,
        "costOfRevenue": 0,
        "grossProfit": 203100000,
        "grossProfitRatio": 1,
        "researchAndDevelopmentExpenses": 0,
        "generalAndAdministrativeExpenses": 0,
        "sellingAndMarketingExpenses": 0,
        "sellingGeneralAndAdministrativeExpenses": 0,
        "otherExpenses": 0,
        "operatingExpenses": 0,
        "costAndExpenses": 0,
        "interestIncome": 0,
        "interestExpense": 0,
        "depreciationAndAmortization": 0,
        "ebitda": 203100000,
        "ebitdaratio": 1,
        "operatingIncome": 203100000,
        "operatingIncomeRatio": 1,
        "totalOtherIncomeExpensesNet": -203100000,
        "incomeBeforeTax": 0,
        "incomeBeforeTaxRatio": 0,
        "incomeTaxExpense": -9300000,
        "netIncome": 9300000,
        "netIncomeRatio": 0.0457902511,
        "eps": 0.15,
        "epsdiluted": 0.14,
        "weightedAverageShsOut": 63050847,
        "weightedAverageShsOutDil": 65263158,
        "link": "",
        "finalLink": ""
    },
    {
        "date": "1988-03-31",
        "symbol": "ALK",
        "reportedCurrency": "USD",
        "cik": "0000766421",
        "fillingDate": "1988-03-31",
        "acceptedDate": "1988-03-30 19:00:00",
        "calendarYear": "1988",
        "period": "Q1",
        "revenue": 173300000,
        "costOfRevenue": 0,
        "grossProfit": 173300000,
        "grossProfitRatio": 1,
        "researchAndDevelopmentExpenses": 0,
        "generalAndAdministrativeExpenses": 0,
        "sellingAndMarketingExpenses": 0,
        "sellingGeneralAndAdministrativeExpenses": 0,
        "otherExpenses": 0,
        "operatingExpenses": 0,
        "costAndExpenses": 0,
        "interestIncome": 0,
        "interestExpense": 0,
        "depreciationAndAmortization": 0,
        "ebitda": 173300000,
        "ebitdaratio": 1,
        "operatingIncome": 173300000,
        "operatingIncomeRatio": 1,
        "totalOtherIncomeExpensesNet": -173300000,
        "incomeBeforeTax": 0,
        "incomeBeforeTaxRatio": 0,
        "incomeTaxExpense": 1200000,
        "netIncome": -1200000,
        "netIncomeRatio": -0.0069244085,
        "eps": -0.02,
        "epsdiluted": -0.02,
        "weightedAverageShsOut": 60000000,
        "weightedAverageShsOutDil": 60000000,
        "link": "",
        "finalLink": ""
    },
    {
        "date": "1987-12-31",
        "symbol": "ALK",
        "reportedCurrency": "USD",
        "cik": "0000766421",
        "fillingDate": "1987-12-31",
        "acceptedDate": "1987-12-30 19:00:00",
        "calendarYear": "1987",
        "period": "Q4",
        "revenue": 175100000,
        "costOfRevenue": 0,
        "grossProfit": 175100000,
        "grossProfitRatio": 1,
        "researchAndDevelopmentExpenses": 0,
        "generalAndAdministrativeExpenses": 0,
        "sellingAndMarketingExpenses": 0,
        "sellingGeneralAndAdministrativeExpenses": 0,
        "otherExpenses": -675500000,
        "operatingExpenses": -675500000,
        "costAndExpenses": -675500000,
        "interestIncome": 0,
        "interestExpense": 0,
        "depreciationAndAmortization": 0,
        "ebitda": -500400000,
        "ebitdaratio": -2.8577955454,
        "operatingIncome": -500400000,
        "operatingIncomeRatio": -2.8577955454,
        "totalOtherIncomeExpensesNet": 500400000,
        "incomeBeforeTax": 0,
        "incomeBeforeTaxRatio": 0,
        "incomeTaxExpense": -500000,
        "netIncome": 500000,
        "netIncomeRatio": 0.0028555111,
        "eps": 0.0083,
        "epsdiluted": 0.0083,
        "weightedAverageShsOut": 60000000,
        "weightedAverageShsOutDil": 60000000,
        "link": "",
        "finalLink": ""
    },
    {
        "date": "1987-09-30",
        "symbol": "ALK",
        "reportedCurrency": "USD",
        "cik": "0000766421",
        "fillingDate": "1987-09-30",
        "acceptedDate": "1987-09-29 20:00:00",
        "calendarYear": "1987",
        "period": "Q3",
        "revenue": 214900000,
        "costOfRevenue": 0,
        "grossProfit": 214900000,
        "grossProfitRatio": 1,
        "researchAndDevelopmentExpenses": 0,
        "generalAndAdministrativeExpenses": 0,
        "sellingAndMarketingExpenses": 0,
        "sellingGeneralAndAdministrativeExpenses": 0,
        "otherExpenses": 0,
        "operatingExpenses": 0,
        "costAndExpenses": 0,
        "interestIncome": 0,
        "interestExpense": 0,
        "depreciationAndAmortization": 0,
        "ebitda": 214900000,
        "ebitdaratio": 1,
        "operatingIncome": 214900000,
        "operatingIncomeRatio": 1,
        "totalOtherIncomeExpensesNet": -214900000,
        "incomeBeforeTax": 0,
        "incomeBeforeTaxRatio": 0,
        "incomeTaxExpense": -14000000,
        "netIncome": 14000000,
        "netIncomeRatio": 0.0651465798,
        "eps": 0.22,
        "epsdiluted": 0.21,
        "weightedAverageShsOut": 65116279,
        "weightedAverageShsOutDil": 68292683,
        "link": "",
        "finalLink": ""
    },
    {
        "date": "1987-06-30",
        "symbol": "ALK",
        "reportedCurrency": "USD",
        "cik": "0000766421",
        "fillingDate": "1987-06-30",
        "acceptedDate": "1987-06-29 20:00:00",
        "calendarYear": "1987",
        "period": "Q2",
        "revenue": 178400000,
        "costOfRevenue": 0,
        "grossProfit": 178400000,
        "grossProfitRatio": 1,
        "researchAndDevelopmentExpenses": 0,
        "generalAndAdministrativeExpenses": 0,
        "sellingAndMarketingExpenses": 0,
        "sellingGeneralAndAdministrativeExpenses": 0,
        "otherExpenses": 0,
        "operatingExpenses": 0,
        "costAndExpenses": 0,
        "interestIncome": 0,
        "interestExpense": 0,
        "depreciationAndAmortization": 0,
        "ebitda": 178400000,
        "ebitdaratio": 1,
        "operatingIncome": 178400000,
        "operatingIncomeRatio": 1,
        "totalOtherIncomeExpensesNet": -178400000,
        "incomeBeforeTax": 0,
        "incomeBeforeTaxRatio": 0,
        "incomeTaxExpense": -5500000,
        "netIncome": 5500000,
        "netIncomeRatio": 0.0308295964,
        "eps": 0.085,
        "epsdiluted": 0.0825,
        "weightedAverageShsOut": 64705882,
        "weightedAverageShsOutDil": 66666667,
        "link": "",
        "finalLink": ""
    },
    {
        "date": "1987-03-31",
        "symbol": "ALK",
        "reportedCurrency": "USD",
        "cik": "0000766421",
        "fillingDate": "1987-03-31",
        "acceptedDate": "1987-03-30 19:00:00",
        "calendarYear": "1987",
        "period": "Q1",
        "revenue": 141400000,
        "costOfRevenue": 0,
        "grossProfit": 141400000,
        "grossProfitRatio": 1,
        "researchAndDevelopmentExpenses": 0,
        "generalAndAdministrativeExpenses": 0,
        "sellingAndMarketingExpenses": 0,
        "sellingGeneralAndAdministrativeExpenses": 0,
        "otherExpenses": 0,
        "operatingExpenses": 0,
        "costAndExpenses": 0,
        "interestIncome": 0,
        "interestExpense": 0,
        "depreciationAndAmortization": 0,
        "ebitda": 141400000,
        "ebitdaratio": 1,
        "operatingIncome": 141400000,
        "operatingIncomeRatio": 1,
        "totalOtherIncomeExpensesNet": -141400000,
        "incomeBeforeTax": 0,
        "incomeBeforeTaxRatio": 0,
        "incomeTaxExpense": 6800000,
        "netIncome": -6800000,
        "netIncomeRatio": -0.0480905233,
        "eps": -0.12,
        "epsdiluted": -0.0975,
        "weightedAverageShsOut": 55510204,
        "weightedAverageShsOutDil": 69743590,
        "link": "",
        "finalLink": ""
    },
    {
        "date": "1986-12-31",
        "symbol": "ALK",
        "reportedCurrency": "USD",
        "cik": "0000766421",
        "fillingDate": "1986-12-31",
        "acceptedDate": "1986-12-30 19:00:00",
        "calendarYear": "1986",
        "period": "Q4",
        "revenue": 126100000,
        "costOfRevenue": 0,
        "grossProfit": 126100000,
        "grossProfitRatio": 1,
        "researchAndDevelopmentExpenses": 0,
        "generalAndAdministrativeExpenses": 0,
        "sellingAndMarketingExpenses": 0,
        "sellingGeneralAndAdministrativeExpenses": 0,
        "otherExpenses": -430500000,
        "operatingExpenses": -430500000,
        "costAndExpenses": -430500000,
        "interestIncome": 0,
        "interestExpense": 0,
        "depreciationAndAmortization": 0,
        "ebitda": -304400000,
        "ebitdaratio": -2.4139571768,
        "operatingIncome": -304400000,
        "operatingIncomeRatio": -2.4139571768,
        "totalOtherIncomeExpensesNet": 304400000,
        "incomeBeforeTax": 0,
        "incomeBeforeTaxRatio": 0,
        "incomeTaxExpense": -1800000,
        "netIncome": 1800000,
        "netIncomeRatio": 0.0142743854,
        "eps": 0.032,
        "epsdiluted": 0.026,
        "weightedAverageShsOut": 55510204,
        "weightedAverageShsOutDil": 69743590,
        "link": "",
        "finalLink": ""
    },
    {
        "date": "1986-09-30",
        "symbol": "ALK",
        "reportedCurrency": "USD",
        "cik": "0000766421",
        "fillingDate": "1986-09-30",
        "acceptedDate": "1986-09-29 20:00:00",
        "calendarYear": "1986",
        "period": "Q3",
        "revenue": 133400000,
        "costOfRevenue": 0,
        "grossProfit": 133400000,
        "grossProfitRatio": 1,
        "researchAndDevelopmentExpenses": 0,
        "generalAndAdministrativeExpenses": 0,
        "sellingAndMarketingExpenses": 0,
        "sellingGeneralAndAdministrativeExpenses": 0,
        "otherExpenses": 0,
        "operatingExpenses": 0,
        "costAndExpenses": 0,
        "interestIncome": 0,
        "interestExpense": 0,
        "depreciationAndAmortization": 0,
        "ebitda": 133400000,
        "ebitdaratio": 1,
        "operatingIncome": 133400000,
        "operatingIncomeRatio": 1,
        "totalOtherIncomeExpensesNet": -133400000,
        "incomeBeforeTax": 0,
        "incomeBeforeTaxRatio": 0,
        "incomeTaxExpense": -18000000,
        "netIncome": 18000000,
        "netIncomeRatio": 0.1349325337,
        "eps": 0.36,
        "epsdiluted": 0.3,
        "weightedAverageShsOut": 50349650,
        "weightedAverageShsOutDil": 61016949,
        "link": "",
        "finalLink": ""
    },
    {
        "date": "1986-06-30",
        "symbol": "ALK",
        "reportedCurrency": "USD",
        "cik": "0000766421",
        "fillingDate": "1986-06-30",
        "acceptedDate": "1986-06-29 20:00:00",
        "calendarYear": "1986",
        "period": "Q2",
        "revenue": 110000000,
        "costOfRevenue": 0,
        "grossProfit": 110000000,
        "grossProfitRatio": 1,
        "researchAndDevelopmentExpenses": 0,
        "generalAndAdministrativeExpenses": 0,
        "sellingAndMarketingExpenses": 0,
        "sellingGeneralAndAdministrativeExpenses": 0,
        "otherExpenses": 0,
        "operatingExpenses": 0,
        "costAndExpenses": 0,
        "interestIncome": 0,
        "interestExpense": 0,
        "depreciationAndAmortization": 0,
        "ebitda": 110000000,
        "ebitdaratio": 1,
        "operatingIncome": 110000000,
        "operatingIncomeRatio": 1,
        "totalOtherIncomeExpensesNet": -110000000,
        "incomeBeforeTax": 0,
        "incomeBeforeTaxRatio": 0,
        "incomeTaxExpense": -2800000,
        "netIncome": 2800000,
        "netIncomeRatio": 0.0254545455,
        "eps": 0.0575,
        "epsdiluted": 0.055,
        "weightedAverageShsOut": 48695652,
        "weightedAverageShsOutDil": 50909091,
        "link": "",
        "finalLink": ""
    },
    {
        "date": "1986-03-31",
        "symbol": "ALK",
        "reportedCurrency": "USD",
        "cik": "0000766421",
        "fillingDate": "1986-03-31",
        "acceptedDate": "1986-03-30 19:00:00",
        "calendarYear": "1986",
        "period": "Q1",
        "revenue": 98800000,
        "costOfRevenue": 0,
        "grossProfit": 98800000,
        "grossProfitRatio": 1,
        "researchAndDevelopmentExpenses": 0,
        "generalAndAdministrativeExpenses": 0,
        "sellingAndMarketingExpenses": 0,
        "sellingGeneralAndAdministrativeExpenses": 0,
        "otherExpenses": 0,
        "operatingExpenses": 0,
        "costAndExpenses": 0,
        "interestIncome": 0,
        "interestExpense": 0,
        "depreciationAndAmortization": 0,
        "ebitda": 98800000,
        "ebitdaratio": 1,
        "operatingIncome": 98800000,
        "operatingIncomeRatio": 1,
        "totalOtherIncomeExpensesNet": -98800000,
        "incomeBeforeTax": 0,
        "incomeBeforeTaxRatio": 0,
        "incomeTaxExpense": 4800000,
        "netIncome": -4800000,
        "netIncomeRatio": -0.048582996,
        "eps": -0.0975,
        "epsdiluted": -0.0975,
        "weightedAverageShsOut": 49230769,
        "weightedAverageShsOutDil": 49230769,
        "link": "",
        "finalLink": ""
    },
    {
        "date": "1985-12-31",
        "symbol": "ALK",
        "reportedCurrency": "USD",
        "cik": "0000766421",
        "fillingDate": "1985-12-31",
        "acceptedDate": "1985-12-30 19:00:00",
        "calendarYear": "1985",
        "period": "Q4",
        "revenue": 102700000,
        "costOfRevenue": 0,
        "grossProfit": 102700000,
        "grossProfitRatio": 1,
        "researchAndDevelopmentExpenses": 0,
        "generalAndAdministrativeExpenses": 0,
        "sellingAndMarketingExpenses": 0,
        "sellingGeneralAndAdministrativeExpenses": 0,
        "otherExpenses": -402100000,
        "operatingExpenses": -402100000,
        "costAndExpenses": -402100000,
        "interestIncome": 0,
        "interestExpense": 0,
        "depreciationAndAmortization": 0,
        "ebitda": -299400000,
        "ebitdaratio": -2.9152872444,
        "operatingIncome": -299400000,
        "operatingIncomeRatio": -2.9152872444,
        "totalOtherIncomeExpensesNet": 299400000,
        "incomeBeforeTax": 0,
        "incomeBeforeTaxRatio": 0,
        "incomeTaxExpense": -300000,
        "netIncome": 300000,
        "netIncomeRatio": 0.0029211295,
        "eps": 0.0061,
        "epsdiluted": 0.0061,
        "weightedAverageShsOut": 49230769,
        "weightedAverageShsOutDil": 49230769,
        "link": "",
        "finalLink": ""
    },
    {
        "date": "1985-09-30",
        "symbol": "ALK",
        "reportedCurrency": "USD",
        "cik": "0000766421",
        "fillingDate": "1985-09-30",
        "acceptedDate": "1985-09-29 20:00:00",
        "calendarYear": "1985",
        "period": "Q3",
        "revenue": 132900000,
        "costOfRevenue": 0,
        "grossProfit": 132900000,
        "grossProfitRatio": 1,
        "researchAndDevelopmentExpenses": 0,
        "generalAndAdministrativeExpenses": 0,
        "sellingAndMarketingExpenses": 0,
        "sellingGeneralAndAdministrativeExpenses": 0,
        "otherExpenses": 0,
        "operatingExpenses": 0,
        "costAndExpenses": 0,
        "interestIncome": 0,
        "interestExpense": 0,
        "depreciationAndAmortization": 0,
        "ebitda": 132900000,
        "ebitdaratio": 1,
        "operatingIncome": 132900000,
        "operatingIncomeRatio": 1,
        "totalOtherIncomeExpensesNet": -132900000,
        "incomeBeforeTax": 0,
        "incomeBeforeTaxRatio": 0,
        "incomeTaxExpense": -13100000,
        "netIncome": 13100000,
        "netIncomeRatio": 0.0985703536,
        "eps": 0.26,
        "epsdiluted": 0.22,
        "weightedAverageShsOut": 50384615,
        "weightedAverageShsOutDil": 60930233,
        "link": "",
        "finalLink": ""
    }
]