[
    {
        "date": "2024-12-31",
        "symbol": "ALTR",
        "reportedCurrency": "USD",
        "cik": "0001701732",
        "fillingDate": "2025-02-20",
        "acceptedDate": "2025-02-20 16:25:25",
        "calendarYear": "2024",
        "period": "Q4",
        "revenue": 192631000,
        "costOfRevenue": 33379000,
        "grossProfit": 159252000,
        "grossProfitRatio": 0.8267205175,
        "researchAndDevelopmentExpenses": 57147000,
        "generalAndAdministrativeExpenses": 35595000,
        "sellingAndMarketingExpenses": 47812000,
        "sellingGeneralAndAdministrativeExpenses": 83407000,
        "otherExpenses": 7733000,
        "operatingExpenses": 148287000,
        "costAndExpenses": 181666000,
        "interestIncome": 5475000,
        "interestExpense": 1339000,
        "depreciationAndAmortization": -316000,
        "ebitda": 10965000,
        "ebitdaratio": 0.0569223022,
        "operatingIncome": 10965000,
        "operatingIncomeRatio": 0.0569223022,
        "totalOtherIncomeExpensesNet": -1023000,
        "incomeBeforeTax": 9942000,
        "incomeBeforeTaxRatio": 0.0516116305,
        "incomeTaxExpense": 8946000,
        "netIncome": 996000,
        "netIncomeRatio": 0.0051705073,
        "eps": 0.0117,
        "epsdiluted": 0.0117,
        "weightedAverageShsOut": 85289000,
        "weightedAverageShsOutDil": 85289000,
        "link": "https://www.sec.gov/Archives/edgar/data/1701732/000095017025024197/0000950170-25-024197-index.htm",
        "finalLink": "https://www.sec.gov/Archives/edgar/data/1701732/000095017025024197/altr-20241231.htm"
    },
    {
        "date": "2024-09-30",
        "symbol": "ALTR",
        "reportedCurrency": "USD",
        "cik": "0001701732",
        "fillingDate": "2024-10-31",
        "acceptedDate": "2024-10-31 14:37:41",
        "calendarYear": "2024",
        "period": "Q3",
        "revenue": 151450000,
        "costOfRevenue": 30015000,
        "grossProfit": 121435000,
        "grossProfitRatio": 0.8018157808,
        "researchAndDevelopmentExpenses": 56111000,
        "generalAndAdministrativeExpenses": 17500000,
        "sellingAndMarketingExpenses": 45559000,
        "sellingGeneralAndAdministrativeExpenses": 63059000,
        "otherExpenses": 6577000,
        "operatingExpenses": 125747000,
        "costAndExpenses": 155762000,
        "interestIncome": 5902000,
        "interestExpense": 1317000,
        "depreciationAndAmortization": 11563000,
        "ebitda": 18009000,
        "ebitdaratio": 0.1189105315,
        "operatingIncome": -4312000,
        "operatingIncomeRatio": -0.0284714427,
        "totalOtherIncomeExpensesNet": 9441000,
        "incomeBeforeTax": 5129000,
        "incomeBeforeTaxRatio": 0.0338659624,
        "incomeTaxExpense": 3350000,
        "netIncome": 1779000,
        "netIncomeRatio": 0.011746451,
        "eps": 0.021,
        "epsdiluted": 0.0201,
        "weightedAverageShsOut": 84835000,
        "weightedAverageShsOutDil": 88425000,
        "link": "https://www.sec.gov/Archives/edgar/data/1701732/000095017024119474/0000950170-24-119474-index.htm",
        "finalLink": "https://www.sec.gov/Archives/edgar/data/1701732/000095017024119474/altr-20240930.htm"
    },
    {
        "date": "2024-06-30",
        "symbol": "ALTR",
        "reportedCurrency": "USD",
        "cik": "0001701732",
        "fillingDate": "2024-08-01",
        "acceptedDate": "2024-08-01 16:45:27",
        "calendarYear": "2024",
        "period": "Q2",
        "revenue": 148795000,
        "costOfRevenue": 38145000,
        "grossProfit": 110650000,
        "grossProfitRatio": 0.7436405793,
        "researchAndDevelopmentExpenses": 55570000,
        "generalAndAdministrativeExpenses": 19294000,
        "sellingAndMarketingExpenses": 46475000,
        "sellingGeneralAndAdministrativeExpenses": 65769000,
        "otherExpenses": 0,
        "operatingExpenses": 121339000,
        "costAndExpenses": 159484000,
        "interestIncome": 5896000,
        "interestExpense": 1604000,
        "depreciationAndAmortization": 9938000,
        "ebitda": 5785000,
        "ebitdaratio": 0.0388789946,
        "operatingIncome": -10689000,
        "operatingIncomeRatio": -0.0718370913,
        "totalOtherIncomeExpensesNet": 4146000,
        "incomeBeforeTax": -5757000,
        "incomeBeforeTaxRatio": -0.0386908162,
        "incomeTaxExpense": -610000,
        "netIncome": -5147000,
        "netIncomeRatio": -0.0345912161,
        "eps": -0.0616,
        "epsdiluted": -0.0616,
        "weightedAverageShsOut": 83607000,
        "weightedAverageShsOutDil": 83607000,
        "link": "https://www.sec.gov/Archives/edgar/data/1701732/000095017024089373/0000950170-24-089373-index.htm",
        "finalLink": "https://www.sec.gov/Archives/edgar/data/1701732/000095017024089373/altr-20240630.htm"
    },
    {
        "date": "2024-03-31",
        "symbol": "ALTR",
        "reportedCurrency": "USD",
        "cik": "0001701732",
        "fillingDate": "2024-05-02",
        "acceptedDate": "2024-05-02 16:30:44",
        "calendarYear": "2024",
        "period": "Q1",
        "revenue": 172912000,
        "costOfRevenue": 30893000,
        "grossProfit": 142019000,
        "grossProfitRatio": 0.821336865,
        "researchAndDevelopmentExpenses": 52333000,
        "generalAndAdministrativeExpenses": 17761000,
        "sellingAndMarketingExpenses": 44434000,
        "sellingGeneralAndAdministrativeExpenses": 62195000,
        "otherExpenses": 0,
        "operatingExpenses": 121084000,
        "costAndExpenses": 151977000,
        "interestIncome": 5722000,
        "interestExpense": 1576000,
        "depreciationAndAmortization": 9619000,
        "ebitda": 30699000,
        "ebitdaratio": 0.177541177,
        "operatingIncome": 20935000,
        "operatingIncomeRatio": 0.121073147,
        "totalOtherIncomeExpensesNet": 2381000,
        "incomeBeforeTax": 23316000,
        "incomeBeforeTaxRatio": 0.1348431572,
        "incomeTaxExpense": 6769000,
        "netIncome": 16547000,
        "netIncomeRatio": 0.0956960766,
        "eps": 0.2,
        "epsdiluted": 0.2,
        "weightedAverageShsOut": 82587000,
        "weightedAverageShsOutDil": 89806000,
        "link": "https://www.sec.gov/Archives/edgar/data/1701732/000095017024052198/0000950170-24-052198-index.htm",
        "finalLink": "https://www.sec.gov/Archives/edgar/data/1701732/000095017024052198/altr-20240331.htm"
    },
    {
        "date": "2023-12-31",
        "symbol": "ALTR",
        "reportedCurrency": "USD",
        "cik": "0001701732",
        "fillingDate": "2024-02-22",
        "acceptedDate": "2024-02-22 16:21:28",
        "calendarYear": "2023",
        "period": "Q4",
        "revenue": 171503000,
        "costOfRevenue": 29173000,
        "grossProfit": 142330000,
        "grossProfitRatio": 0.8298980193,
        "researchAndDevelopmentExpenses": 52519000,
        "generalAndAdministrativeExpenses": 17096000,
        "sellingAndMarketingExpenses": 43595000,
        "sellingGeneralAndAdministrativeExpenses": 60691000,
        "otherExpenses": -15309000,
        "operatingExpenses": 119740000,
        "costAndExpenses": 148913000,
        "interestIncome": 5163000,
        "interestExpense": 1533000,
        "depreciationAndAmortization": 9853000,
        "ebitda": 33655000,
        "ebitdaratio": 0.1962356344,
        "operatingIncome": 22590000,
        "operatingIncomeRatio": 0.1317178125,
        "totalOtherIncomeExpensesNet": 7261000,
        "incomeBeforeTax": 29851000,
        "incomeBeforeTaxRatio": 0.1740552643,
        "incomeTaxExpense": 10176000,
        "netIncome": 19675000,
        "netIncomeRatio": 0.1147210253,
        "eps": 0.24,
        "epsdiluted": 0.22,
        "weightedAverageShsOut": 81760000,
        "weightedAverageShsOutDil": 88977000,
        "link": "https://www.sec.gov/Archives/edgar/data/1701732/000095017024018804/0000950170-24-018804-index.htm",
        "finalLink": "https://www.sec.gov/Archives/edgar/data/1701732/000095017024018804/altr-20231231.htm"
    },
    {
        "date": "2023-09-30",
        "symbol": "ALTR",
        "reportedCurrency": "USD",
        "cik": "0001701732",
        "fillingDate": "2023-11-02",
        "acceptedDate": "2023-11-02 16:30:47",
        "calendarYear": "2023",
        "period": "Q3",
        "revenue": 134003000,
        "costOfRevenue": 29086000,
        "grossProfit": 104917000,
        "grossProfitRatio": 0.7829451579,
        "researchAndDevelopmentExpenses": 51598000,
        "generalAndAdministrativeExpenses": 24151000,
        "sellingAndMarketingExpenses": 37136000,
        "sellingGeneralAndAdministrativeExpenses": 61287000,
        "otherExpenses": 1890000,
        "operatingExpenses": 124997000,
        "costAndExpenses": 154083000,
        "interestIncome": 4823000,
        "interestExpense": 1529000,
        "depreciationAndAmortization": 9783000,
        "ebitda": 409000,
        "ebitdaratio": 0.0030521705,
        "operatingIncome": -11264000,
        "operatingIncomeRatio": -0.0840578196,
        "totalOtherIncomeExpensesNet": 361000,
        "incomeBeforeTax": -10903000,
        "incomeBeforeTaxRatio": -0.0813638501,
        "incomeTaxExpense": -6541000,
        "netIncome": -4362000,
        "netIncomeRatio": -0.03255151,
        "eps": -0.0542,
        "epsdiluted": -0.0542,
        "weightedAverageShsOut": 80431000,
        "weightedAverageShsOutDil": 80431000,
        "link": "https://www.sec.gov/Archives/edgar/data/1701732/000095017023058280/0000950170-23-058280-index.htm",
        "finalLink": "https://www.sec.gov/Archives/edgar/data/1701732/000095017023058280/altr-20230930.htm"
    },
    {
        "date": "2023-06-30",
        "symbol": "ALTR",
        "reportedCurrency": "USD",
        "cik": "0001701732",
        "fillingDate": "2023-08-03",
        "acceptedDate": "2023-08-03 16:33:03",
        "calendarYear": "2023",
        "period": "Q2",
        "revenue": 141161000,
        "costOfRevenue": 30797000,
        "grossProfit": 110364000,
        "grossProfitRatio": 0.7818306756,
        "researchAndDevelopmentExpenses": 55277000,
        "generalAndAdministrativeExpenses": 18622000,
        "sellingAndMarketingExpenses": 44982000,
        "sellingGeneralAndAdministrativeExpenses": 63604000,
        "otherExpenses": 0,
        "operatingExpenses": 126633000,
        "costAndExpenses": 157430000,
        "interestIncome": 3984000,
        "interestExpense": 1528000,
        "depreciationAndAmortization": 9738000,
        "ebitda": -2336000,
        "ebitdaratio": -0.0165484801,
        "operatingIncome": -16269000,
        "operatingIncomeRatio": -0.1152513796,
        "totalOtherIncomeExpensesNet": 2667000,
        "incomeBeforeTax": -13602000,
        "incomeBeforeTaxRatio": -0.0963580592,
        "incomeTaxExpense": 8678000,
        "netIncome": -22280000,
        "netIncomeRatio": -0.1578339626,
        "eps": -0.28,
        "epsdiluted": -0.28,
        "weightedAverageShsOut": 79986000,
        "weightedAverageShsOutDil": 79986000,
        "link": "https://www.sec.gov/Archives/edgar/data/1701732/000095017023038087/0000950170-23-038087-index.htm",
        "finalLink": "https://www.sec.gov/Archives/edgar/data/1701732/000095017023038087/altr-20230630.htm"
    },
    {
        "date": "2023-03-31",
        "symbol": "ALTR",
        "reportedCurrency": "USD",
        "cik": "0001701732",
        "fillingDate": "2023-05-04",
        "acceptedDate": "2023-05-04 16:21:04",
        "calendarYear": "2023",
        "period": "Q1",
        "revenue": 166034000,
        "costOfRevenue": 32735000,
        "grossProfit": 133299000,
        "grossProfitRatio": 0.8028415867,
        "researchAndDevelopmentExpenses": 53251000,
        "generalAndAdministrativeExpenses": 17951000,
        "sellingAndMarketingExpenses": 43492000,
        "sellingGeneralAndAdministrativeExpenses": 61443000,
        "otherExpenses": 13419000,
        "operatingExpenses": 128113000,
        "costAndExpenses": 160848000,
        "interestIncome": 2885000,
        "interestExpense": 1526000,
        "depreciationAndAmortization": 9750000,
        "ebitda": 18549000,
        "ebitdaratio": 0.1117180818,
        "operatingIncome": 5186000,
        "operatingIncomeRatio": 0.0312345664,
        "totalOtherIncomeExpensesNet": 2087000,
        "incomeBeforeTax": 7273000,
        "incomeBeforeTaxRatio": 0.0438042811,
        "incomeTaxExpense": 9232000,
        "netIncome": -1959000,
        "netIncomeRatio": -0.0117987882,
        "eps": -0.0244,
        "epsdiluted": -0.0244,
        "weightedAverageShsOut": 80191000,
        "weightedAverageShsOutDil": 80191000,
        "link": "https://www.sec.gov/Archives/edgar/data/1701732/000095017023017901/0000950170-23-017901-index.htm",
        "finalLink": "https://www.sec.gov/Archives/edgar/data/1701732/000095017023017901/altr-20230331.htm"
    },
    {
        "date": "2022-12-31",
        "symbol": "ALTR",
        "reportedCurrency": "USD",
        "cik": "0001701732",
        "fillingDate": "2023-02-24",
        "acceptedDate": "2023-02-24 10:47:03",
        "calendarYear": "2022",
        "period": "Q4",
        "revenue": 160433000,
        "costOfRevenue": 33854000,
        "grossProfit": 126579000,
        "grossProfitRatio": 0.7889835632,
        "researchAndDevelopmentExpenses": 47511000,
        "generalAndAdministrativeExpenses": 24993000,
        "sellingAndMarketingExpenses": 41203000,
        "sellingGeneralAndAdministrativeExpenses": 66196000,
        "otherExpenses": 8256000,
        "operatingExpenses": 121963000,
        "costAndExpenses": 155817000,
        "interestIncome": 0,
        "interestExpense": 1526000,
        "depreciationAndAmortization": 11412000,
        "ebitda": 16357000,
        "ebitdaratio": 0.1019553334,
        "operatingIncome": 13799000,
        "operatingIncomeRatio": 0.0860109828,
        "totalOtherIncomeExpensesNet": -1526000,
        "incomeBeforeTax": 12273000,
        "incomeBeforeTaxRatio": 0.076499224,
        "incomeTaxExpense": 208000,
        "netIncome": 12065000,
        "netIncomeRatio": 0.0752027326,
        "eps": 0.15,
        "epsdiluted": 0.14,
        "weightedAverageShsOut": 80266000,
        "weightedAverageShsOutDil": 87498000,
        "link": "https://www.sec.gov/Archives/edgar/data/1701732/000095017023004281/0000950170-23-004281-index.htm",
        "finalLink": "https://www.sec.gov/Archives/edgar/data/1701732/000095017023004281/altr-20221231.htm"
    },
    {
        "date": "2022-09-30",
        "symbol": "ALTR",
        "reportedCurrency": "USD",
        "cik": "0001701732",
        "fillingDate": "2022-11-04",
        "acceptedDate": "2022-11-04 09:57:29",
        "calendarYear": "2022",
        "period": "Q3",
        "revenue": 119351000,
        "costOfRevenue": 27909000,
        "grossProfit": 91442000,
        "grossProfitRatio": 0.766160317,
        "researchAndDevelopmentExpenses": 48781000,
        "generalAndAdministrativeExpenses": 24677000,
        "sellingAndMarketingExpenses": 39244000,
        "sellingGeneralAndAdministrativeExpenses": 63921000,
        "otherExpenses": 3736000,
        "operatingExpenses": 116438000,
        "costAndExpenses": 144347000,
        "interestIncome": 1708000,
        "interestExpense": 1566000,
        "depreciationAndAmortization": 8273000,
        "ebitda": -18830000,
        "ebitdaratio": -0.1577699391,
        "operatingIncome": -24996000,
        "operatingIncomeRatio": -0.2094326818,
        "totalOtherIncomeExpensesNet": -3673000,
        "incomeBeforeTax": -28669000,
        "incomeBeforeTaxRatio": -0.2402074553,
        "incomeTaxExpense": 4579000,
        "netIncome": -33248000,
        "netIncomeRatio": -0.2785732838,
        "eps": -0.42,
        "epsdiluted": -0.42,
        "weightedAverageShsOut": 79161902,
        "weightedAverageShsOutDil": 79207000,
        "link": "https://www.sec.gov/Archives/edgar/data/1701732/000095017022022092/0000950170-22-022092-index.htm",
        "finalLink": "https://www.sec.gov/Archives/edgar/data/1701732/000095017022022092/altr-20220930.htm"
    },
    {
        "date": "2022-06-30",
        "symbol": "ALTR",
        "reportedCurrency": "USD",
        "cik": "0001701732",
        "fillingDate": "2022-08-04",
        "acceptedDate": "2022-08-04 16:52:21",
        "calendarYear": "2022",
        "period": "Q2",
        "revenue": 132656000,
        "costOfRevenue": 29523000,
        "grossProfit": 103133000,
        "grossProfitRatio": 0.7774469304,
        "researchAndDevelopmentExpenses": 46477000,
        "generalAndAdministrativeExpenses": 24367000,
        "sellingAndMarketingExpenses": 39116000,
        "sellingGeneralAndAdministrativeExpenses": 63483000,
        "otherExpenses": 441000,
        "operatingExpenses": 110401000,
        "costAndExpenses": 139924000,
        "interestIncome": 455000,
        "interestExpense": 700000,
        "depreciationAndAmortization": 8133000,
        "ebitda": -21042000,
        "ebitdaratio": -0.1586207936,
        "operatingIncome": -6813000,
        "operatingIncomeRatio": -0.0513584007,
        "totalOtherIncomeExpensesNet": -22607000,
        "incomeBeforeTax": -29875000,
        "incomeBeforeTaxRatio": -0.2252065493,
        "incomeTaxExpense": 3899000,
        "netIncome": -33774000,
        "netIncomeRatio": -0.2545983597,
        "eps": -0.43,
        "epsdiluted": -0.43,
        "weightedAverageShsOut": 78544186,
        "weightedAverageShsOutDil": 78948000,
        "link": "https://www.sec.gov/Archives/edgar/data/1701732/000095017022014838/0000950170-22-014838-index.htm",
        "finalLink": "https://www.sec.gov/Archives/edgar/data/1701732/000095017022014838/altr-20220630.htm"
    },
    {
        "date": "2022-03-31",
        "symbol": "ALTR",
        "reportedCurrency": "USD",
        "cik": "0001701732",
        "fillingDate": "2022-05-05",
        "acceptedDate": "2022-05-05 16:16:20",
        "calendarYear": "2022",
        "period": "Q1",
        "revenue": 159781000,
        "costOfRevenue": 31603000,
        "grossProfit": 128178000,
        "grossProfitRatio": 0.8022105257,
        "researchAndDevelopmentExpenses": 43094000,
        "generalAndAdministrativeExpenses": 23569000,
        "sellingAndMarketingExpenses": 35682000,
        "sellingGeneralAndAdministrativeExpenses": 59251000,
        "otherExpenses": 5122000,
        "operatingExpenses": 107467000,
        "costAndExpenses": 139070000,
        "interestIncome": 0,
        "interestExpense": 585000,
        "depreciationAndAmortization": 7686000,
        "ebitda": 28397000,
        "ebitdaratio": 0.1777245104,
        "operatingIncome": 20711000,
        "operatingIncomeRatio": 0.129621169,
        "totalOtherIncomeExpensesNet": -2653000,
        "incomeBeforeTax": 18058000,
        "incomeBeforeTaxRatio": 0.1130171923,
        "incomeTaxExpense": 6530000,
        "netIncome": 11528000,
        "netIncomeRatio": 0.0721487536,
        "eps": 0.13,
        "epsdiluted": 0.13,
        "weightedAverageShsOut": 86184854,
        "weightedAverageShsOutDil": 87261000,
        "link": "https://www.sec.gov/Archives/edgar/data/1701732/000156459022018256/0001564590-22-018256-index.htm",
        "finalLink": "https://www.sec.gov/Archives/edgar/data/1701732/000156459022018256/altr-10q_20220331.htm"
    },
    {
        "date": "2021-12-31",
        "symbol": "ALTR",
        "reportedCurrency": "USD",
        "cik": "0001701732",
        "fillingDate": "2022-02-28",
        "acceptedDate": "2022-02-28 16:44:56",
        "calendarYear": "2021",
        "period": "Q4",
        "revenue": 140797000,
        "costOfRevenue": 32797000,
        "grossProfit": 108000000,
        "grossProfitRatio": 0.7670617982,
        "researchAndDevelopmentExpenses": 38177000,
        "generalAndAdministrativeExpenses": 23517000,
        "sellingAndMarketingExpenses": 38182000,
        "sellingGeneralAndAdministrativeExpenses": 61699000,
        "otherExpenses": 1105000,
        "operatingExpenses": 103353000,
        "costAndExpenses": 136150000,
        "interestIncome": 0,
        "interestExpense": 3067000,
        "depreciationAndAmortization": 6289000,
        "ebitda": 10936000,
        "ebitdaratio": 0.0776721095,
        "operatingIncome": 4647000,
        "operatingIncomeRatio": 0.0330049646,
        "totalOtherIncomeExpensesNet": -1962000,
        "incomeBeforeTax": 2685000,
        "incomeBeforeTaxRatio": 0.0190700086,
        "incomeTaxExpense": 4082000,
        "netIncome": -1397000,
        "netIncomeRatio": -0.0099220864,
        "eps": -0.0177,
        "epsdiluted": -0.0177,
        "weightedAverageShsOut": 79008000,
        "weightedAverageShsOutDil": 79008000,
        "link": "https://www.sec.gov/Archives/edgar/data/1701732/000156459022007651/0001564590-22-007651-index.htm",
        "finalLink": "https://www.sec.gov/Archives/edgar/data/1701732/000156459022007651/altr-10k_20211231.htm"
    },
    {
        "date": "2021-09-30",
        "symbol": "ALTR",
        "reportedCurrency": "USD",
        "cik": "0001701732",
        "fillingDate": "2021-11-04",
        "acceptedDate": "2021-11-04 16:47:06",
        "calendarYear": "2021",
        "period": "Q3",
        "revenue": 121307000,
        "costOfRevenue": 31501000,
        "grossProfit": 89806000,
        "grossProfitRatio": 0.7403200145,
        "researchAndDevelopmentExpenses": 35839000,
        "generalAndAdministrativeExpenses": 22196000,
        "sellingAndMarketingExpenses": 30589000,
        "sellingGeneralAndAdministrativeExpenses": 52785000,
        "otherExpenses": 102000,
        "operatingExpenses": 91732000,
        "costAndExpenses": 123233000,
        "interestIncome": 0,
        "interestExpense": 3037000,
        "depreciationAndAmortization": 6175000,
        "ebitda": 4125000,
        "ebitdaratio": 0.0340046329,
        "operatingIncome": -1926000,
        "operatingIncomeRatio": -0.0158770722,
        "totalOtherIncomeExpensesNet": -3161000,
        "incomeBeforeTax": -5087000,
        "incomeBeforeTaxRatio": -0.0419349254,
        "incomeTaxExpense": 3022000,
        "netIncome": -8109000,
        "netIncomeRatio": -0.0668469256,
        "eps": -0.11,
        "epsdiluted": -0.11,
        "weightedAverageShsOut": 73718181,
        "weightedAverageShsOutDil": 75750000,
        "link": "https://www.sec.gov/Archives/edgar/data/1701732/000156459021054530/0001564590-21-054530-index.htm",
        "finalLink": "https://www.sec.gov/Archives/edgar/data/1701732/000156459021054530/altr-10q_20210930.htm"
    },
    {
        "date": "2021-06-30",
        "symbol": "ALTR",
        "reportedCurrency": "USD",
        "cik": "0001701732",
        "fillingDate": "2021-08-05",
        "acceptedDate": "2021-08-05 16:53:21",
        "calendarYear": "2021",
        "period": "Q2",
        "revenue": 119912000,
        "costOfRevenue": 31946000,
        "grossProfit": 87966000,
        "grossProfitRatio": 0.7335879645,
        "researchAndDevelopmentExpenses": 38757000,
        "generalAndAdministrativeExpenses": 21861000,
        "sellingAndMarketingExpenses": 31909000,
        "sellingGeneralAndAdministrativeExpenses": 53770000,
        "otherExpenses": 4030000,
        "operatingExpenses": 96557000,
        "costAndExpenses": 128503000,
        "interestIncome": 79000,
        "interestExpense": 2988000,
        "depreciationAndAmortization": 6494000,
        "ebitda": -2805000,
        "ebitdaratio": -0.0233921542,
        "operatingIncome": -8591000,
        "operatingIncomeRatio": -0.0716442058,
        "totalOtherIncomeExpensesNet": -3696000,
        "incomeBeforeTax": -12287000,
        "incomeBeforeTaxRatio": -0.102466809,
        "incomeTaxExpense": 1361000,
        "netIncome": -13648000,
        "netIncomeRatio": -0.113816799,
        "eps": -0.18,
        "epsdiluted": -0.18,
        "weightedAverageShsOut": 75263000,
        "weightedAverageShsOutDil": 75263000,
        "link": "https://www.sec.gov/Archives/edgar/data/1701732/000156459021041685/0001564590-21-041685-index.htm",
        "finalLink": "https://www.sec.gov/Archives/edgar/data/1701732/000156459021041685/altr-10q_20210630.htm"
    },
    {
        "date": "2021-03-31",
        "symbol": "ALTR",
        "reportedCurrency": "USD",
        "cik": "0001701732",
        "fillingDate": "2021-05-06",
        "acceptedDate": "2021-05-06 16:38:10",
        "calendarYear": "2021",
        "period": "Q1",
        "revenue": 150163000,
        "costOfRevenue": 33422000,
        "grossProfit": 116741000,
        "grossProfitRatio": 0.7774285277,
        "researchAndDevelopmentExpenses": 38276000,
        "generalAndAdministrativeExpenses": 23926000,
        "sellingAndMarketingExpenses": 32070000,
        "sellingGeneralAndAdministrativeExpenses": 55996000,
        "otherExpenses": 4260000,
        "operatingExpenses": 98532000,
        "costAndExpenses": 131954000,
        "interestIncome": 94000,
        "interestExpense": 2973000,
        "depreciationAndAmortization": 6686000,
        "ebitda": 28195000,
        "ebitdaratio": 0.1877626313,
        "operatingIncome": 18209000,
        "operatingIncomeRatio": 0.1212615624,
        "totalOtherIncomeExpensesNet": -3808000,
        "incomeBeforeTax": 14401000,
        "incomeBeforeTaxRatio": 0.0959024527,
        "incomeTaxExpense": 41000,
        "netIncome": 14360000,
        "netIncomeRatio": 0.095629416,
        "eps": 0.19,
        "epsdiluted": 0.18,
        "weightedAverageShsOut": 74651000,
        "weightedAverageShsOutDil": 79295000,
        "link": "https://www.sec.gov/Archives/edgar/data/1701732/000156459021025062/0001564590-21-025062-index.htm",
        "finalLink": "https://www.sec.gov/Archives/edgar/data/1701732/000156459021025062/altr-10q_20210331.htm"
    },
    {
        "date": "2020-12-31",
        "symbol": "ALTR",
        "reportedCurrency": "USD",
        "cik": "0001701732",
        "fillingDate": "2021-02-26",
        "acceptedDate": "2021-02-26 16:12:14",
        "calendarYear": "2020",
        "period": "Q4",
        "revenue": 133441000,
        "costOfRevenue": 32691000,
        "grossProfit": 100750000,
        "grossProfitRatio": 0.7550153251,
        "researchAndDevelopmentExpenses": 34966000,
        "generalAndAdministrativeExpenses": 22933000,
        "sellingAndMarketingExpenses": 30537000,
        "sellingGeneralAndAdministrativeExpenses": 53470000,
        "otherExpenses": 788000,
        "operatingExpenses": 93427000,
        "costAndExpenses": 126118000,
        "interestIncome": 0,
        "interestExpense": 3008000,
        "depreciationAndAmortization": 6890000,
        "ebitda": 14278000,
        "ebitdaratio": 0.1069985986,
        "operatingIncome": 7323000,
        "operatingIncomeRatio": 0.0548781859,
        "totalOtherIncomeExpensesNet": -2943000,
        "incomeBeforeTax": 4380000,
        "incomeBeforeTaxRatio": 0.032823495,
        "incomeTaxExpense": 2182000,
        "netIncome": 2198000,
        "netIncomeRatio": 0.0164716991,
        "eps": 0.029,
        "epsdiluted": 0.028,
        "weightedAverageShsOut": 74651000,
        "weightedAverageShsOutDil": 79295000,
        "link": "https://www.sec.gov/Archives/edgar/data/1701732/000156459021009427/0001564590-21-009427-index.htm",
        "finalLink": "https://www.sec.gov/Archives/edgar/data/1701732/000156459021009427/altr-10k_20201231.htm"
    },
    {
        "date": "2020-09-30",
        "symbol": "ALTR",
        "reportedCurrency": "USD",
        "cik": "0001701732",
        "fillingDate": "2020-11-05",
        "acceptedDate": "2020-11-05 16:54:43",
        "calendarYear": "2020",
        "period": "Q3",
        "revenue": 106456000,
        "costOfRevenue": 29036000,
        "grossProfit": 77420000,
        "grossProfitRatio": 0.7272488164,
        "researchAndDevelopmentExpenses": 30678000,
        "generalAndAdministrativeExpenses": 20905000,
        "sellingAndMarketingExpenses": 26998000,
        "sellingGeneralAndAdministrativeExpenses": 47903000,
        "otherExpenses": 91000,
        "operatingExpenses": 80843000,
        "costAndExpenses": 109879000,
        "interestIncome": 0,
        "interestExpense": 2934000,
        "depreciationAndAmortization": 5623000,
        "ebitda": 2982000,
        "ebitdaratio": 0.0280115729,
        "operatingIncome": -3423000,
        "operatingIncomeRatio": -0.0321541294,
        "totalOtherIncomeExpensesNet": -2152000,
        "incomeBeforeTax": -5575000,
        "incomeBeforeTaxRatio": -0.0523690539,
        "incomeTaxExpense": 2930000,
        "netIncome": -8505000,
        "netIncomeRatio": -0.079892162,
        "eps": -0.12,
        "epsdiluted": -0.12,
        "weightedAverageShsOut": 70875000,
        "weightedAverageShsOutDil": 73311000,
        "link": "https://www.sec.gov/Archives/edgar/data/1701732/000156459020051432/0001564590-20-051432-index.htm",
        "finalLink": "https://www.sec.gov/Archives/edgar/data/1701732/000156459020051432/altr-10q_20200930.htm"
    },
    {
        "date": "2020-06-30",
        "symbol": "ALTR",
        "reportedCurrency": "USD",
        "cik": "0001701732",
        "fillingDate": "2020-08-06",
        "acceptedDate": "2020-08-06 16:47:02",
        "calendarYear": "2020",
        "period": "Q2",
        "revenue": 98561000,
        "costOfRevenue": 25081000,
        "grossProfit": 73480000,
        "grossProfitRatio": 0.7455281501,
        "researchAndDevelopmentExpenses": 28970000,
        "generalAndAdministrativeExpenses": 20248000,
        "sellingAndMarketingExpenses": 25806000,
        "sellingGeneralAndAdministrativeExpenses": 46054000,
        "otherExpenses": 384000,
        "operatingExpenses": 77772000,
        "costAndExpenses": 102853000,
        "interestIncome": 384000,
        "interestExpense": 2843000,
        "depreciationAndAmortization": 5633000,
        "ebitda": 1021000,
        "ebitdaratio": 0.010359067,
        "operatingIncome": -4292000,
        "operatingIncomeRatio": -0.0435466361,
        "totalOtherIncomeExpensesNet": -3163000,
        "incomeBeforeTax": -7455000,
        "incomeBeforeTaxRatio": -0.0756384371,
        "incomeTaxExpense": 2768000,
        "netIncome": -10223000,
        "netIncomeRatio": -0.1037225677,
        "eps": -0.14,
        "epsdiluted": -0.14,
        "weightedAverageShsOut": 72999000,
        "weightedAverageShsOutDil": 72999000,
        "link": "https://www.sec.gov/Archives/edgar/data/1701732/000156459020037845/0001564590-20-037845-index.htm",
        "finalLink": "https://www.sec.gov/Archives/edgar/data/1701732/000156459020037845/altr-10q_20200630.htm"
    },
    {
        "date": "2020-03-31",
        "symbol": "ALTR",
        "reportedCurrency": "USD",
        "cik": "0001701732",
        "fillingDate": "2020-05-07",
        "acceptedDate": "2020-05-07 16:40:57",
        "calendarYear": "2020",
        "period": "Q1",
        "revenue": 131463000,
        "costOfRevenue": 34497000,
        "grossProfit": 96966000,
        "grossProfitRatio": 0.7375915657,
        "researchAndDevelopmentExpenses": 31467000,
        "generalAndAdministrativeExpenses": 22346000,
        "sellingAndMarketingExpenses": 28099000,
        "sellingGeneralAndAdministrativeExpenses": 50445000,
        "otherExpenses": 654000,
        "operatingExpenses": 84861000,
        "costAndExpenses": 119358000,
        "interestIncome": 654000,
        "interestExpense": 2813000,
        "depreciationAndAmortization": 5660000,
        "ebitda": 17765000,
        "ebitdaratio": 0.1351330793,
        "operatingIncome": 12105000,
        "operatingIncomeRatio": 0.0920791401,
        "totalOtherIncomeExpensesNet": -1423000,
        "incomeBeforeTax": 10682000,
        "incomeBeforeTaxRatio": 0.0812548017,
        "incomeTaxExpense": 4652000,
        "netIncome": 6030000,
        "netIncomeRatio": 0.0458684193,
        "eps": 0.08,
        "epsdiluted": 0.08,
        "weightedAverageShsOut": 72623000,
        "weightedAverageShsOutDil": 77004000,
        "link": "https://www.sec.gov/Archives/edgar/data/1701732/000156459020022951/0001564590-20-022951-index.htm",
        "finalLink": "https://www.sec.gov/Archives/edgar/data/1701732/000156459020022951/altr-10q_20200331.htm"
    },
    {
        "date": "2019-12-31",
        "symbol": "ALTR",
        "reportedCurrency": "USD",
        "cik": "0001701732",
        "fillingDate": "2020-03-02",
        "acceptedDate": "2020-03-02 13:15:25",
        "calendarYear": "2019",
        "period": "Q4",
        "revenue": 123877000,
        "costOfRevenue": 36950000,
        "grossProfit": 86927000,
        "grossProfitRatio": 0.7017202548,
        "researchAndDevelopmentExpenses": 30498000,
        "generalAndAdministrativeExpenses": 21292000,
        "sellingAndMarketingExpenses": 27589000,
        "sellingGeneralAndAdministrativeExpenses": 48881000,
        "otherExpenses": 849000,
        "operatingExpenses": 82778000,
        "costAndExpenses": 119728000,
        "interestIncome": 0,
        "interestExpense": 2785000,
        "depreciationAndAmortization": 5686000,
        "ebitda": 8835000,
        "ebitdaratio": 0.0713207456,
        "operatingIncome": 4149000,
        "operatingIncomeRatio": 0.0334929002,
        "totalOtherIncomeExpensesNet": -1936000,
        "incomeBeforeTax": 2213000,
        "incomeBeforeTaxRatio": 0.0178644946,
        "incomeTaxExpense": 3715000,
        "netIncome": -1502000,
        "netIncomeRatio": -0.0121249304,
        "eps": -0.0208,
        "epsdiluted": -0.0208,
        "weightedAverageShsOut": 72227000,
        "weightedAverageShsOutDil": 72227000,
        "link": "https://www.sec.gov/Archives/edgar/data/1701732/000156459020008059/0001564590-20-008059-index.htm",
        "finalLink": "https://www.sec.gov/Archives/edgar/data/1701732/000156459020008059/altr-10k_20191231.htm"
    },
    {
        "date": "2019-09-30",
        "symbol": "ALTR",
        "reportedCurrency": "USD",
        "cik": "0001701732",
        "fillingDate": "2019-11-07",
        "acceptedDate": "2019-11-07 16:40:50",
        "calendarYear": "2019",
        "period": "Q3",
        "revenue": 100406000,
        "costOfRevenue": 31741000,
        "grossProfit": 68665000,
        "grossProfitRatio": 0.6838734737,
        "researchAndDevelopmentExpenses": 29667000,
        "generalAndAdministrativeExpenses": 20706000,
        "sellingAndMarketingExpenses": 25790000,
        "sellingGeneralAndAdministrativeExpenses": 46496000,
        "otherExpenses": 1102000,
        "operatingExpenses": 79172000,
        "costAndExpenses": 110913000,
        "interestIncome": 0,
        "interestExpense": 2726000,
        "depreciationAndAmortization": 5368000,
        "ebitda": -4551000,
        "ebitdaratio": -0.0453259765,
        "operatingIncome": -10507000,
        "operatingIncomeRatio": -0.1046451407,
        "totalOtherIncomeExpensesNet": -2138000,
        "incomeBeforeTax": -12645000,
        "incomeBeforeTaxRatio": -0.1259386889,
        "incomeTaxExpense": 3294000,
        "netIncome": -15939000,
        "netIncomeRatio": -0.1587454933,
        "eps": -0.22,
        "epsdiluted": -0.22,
        "weightedAverageShsOut": 71770000,
        "weightedAverageShsOutDil": 71770000,
        "link": "https://www.sec.gov/Archives/edgar/data/1701732/000156459019041825/0001564590-19-041825-index.htm",
        "finalLink": "https://www.sec.gov/Archives/edgar/data/1701732/000156459019041825/altr-10q_20190930.htm"
    },
    {
        "date": "2019-06-30",
        "symbol": "ALTR",
        "reportedCurrency": "USD",
        "cik": "0001701732",
        "fillingDate": "2019-08-08",
        "acceptedDate": "2019-08-08 16:41:27",
        "calendarYear": "2019",
        "period": "Q2",
        "revenue": 106773000,
        "costOfRevenue": 31023000,
        "grossProfit": 75750000,
        "grossProfitRatio": 0.709449018,
        "researchAndDevelopmentExpenses": 29829000,
        "generalAndAdministrativeExpenses": 19851000,
        "sellingAndMarketingExpenses": 26221000,
        "sellingGeneralAndAdministrativeExpenses": 46072000,
        "otherExpenses": 268000,
        "operatingExpenses": 78952000,
        "costAndExpenses": 109975000,
        "interestIncome": 0,
        "interestExpense": 590000,
        "depreciationAndAmortization": 5274000,
        "ebitda": 2577000,
        "ebitdaratio": 0.0241353151,
        "operatingIncome": -3202000,
        "operatingIncomeRatio": -0.0299888549,
        "totalOtherIncomeExpensesNet": -85000,
        "incomeBeforeTax": -3287000,
        "incomeBeforeTaxRatio": -0.0307849363,
        "incomeTaxExpense": -167000,
        "netIncome": -3120000,
        "netIncomeRatio": -0.0292208704,
        "eps": -0.0437,
        "epsdiluted": -0.0437,
        "weightedAverageShsOut": 71373000,
        "weightedAverageShsOutDil": 71373000,
        "link": "https://www.sec.gov/Archives/edgar/data/1701732/000156459019030862/0001564590-19-030862-index.htm",
        "finalLink": "https://www.sec.gov/Archives/edgar/data/1701732/000156459019030862/altr-10q_20190630.htm"
    },
    {
        "date": "2019-03-31",
        "symbol": "ALTR",
        "reportedCurrency": "USD",
        "cik": "0001701732",
        "fillingDate": "2019-05-09",
        "acceptedDate": "2019-05-09 16:50:56",
        "calendarYear": "2019",
        "period": "Q1",
        "revenue": 127859000,
        "costOfRevenue": 32885000,
        "grossProfit": 94974000,
        "grossProfitRatio": 0.7428026185,
        "researchAndDevelopmentExpenses": 27516000,
        "generalAndAdministrativeExpenses": 20329000,
        "sellingAndMarketingExpenses": 26451000,
        "sellingGeneralAndAdministrativeExpenses": 46780000,
        "otherExpenses": 27000,
        "operatingExpenses": 77207000,
        "costAndExpenses": 110092000,
        "interestIncome": 0,
        "interestExpense": 270000,
        "depreciationAndAmortization": 5194000,
        "ebitda": 22961000,
        "ebitdaratio": 0.1795806318,
        "operatingIncome": 17767000,
        "operatingIncomeRatio": 0.1389577582,
        "totalOtherIncomeExpensesNet": -660000,
        "incomeBeforeTax": 17107000,
        "incomeBeforeTaxRatio": 0.133795822,
        "incomeTaxExpense": 4088000,
        "netIncome": 13019000,
        "netIncomeRatio": 0.101823102,
        "eps": 0.18,
        "epsdiluted": 0.17,
        "weightedAverageShsOut": 70786000,
        "weightedAverageShsOutDil": 76720000,
        "link": "https://www.sec.gov/Archives/edgar/data/1701732/000156459019018070/0001564590-19-018070-index.htm",
        "finalLink": "https://www.sec.gov/Archives/edgar/data/1701732/000156459019018070/altr-10q_20190331.htm"
    },
    {
        "date": "2018-12-31",
        "symbol": "ALTR",
        "reportedCurrency": "USD",
        "cik": "0001701732",
        "fillingDate": "2019-03-01",
        "acceptedDate": "2019-03-01 16:06:19",
        "calendarYear": "2018",
        "period": "Q4",
        "revenue": 103011000,
        "costOfRevenue": 30271000,
        "grossProfit": 72740000,
        "grossProfitRatio": 0.7061381794,
        "researchAndDevelopmentExpenses": 25844000,
        "generalAndAdministrativeExpenses": 28114000,
        "sellingAndMarketingExpenses": 22427000,
        "sellingGeneralAndAdministrativeExpenses": 50541000,
        "otherExpenses": 534000,
        "operatingExpenses": 76297000,
        "costAndExpenses": 106568000,
        "interestIncome": 0,
        "interestExpense": 108000,
        "depreciationAndAmortization": 2076000,
        "ebitda": 282000,
        "ebitdaratio": 0.0027375717,
        "operatingIncome": -3557000,
        "operatingIncomeRatio": -0.0345302929,
        "totalOtherIncomeExpensesNet": 426000,
        "incomeBeforeTax": -3131000,
        "incomeBeforeTaxRatio": -0.0303948122,
        "incomeTaxExpense": 7692000,
        "netIncome": -10823000,
        "netIncomeRatio": -0.1050664492,
        "eps": -0.15,
        "epsdiluted": -0.15,
        "weightedAverageShsOut": 70548000,
        "weightedAverageShsOutDil": 70548000,
        "link": "https://www.sec.gov/Archives/edgar/data/1701732/000156459019005799/0001564590-19-005799-index.htm",
        "finalLink": "https://www.sec.gov/Archives/edgar/data/1701732/000156459019005799/altr-10k_20181231.htm"
    },
    {
        "date": "2018-09-30",
        "symbol": "ALTR",
        "reportedCurrency": "USD",
        "cik": "0001701732",
        "fillingDate": "2018-11-08",
        "acceptedDate": "2018-11-08 16:40:09",
        "calendarYear": "2018",
        "period": "Q3",
        "revenue": 93871000,
        "costOfRevenue": 27204000,
        "grossProfit": 66667000,
        "grossProfitRatio": 0.7101980377,
        "researchAndDevelopmentExpenses": 24301000,
        "generalAndAdministrativeExpenses": 17234000,
        "sellingAndMarketingExpenses": 19275000,
        "sellingGeneralAndAdministrativeExpenses": 36509000,
        "otherExpenses": 818000,
        "operatingExpenses": 57699000,
        "costAndExpenses": 84903000,
        "interestIncome": 0,
        "interestExpense": 31000,
        "depreciationAndAmortization": 3370000,
        "ebitda": 1458000,
        "ebitdaratio": 0.0155319534,
        "operatingIncome": 8968000,
        "operatingIncomeRatio": 0.0955353624,
        "totalOtherIncomeExpensesNet": 939000,
        "incomeBeforeTax": 9907000,
        "incomeBeforeTaxRatio": 0.1055384517,
        "incomeTaxExpense": 2600000,
        "netIncome": 7307000,
        "netIncomeRatio": 0.0778408667,
        "eps": 0.1,
        "epsdiluted": 0.0953,
        "weightedAverageShsOut": 70001000,
        "weightedAverageShsOutDil": 76709000,
        "link": "https://www.sec.gov/Archives/edgar/data/1701732/000156459018028598/0001564590-18-028598-index.htm",
        "finalLink": "https://www.sec.gov/Archives/edgar/data/1701732/000156459018028598/altr-10q_20180930.htm"
    },
    {
        "date": "2018-06-30",
        "symbol": "ALTR",
        "reportedCurrency": "USD",
        "cik": "0001701732",
        "fillingDate": "2018-08-09",
        "acceptedDate": "2018-08-09 16:38:58",
        "calendarYear": "2018",
        "period": "Q2",
        "revenue": 95566000,
        "costOfRevenue": 29456000,
        "grossProfit": 66110000,
        "grossProfitRatio": 0.6917732248,
        "researchAndDevelopmentExpenses": 24744000,
        "generalAndAdministrativeExpenses": 17412000,
        "sellingAndMarketingExpenses": 20183000,
        "sellingGeneralAndAdministrativeExpenses": 37595000,
        "otherExpenses": 393000,
        "operatingExpenses": 63933000,
        "costAndExpenses": 93389000,
        "interestIncome": 0,
        "interestExpense": 45000,
        "depreciationAndAmortization": 3982000,
        "ebitda": 4157000,
        "ebitdaratio": 0.0434987339,
        "operatingIncome": 2177000,
        "operatingIncomeRatio": 0.0227800682,
        "totalOtherIncomeExpensesNet": 131000,
        "incomeBeforeTax": 2308000,
        "incomeBeforeTaxRatio": 0.0241508486,
        "incomeTaxExpense": 795000,
        "netIncome": 1513000,
        "netIncomeRatio": 0.0158319905,
        "eps": 0.0231,
        "epsdiluted": 0.0231,
        "weightedAverageShsOut": 65580000,
        "weightedAverageShsOutDil": 65580000,
        "link": "https://www.sec.gov/Archives/edgar/data/1701732/000156459018021098/0001564590-18-021098-index.htm",
        "finalLink": "https://www.sec.gov/Archives/edgar/data/1701732/000156459018021098/altr-10q_20180630.htm"
    },
    {
        "date": "2018-03-31",
        "symbol": "ALTR",
        "reportedCurrency": "USD",
        "cik": "0001701732",
        "fillingDate": "2018-05-14",
        "acceptedDate": "2018-05-14 16:50:42",
        "calendarYear": "2018",
        "period": "Q1",
        "revenue": 91731000,
        "costOfRevenue": 29042000,
        "grossProfit": 62689000,
        "grossProfitRatio": 0.6834003772,
        "researchAndDevelopmentExpenses": 22703000,
        "generalAndAdministrativeExpenses": 16990000,
        "sellingAndMarketingExpenses": 18977000,
        "sellingGeneralAndAdministrativeExpenses": 35967000,
        "otherExpenses": 103000,
        "operatingExpenses": 58419000,
        "costAndExpenses": 87461000,
        "interestIncome": 0,
        "interestExpense": 16000,
        "depreciationAndAmortization": 3543000,
        "ebitda": 27689000,
        "ebitdaratio": 0.3018499744,
        "operatingIncome": 4270000,
        "operatingIncomeRatio": 0.0465491491,
        "totalOtherIncomeExpensesNet": 884000,
        "incomeBeforeTax": 5154000,
        "incomeBeforeTaxRatio": 0.0561860222,
        "incomeTaxExpense": 1234000,
        "netIncome": 3920000,
        "netIncomeRatio": 0.0427336451,
        "eps": 0.0616,
        "epsdiluted": 0.0542,
        "weightedAverageShsOut": 63638000,
        "weightedAverageShsOutDil": 72390000,
        "link": "https://www.sec.gov/Archives/edgar/data/1701732/000156459018013440/0001564590-18-013440-index.htm",
        "finalLink": "https://www.sec.gov/Archives/edgar/data/1701732/000156459018013440/altr-10q_20180331.htm"
    },
    {
        "date": "2017-12-31",
        "symbol": "ALTR",
        "reportedCurrency": "USD",
        "cik": "0001701732",
        "fillingDate": "2018-03-21",
        "acceptedDate": "2018-03-21 17:09:12",
        "calendarYear": "2017",
        "period": "Q4",
        "revenue": 89867000,
        "costOfRevenue": 26617000,
        "grossProfit": 63250000,
        "grossProfitRatio": 0.7038178642,
        "researchAndDevelopmentExpenses": 24036000,
        "generalAndAdministrativeExpenses": 21514000,
        "sellingAndMarketingExpenses": 21275000,
        "sellingGeneralAndAdministrativeExpenses": 42789000,
        "otherExpenses": -156000,
        "operatingExpenses": 66431000,
        "costAndExpenses": 93048000,
        "interestIncome": 0,
        "interestExpense": 367000,
        "depreciationAndAmortization": 3852000,
        "ebitda": 515000,
        "ebitdaratio": 0.0057306909,
        "operatingIncome": -3181000,
        "operatingIncomeRatio": -0.035396753,
        "totalOtherIncomeExpensesNet": -523000,
        "incomeBeforeTax": -3704000,
        "incomeBeforeTaxRatio": -0.0412164643,
        "incomeTaxExpense": 56643000,
        "netIncome": -60347000,
        "netIncomeRatio": -0.6715145715,
        "eps": -1.03,
        "epsdiluted": -1.03,
        "weightedAverageShsOut": 58674000,
        "weightedAverageShsOutDil": 58674000,
        "link": "https://www.sec.gov/Archives/edgar/data/1701732/000119312518090811/0001193125-18-090811-index.htm",
        "finalLink": "https://www.sec.gov/Archives/edgar/data/1701732/000119312518090811/d503331d10k.htm"
    },
    {
        "date": "2017-09-30",
        "symbol": "ALTR",
        "reportedCurrency": "USD",
        "cik": "0001701732",
        "fillingDate": "2017-12-01",
        "acceptedDate": "2017-11-30 18:00:07",
        "calendarYear": "2017",
        "period": "Q3",
        "revenue": 84938000,
        "costOfRevenue": 26302000,
        "grossProfit": 58636000,
        "grossProfitRatio": 0.6903388354,
        "researchAndDevelopmentExpenses": 27590000,
        "generalAndAdministrativeExpenses": 29175000,
        "sellingAndMarketingExpenses": 22345000,
        "sellingGeneralAndAdministrativeExpenses": 51520000,
        "otherExpenses": -52000,
        "operatingExpenses": 79564000,
        "costAndExpenses": 105866000,
        "interestIncome": 0,
        "interestExpense": 634000,
        "depreciationAndAmortization": 1189000,
        "ebitda": -18169000,
        "ebitdaratio": -0.2139089689,
        "operatingIncome": -20928000,
        "operatingIncomeRatio": -0.2463914856,
        "totalOtherIncomeExpensesNet": -686000,
        "incomeBeforeTax": -21614000,
        "incomeBeforeTaxRatio": -0.2544679649,
        "incomeTaxExpense": 8012000,
        "netIncome": -29626000,
        "netIncomeRatio": -0.3487955921,
        "eps": -0.49,
        "epsdiluted": -0.49,
        "weightedAverageShsOut": 60390940,
        "weightedAverageShsOutDil": 60390940,
        "link": "https://www.sec.gov/Archives/edgar/data/1701732/000119312517357573/0001193125-17-357573-index.htm",
        "finalLink": "https://www.sec.gov/Archives/edgar/data/1701732/000119312517357573/d224585d10q.htm"
    },
    {
        "date": "2017-06-30",
        "symbol": "ALTR",
        "reportedCurrency": "USD",
        "cik": "0001701732",
        "fillingDate": "2017-06-30",
        "acceptedDate": "2017-06-29 20:00:00",
        "calendarYear": "2017",
        "period": "Q2",
        "revenue": 81646000,
        "costOfRevenue": 26918000,
        "grossProfit": 54728000,
        "grossProfitRatio": 0.6703084046,
        "researchAndDevelopmentExpenses": 22838000,
        "generalAndAdministrativeExpenses": 21201000,
        "sellingAndMarketingExpenses": 19428000,
        "sellingGeneralAndAdministrativeExpenses": 40629000,
        "otherExpenses": 46000,
        "operatingExpenses": 61886000,
        "costAndExpenses": 88804000,
        "interestIncome": 0,
        "interestExpense": 548000,
        "depreciationAndAmortization": 2623000,
        "ebitda": -4962000,
        "ebitdaratio": -0.0607745634,
        "operatingIncome": -7158000,
        "operatingIncomeRatio": -0.0876711658,
        "totalOtherIncomeExpensesNet": -975000,
        "incomeBeforeTax": -8133000,
        "incomeBeforeTaxRatio": -0.0996129633,
        "incomeTaxExpense": -887000,
        "netIncome": -7246000,
        "netIncomeRatio": -0.0887489895,
        "eps": -0.14,
        "epsdiluted": -0.14,
        "weightedAverageShsOut": 50255000,
        "weightedAverageShsOutDil": 50255000,
        "link": "",
        "finalLink": ""
    },
    {
        "date": "2017-03-31",
        "symbol": "ALTR",
        "reportedCurrency": "USD",
        "cik": "0001701732",
        "fillingDate": "2017-03-31",
        "acceptedDate": "2017-03-31 00:00:00",
        "calendarYear": "2017",
        "period": "Q1",
        "revenue": 76882000,
        "costOfRevenue": 26754000,
        "grossProfit": 50128000,
        "grossProfitRatio": 0.6520121745,
        "researchAndDevelopmentExpenses": 18770000,
        "generalAndAdministrativeExpenses": 16089000,
        "sellingAndMarketingExpenses": 16910000,
        "sellingGeneralAndAdministrativeExpenses": 32999000,
        "otherExpenses": 85000,
        "operatingExpenses": 52118000,
        "costAndExpenses": 78872000,
        "interestIncome": 0,
        "interestExpense": 611000,
        "depreciationAndAmortization": 2461000,
        "ebitda": 112000,
        "ebitdaratio": 0.0014567779,
        "operatingIncome": -1990000,
        "operatingIncomeRatio": -0.025883822,
        "totalOtherIncomeExpensesNet": -970000,
        "incomeBeforeTax": -2960000,
        "incomeBeforeTaxRatio": -0.0385005593,
        "incomeTaxExpense": -772000,
        "netIncome": -2188000,
        "netIncomeRatio": -0.0284591972,
        "eps": -0.0436,
        "epsdiluted": -0.0435,
        "weightedAverageShsOut": 50132893,
        "weightedAverageShsOutDil": 50255000,
        "link": "",
        "finalLink": ""
    },
    {
        "date": "2016-12-31",
        "symbol": "ALTR",
        "reportedCurrency": "USD",
        "cik": "0001701732",
        "fillingDate": "2016-12-31",
        "acceptedDate": "2016-12-30 19:00:00",
        "calendarYear": "2016",
        "period": "Q4",
        "revenue": 82848000,
        "costOfRevenue": 26221000,
        "grossProfit": 56627000,
        "grossProfitRatio": 0.6835047316,
        "researchAndDevelopmentExpenses": 17912000,
        "generalAndAdministrativeExpenses": 13527000,
        "sellingAndMarketingExpenses": 17032000,
        "sellingGeneralAndAdministrativeExpenses": 30559000,
        "otherExpenses": 168000,
        "operatingExpenses": 48651000,
        "costAndExpenses": 74872000,
        "interestIncome": 0,
        "interestExpense": 511000,
        "depreciationAndAmortization": 2680000,
        "ebitda": 10656000,
        "ebitdaratio": 0.1286210892,
        "operatingIncome": 7976000,
        "operatingIncomeRatio": 0.0962726922,
        "totalOtherIncomeExpensesNet": -495000,
        "incomeBeforeTax": 7481000,
        "incomeBeforeTaxRatio": 0.0902978949,
        "incomeTaxExpense": 1585000,
        "netIncome": 5896000,
        "netIncomeRatio": 0.0711664735,
        "eps": 0.12,
        "epsdiluted": 0.12,
        "weightedAverageShsOut": 50255000,
        "weightedAverageShsOutDil": 50255000,
        "link": "",
        "finalLink": ""
    },
    {
        "date": "2016-09-30",
        "symbol": "ALTR",
        "reportedCurrency": "USD",
        "cik": "0001701732",
        "fillingDate": "2016-09-30",
        "acceptedDate": "2016-09-29 20:00:00",
        "calendarYear": "2016",
        "period": "Q3",
        "revenue": 78052000,
        "costOfRevenue": 25621000,
        "grossProfit": 52431000,
        "grossProfitRatio": 0.671744478,
        "researchAndDevelopmentExpenses": 19401000,
        "generalAndAdministrativeExpenses": 15793000,
        "sellingAndMarketingExpenses": 16961000,
        "sellingGeneralAndAdministrativeExpenses": 32754000,
        "otherExpenses": 93000,
        "operatingExpenses": 52207000,
        "costAndExpenses": 77828000,
        "interestIncome": 0,
        "interestExpense": 507000,
        "depreciationAndAmortization": 2453000,
        "ebitda": 2677000,
        "ebitdaratio": 0.0342976477,
        "operatingIncome": 224000,
        "operatingIncomeRatio": 0.0028698816,
        "totalOtherIncomeExpensesNet": -655000,
        "incomeBeforeTax": -431000,
        "incomeBeforeTaxRatio": -0.0055219597,
        "incomeTaxExpense": -745000,
        "netIncome": 314000,
        "netIncomeRatio": 0.0040229591,
        "eps": 0.0062,
        "epsdiluted": 0.0062,
        "weightedAverageShsOut": 49762282,
        "weightedAverageShsOutDil": 50255000,
        "link": "",
        "finalLink": ""
    },
    {
        "date": "2016-06-30",
        "symbol": "ALTR",
        "reportedCurrency": "USD",
        "cik": "0001701732",
        "fillingDate": "2016-06-30",
        "acceptedDate": "2016-06-29 20:00:00",
        "calendarYear": "2016",
        "period": "Q2",
        "revenue": 77511000,
        "costOfRevenue": 25340000,
        "grossProfit": 52171000,
        "grossProfitRatio": 0.6730786598,
        "researchAndDevelopmentExpenses": 17901000,
        "generalAndAdministrativeExpenses": 14145000,
        "sellingAndMarketingExpenses": 16492000,
        "sellingGeneralAndAdministrativeExpenses": 30637000,
        "otherExpenses": 0,
        "operatingExpenses": 48164000,
        "costAndExpenses": 73504000,
        "interestIncome": 557000,
        "interestExpense": 0,
        "depreciationAndAmortization": 2575000,
        "ebitda": 6190000,
        "ebitdaratio": 0.0798596328,
        "operatingIncome": 3615000,
        "operatingIncomeRatio": 0.0466385416,
        "totalOtherIncomeExpensesNet": -165000,
        "incomeBeforeTax": 3450000,
        "incomeBeforeTaxRatio": 0.0445098115,
        "incomeTaxExpense": 978000,
        "netIncome": 2472000,
        "netIncomeRatio": 0.0318922476,
        "eps": 0.0432,
        "epsdiluted": 0.0432,
        "weightedAverageShsOut": 57236000,
        "weightedAverageShsOutDil": 57236000,
        "link": null,
        "finalLink": null
    },
    {
        "date": "2016-03-31",
        "symbol": "ALTR",
        "reportedCurrency": "USD",
        "cik": "0001701732",
        "fillingDate": "2016-03-31",
        "acceptedDate": "2016-03-30 20:00:00",
        "calendarYear": "2016",
        "period": "Q1",
        "revenue": 74829000,
        "costOfRevenue": 25418000,
        "grossProfit": 49411000,
        "grossProfitRatio": 0.6603188603,
        "researchAndDevelopmentExpenses": 16111000,
        "generalAndAdministrativeExpenses": 13737000,
        "sellingAndMarketingExpenses": 15601000,
        "sellingGeneralAndAdministrativeExpenses": 29338000,
        "otherExpenses": 0,
        "operatingExpenses": 45519000,
        "costAndExpenses": 70937000,
        "interestIncome": 690000,
        "interestExpense": 0,
        "depreciationAndAmortization": 2272000,
        "ebitda": 5904000,
        "ebitdaratio": 0.0788998918,
        "operatingIncome": 3632000,
        "operatingIncomeRatio": 0.0485373318,
        "totalOtherIncomeExpensesNet": -430000,
        "incomeBeforeTax": 3202000,
        "incomeBeforeTaxRatio": 0.0427908966,
        "incomeTaxExpense": 1721000,
        "netIncome": 1481000,
        "netIncomeRatio": 0.019791792,
        "eps": 0.025,
        "epsdiluted": 0.0251,
        "weightedAverageShsOut": 59120000,
        "weightedAverageShsOutDil": 59120000,
        "link": null,
        "finalLink": null
    }
]