[
    {
        "date": "2021-03-31",
        "symbol": "ALXN",
        "reportedCurrency": "USD",
        "cik": "0000899866",
        "fillingDate": "2021-04-30",
        "acceptedDate": "2021-04-30 08:25:29",
        "calendarYear": "2021",
        "period": "Q1",
        "revenue": 1636500000,
        "costOfRevenue": 125400000,
        "grossProfit": 1511100000,
        "grossProfitRatio": 0.9233730522,
        "researchAndDevelopmentExpenses": 289100000,
        "generalAndAdministrativeExpenses": 0,
        "sellingAndMarketingExpenses": 0,
        "sellingGeneralAndAdministrativeExpenses": 342900000,
        "otherExpenses": 53200000,
        "operatingExpenses": 685200000,
        "costAndExpenses": 810600000,
        "interestIncome": 0,
        "interestExpense": 27100000,
        "depreciationAndAmortization": 75600000,
        "ebitda": 852100000,
        "ebitdaratio": 0.5206843874,
        "operatingIncome": 636200000,
        "operatingIncomeRatio": 0.3887564925,
        "totalOtherIncomeExpensesNet": -33600000,
        "incomeBeforeTax": 602600000,
        "incomeBeforeTaxRatio": 0.3682248701,
        "incomeTaxExpense": 113400000,
        "netIncome": 636000000,
        "netIncomeRatio": 0.3886342805,
        "eps": 2.89,
        "epsdiluted": 2.86,
        "weightedAverageShsOut": 220100000,
        "weightedAverageShsOutDil": 222600000,
        "link": "https://www.sec.gov/Archives/edgar/data/899866/000089986621000039/0000899866-21-000039-index.htm",
        "finalLink": "https://www.sec.gov/Archives/edgar/data/899866/000089986621000039/alxn-20210331.htm"
    },
    {
        "date": "2020-12-31",
        "symbol": "ALXN",
        "reportedCurrency": "USD",
        "cik": "0000899866",
        "fillingDate": "2021-02-08",
        "acceptedDate": "2021-02-08 07:37:01",
        "calendarYear": "2020",
        "period": "Q4",
        "revenue": 1591800000,
        "costOfRevenue": 152200000,
        "grossProfit": 1439600000,
        "grossProfitRatio": 0.904384973,
        "researchAndDevelopmentExpenses": 295000000,
        "generalAndAdministrativeExpenses": 444400000,
        "sellingAndMarketingExpenses": 0,
        "sellingGeneralAndAdministrativeExpenses": 444400000,
        "otherExpenses": 53200000,
        "operatingExpenses": 792600000,
        "costAndExpenses": 944800000,
        "interestIncome": 0,
        "interestExpense": 27700000,
        "depreciationAndAmortization": 75100000,
        "ebitda": 693400000,
        "ebitdaratio": 0.4356074884,
        "operatingIncome": 647000000,
        "operatingIncomeRatio": 0.4064580978,
        "totalOtherIncomeExpensesNet": -56400000,
        "incomeBeforeTax": 590600000,
        "incomeBeforeTaxRatio": 0.3710265109,
        "incomeTaxExpense": 54800000,
        "netIncome": 535800000,
        "netIncomeRatio": 0.3366000754,
        "eps": 2.45,
        "epsdiluted": 2.45,
        "weightedAverageShsOut": 219100000,
        "weightedAverageShsOutDil": 219100000,
        "link": "https://www.sec.gov/Archives/edgar/data/899866/000089986621000014/0000899866-21-000014-index.htm",
        "finalLink": "https://www.sec.gov/Archives/edgar/data/899866/000089986621000014/alxn-20201231.htm"
    },
    {
        "date": "2020-09-30",
        "symbol": "ALXN",
        "reportedCurrency": "USD",
        "cik": "0000899866",
        "fillingDate": "2020-10-29",
        "acceptedDate": "2020-10-29 07:13:52",
        "calendarYear": "2020",
        "period": "Q3",
        "revenue": 1588700000,
        "costOfRevenue": 144700000,
        "grossProfit": 1444000000,
        "grossProfitRatio": 0.9089192421,
        "researchAndDevelopmentExpenses": 285900000,
        "generalAndAdministrativeExpenses": 334200000,
        "sellingAndMarketingExpenses": 0,
        "sellingGeneralAndAdministrativeExpenses": 334200000,
        "otherExpenses": 53100000,
        "operatingExpenses": 673200000,
        "costAndExpenses": 817900000,
        "interestIncome": 0,
        "interestExpense": 27600000,
        "depreciationAndAmortization": 75200000,
        "ebitda": 769700000,
        "ebitdaratio": 0.4844841694,
        "operatingIncome": 770800000,
        "operatingIncomeRatio": 0.4851765595,
        "totalOtherIncomeExpensesNet": -103900000,
        "incomeBeforeTax": 666900000,
        "incomeBeforeTaxRatio": 0.4197771763,
        "incomeTaxExpense": 88800000,
        "netIncome": 578100000,
        "netIncomeRatio": 0.3638824196,
        "eps": 2.64,
        "epsdiluted": 2.62,
        "weightedAverageShsOut": 219100000,
        "weightedAverageShsOutDil": 220600000,
        "link": "https://www.sec.gov/Archives/edgar/data/899866/000089986620000088/0000899866-20-000088-index.htm",
        "finalLink": "https://www.sec.gov/Archives/edgar/data/899866/000089986620000088/alxn-20200930.htm"
    },
    {
        "date": "2020-06-30",
        "symbol": "ALXN",
        "reportedCurrency": "USD",
        "cik": "0000899866",
        "fillingDate": "2020-07-30",
        "acceptedDate": "2020-07-30 07:38:22",
        "calendarYear": "2020",
        "period": "Q2",
        "revenue": 1444600000,
        "costOfRevenue": 144900000,
        "grossProfit": 1299700000,
        "grossProfitRatio": 0.8996954174,
        "researchAndDevelopmentExpenses": 221100000,
        "generalAndAdministrativeExpenses": 301400000,
        "sellingAndMarketingExpenses": 0,
        "sellingGeneralAndAdministrativeExpenses": 301400000,
        "otherExpenses": 73700000,
        "operatingExpenses": 596200000,
        "costAndExpenses": 741100000,
        "interestIncome": 0,
        "interestExpense": 23600000,
        "depreciationAndAmortization": 89800000,
        "ebitda": -1238700000,
        "ebitdaratio": -0.8574691956,
        "operatingIncome": 703500000,
        "operatingIncomeRatio": 0.4869860169,
        "totalOtherIncomeExpensesNet": -2055600000,
        "incomeBeforeTax": -1352100000,
        "incomeBeforeTaxRatio": -0.9359684342,
        "incomeTaxExpense": -284000000,
        "netIncome": -1068100000,
        "netIncomeRatio": -0.7393742212,
        "eps": -4.84,
        "epsdiluted": -4.84,
        "weightedAverageShsOut": 220600000,
        "weightedAverageShsOutDil": 220600000,
        "link": "https://www.sec.gov/Archives/edgar/data/899866/000089986620000074/0000899866-20-000074-index.htm",
        "finalLink": "https://www.sec.gov/Archives/edgar/data/899866/000089986620000074/alxn-20200630.htm"
    },
    {
        "date": "2020-03-31",
        "symbol": "ALXN",
        "reportedCurrency": "USD",
        "cik": "0000899866",
        "fillingDate": "2020-05-06",
        "acceptedDate": "2020-05-06 07:23:44",
        "calendarYear": "2020",
        "period": "Q1",
        "revenue": 1444800000,
        "costOfRevenue": 111700000,
        "grossProfit": 1333100000,
        "grossProfitRatio": 0.9226882614,
        "researchAndDevelopmentExpenses": 200900000,
        "generalAndAdministrativeExpenses": 319900000,
        "sellingAndMarketingExpenses": 0,
        "sellingGeneralAndAdministrativeExpenses": 319900000,
        "otherExpenses": 73700000,
        "operatingExpenses": 594500000,
        "costAndExpenses": 706200000,
        "interestIncome": 0,
        "interestExpense": 25800000,
        "depreciationAndAmortization": 89300000,
        "ebitda": 778700000,
        "ebitdaratio": 0.5389673311,
        "operatingIncome": 738600000,
        "operatingIncomeRatio": 0.5112126246,
        "totalOtherIncomeExpensesNet": -75000000,
        "incomeBeforeTax": 663600000,
        "incomeBeforeTaxRatio": 0.4593023256,
        "incomeTaxExpense": 106000000,
        "netIncome": 557600000,
        "netIncomeRatio": 0.3859357697,
        "eps": 2.52,
        "epsdiluted": 2.5,
        "weightedAverageShsOut": 221600000,
        "weightedAverageShsOutDil": 222600000,
        "link": "https://www.sec.gov/Archives/edgar/data/899866/000089986620000042/0000899866-20-000042-index.html",
        "finalLink": "https://www.sec.gov/Archives/edgar/data/899866/000089986620000042/alxn331202010q.htm"
    },
    {
        "date": "2019-12-31",
        "symbol": "ALXN",
        "reportedCurrency": "USD",
        "cik": "0000899866",
        "fillingDate": "2020-02-04",
        "acceptedDate": "2020-02-04 06:30:53",
        "calendarYear": "2019",
        "period": "Q4",
        "revenue": 1384300000,
        "costOfRevenue": 114300000,
        "grossProfit": 1270000000,
        "grossProfitRatio": 0.9174311927,
        "researchAndDevelopmentExpenses": 269600000,
        "generalAndAdministrativeExpenses": 381000000,
        "sellingAndMarketingExpenses": 0,
        "sellingGeneralAndAdministrativeExpenses": 381000000,
        "otherExpenses": 73900000,
        "operatingExpenses": 724500000,
        "costAndExpenses": 838800000,
        "interestIncome": 0,
        "interestExpense": 21700000,
        "depreciationAndAmortization": 90600000,
        "ebitda": 714300000,
        "ebitdaratio": 0.5160008669,
        "operatingIncome": 545500000,
        "operatingIncomeRatio": 0.3940619808,
        "totalOtherIncomeExpensesNet": 56500000,
        "incomeBeforeTax": 602000000,
        "incomeBeforeTaxRatio": 0.4348768331,
        "incomeTaxExpense": -287000000,
        "netIncome": 889000000,
        "netIncomeRatio": 0.6422018349,
        "eps": 4.02,
        "epsdiluted": 4,
        "weightedAverageShsOut": 221300000,
        "weightedAverageShsOutDil": 222500000,
        "link": "https://www.sec.gov/Archives/edgar/data/899866/000089986620000012/0000899866-20-000012-index.html",
        "finalLink": "https://www.sec.gov/Archives/edgar/data/899866/000089986620000012/alxn10k12312019.htm"
    },
    {
        "date": "2019-09-30",
        "symbol": "ALXN",
        "reportedCurrency": "USD",
        "cik": "0000899866",
        "fillingDate": "2019-10-23",
        "acceptedDate": "2019-10-23 07:56:30",
        "calendarYear": "2019",
        "period": "Q3",
        "revenue": 1263100000,
        "costOfRevenue": 95200000,
        "grossProfit": 1167900000,
        "grossProfitRatio": 0.9246298789,
        "researchAndDevelopmentExpenses": 232900000,
        "generalAndAdministrativeExpenses": 299300000,
        "sellingAndMarketingExpenses": 0,
        "sellingGeneralAndAdministrativeExpenses": 299300000,
        "otherExpenses": 75600000,
        "operatingExpenses": 607800000,
        "costAndExpenses": 703000000,
        "interestIncome": 0,
        "interestExpense": 17900000,
        "depreciationAndAmortization": 92500000,
        "ebitda": 645900000,
        "ebitdaratio": 0.5113609374,
        "operatingIncome": 560100000,
        "operatingIncomeRatio": 0.443432824,
        "totalOtherIncomeExpensesNet": -24600000,
        "incomeBeforeTax": 535500000,
        "incomeBeforeTaxRatio": 0.4239569314,
        "incomeTaxExpense": 67900000,
        "netIncome": 467600000,
        "netIncomeRatio": 0.3702003008,
        "eps": 2.09,
        "epsdiluted": 2.08,
        "weightedAverageShsOut": 223300000,
        "weightedAverageShsOutDil": 224500000,
        "link": "https://www.sec.gov/Archives/edgar/data/899866/000089986619000099/0000899866-19-000099-index.html",
        "finalLink": "https://www.sec.gov/Archives/edgar/data/899866/000089986619000099/alxn930201910q.htm"
    },
    {
        "date": "2019-06-30",
        "symbol": "ALXN",
        "reportedCurrency": "USD",
        "cik": "0000899866",
        "fillingDate": "2019-07-24",
        "acceptedDate": "2019-07-24 08:00:01",
        "calendarYear": "2019",
        "period": "Q2",
        "revenue": 1203300000,
        "costOfRevenue": 99200000,
        "grossProfit": 1104100000,
        "grossProfitRatio": 0.9175600432,
        "researchAndDevelopmentExpenses": 187600000,
        "generalAndAdministrativeExpenses": 299300000,
        "sellingAndMarketingExpenses": 0,
        "sellingGeneralAndAdministrativeExpenses": 299300000,
        "otherExpenses": 80100000,
        "operatingExpenses": 567000000,
        "costAndExpenses": 666200000,
        "interestIncome": 0,
        "interestExpense": 18300000,
        "depreciationAndAmortization": 96500000,
        "ebitda": 614300000,
        "ebitdaratio": 0.5105127566,
        "operatingIncome": 537100000,
        "operatingIncomeRatio": 0.4463558547,
        "totalOtherIncomeExpensesNet": -37600000,
        "incomeBeforeTax": 499500000,
        "incomeBeforeTaxRatio": 0.4151084518,
        "incomeTaxExpense": 39700000,
        "netIncome": 459800000,
        "netIncomeRatio": 0.3821158481,
        "eps": 2.05,
        "epsdiluted": 2.04,
        "weightedAverageShsOut": 224200000,
        "weightedAverageShsOutDil": 225600000,
        "link": "https://www.sec.gov/Archives/edgar/data/899866/000089986619000087/0000899866-19-000087-index.html",
        "finalLink": "https://www.sec.gov/Archives/edgar/data/899866/000089986619000087/alxn630201910q.htm"
    },
    {
        "date": "2019-03-31",
        "symbol": "ALXN",
        "reportedCurrency": "USD",
        "cik": "0000899866",
        "fillingDate": "2019-04-25",
        "acceptedDate": "2019-04-25 08:51:04",
        "calendarYear": "2019",
        "period": "Q1",
        "revenue": 1140400000,
        "costOfRevenue": 85800000,
        "grossProfit": 1054600000,
        "grossProfitRatio": 0.924763241,
        "researchAndDevelopmentExpenses": 195900000,
        "generalAndAdministrativeExpenses": 281500000,
        "sellingAndMarketingExpenses": 0,
        "sellingGeneralAndAdministrativeExpenses": 281500000,
        "otherExpenses": 80000000,
        "operatingExpenses": 557400000,
        "costAndExpenses": 643200000,
        "interestIncome": 0,
        "interestExpense": 19900000,
        "depreciationAndAmortization": 97200000,
        "ebitda": 658900000,
        "ebitdaratio": 0.5777797264,
        "operatingIncome": 497200000,
        "operatingIncomeRatio": 0.4359873729,
        "totalOtherIncomeExpensesNet": 44600000,
        "incomeBeforeTax": 541800000,
        "incomeBeforeTaxRatio": 0.4750964574,
        "incomeTaxExpense": -46100000,
        "netIncome": 587900000,
        "netIncomeRatio": 0.5155208699,
        "eps": 2.63,
        "epsdiluted": 2.61,
        "weightedAverageShsOut": 223800000,
        "weightedAverageShsOutDil": 225500000,
        "link": "https://www.sec.gov/Archives/edgar/data/899866/000089986619000061/0000899866-19-000061-index.html",
        "finalLink": "https://www.sec.gov/Archives/edgar/data/899866/000089986619000061/alxn3311910q.htm"
    },
    {
        "date": "2018-12-31",
        "symbol": "ALXN",
        "reportedCurrency": "USD",
        "cik": "0000899866",
        "fillingDate": "2019-02-06",
        "acceptedDate": "2019-02-06 09:03:21",
        "calendarYear": "2018",
        "period": "Q4",
        "revenue": 1128800000,
        "costOfRevenue": 96800000,
        "grossProfit": 1032000000,
        "grossProfitRatio": 0.9142452162,
        "researchAndDevelopmentExpenses": 205600000,
        "generalAndAdministrativeExpenses": 318700000,
        "sellingAndMarketingExpenses": 0,
        "sellingGeneralAndAdministrativeExpenses": 318700000,
        "otherExpenses": 80000000,
        "operatingExpenses": 604300000,
        "costAndExpenses": 701100000,
        "interestIncome": 0,
        "interestExpense": 24500000,
        "depreciationAndAmortization": 98400000,
        "ebitda": 90000000,
        "ebitdaratio": 0.0797306875,
        "operatingIncome": 427700000,
        "operatingIncomeRatio": 0.3788979447,
        "totalOtherIncomeExpensesNet": -460600000,
        "incomeBeforeTax": -32900000,
        "incomeBeforeTaxRatio": -0.0291459957,
        "incomeTaxExpense": 12100000,
        "netIncome": -45000000,
        "netIncomeRatio": -0.0398653437,
        "eps": -0.2,
        "epsdiluted": -0.2,
        "weightedAverageShsOut": 223200000,
        "weightedAverageShsOutDil": 223200000,
        "link": "https://www.sec.gov/Archives/edgar/data/899866/000089986619000010/0000899866-19-000010-index.html",
        "finalLink": "https://www.sec.gov/Archives/edgar/data/899866/000089986619000010/alxn10k12312018.htm"
    },
    {
        "date": "2018-09-30",
        "symbol": "ALXN",
        "reportedCurrency": "USD",
        "cik": "0000899866",
        "fillingDate": "2018-10-24",
        "acceptedDate": "2018-10-24 16:27:34",
        "calendarYear": "2018",
        "period": "Q3",
        "revenue": 1026500000,
        "costOfRevenue": 90600000,
        "grossProfit": 935900000,
        "grossProfitRatio": 0.9117389187,
        "researchAndDevelopmentExpenses": 174800000,
        "generalAndAdministrativeExpenses": 258700000,
        "sellingAndMarketingExpenses": 0,
        "sellingGeneralAndAdministrativeExpenses": 258700000,
        "otherExpenses": 80000000,
        "operatingExpenses": 513500000,
        "costAndExpenses": 604100000,
        "interestIncome": 0,
        "interestExpense": 24600000,
        "depreciationAndAmortization": 104900000,
        "ebitda": 471600000,
        "ebitdaratio": 0.4594252314,
        "operatingIncome": 422400000,
        "operatingIncomeRatio": 0.4114953726,
        "totalOtherIncomeExpensesNet": -80300000,
        "incomeBeforeTax": 342100000,
        "incomeBeforeTaxRatio": 0.3332683877,
        "incomeTaxExpense": 11200000,
        "netIncome": 330900000,
        "netIncomeRatio": 0.3223575256,
        "eps": 1.48,
        "epsdiluted": 1.47,
        "weightedAverageShsOut": 222900000,
        "weightedAverageShsOutDil": 224600000,
        "link": "https://www.sec.gov/Archives/edgar/data/899866/000089986618000131/0000899866-18-000131-index.html",
        "finalLink": "https://www.sec.gov/Archives/edgar/data/899866/000089986618000131/alxn9301810q.htm"
    },
    {
        "date": "2018-06-30",
        "symbol": "ALXN",
        "reportedCurrency": "USD",
        "cik": "0000899866",
        "fillingDate": "2018-07-26",
        "acceptedDate": "2018-07-26 16:40:18",
        "calendarYear": "2018",
        "period": "Q2",
        "revenue": 1045000000,
        "costOfRevenue": 95300000,
        "grossProfit": 949700000,
        "grossProfitRatio": 0.9088038278,
        "researchAndDevelopmentExpenses": 173400000,
        "generalAndAdministrativeExpenses": 277300000,
        "sellingAndMarketingExpenses": 0,
        "sellingGeneralAndAdministrativeExpenses": 277300000,
        "otherExpenses": 80100000,
        "operatingExpenses": 530800000,
        "costAndExpenses": 626100000,
        "interestIncome": 0,
        "interestExpense": 25000000,
        "depreciationAndAmortization": 100500000,
        "ebitda": -293100000,
        "ebitdaratio": -0.2804784689,
        "operatingIncome": 418900000,
        "operatingIncomeRatio": 0.400861244,
        "totalOtherIncomeExpensesNet": -837500000,
        "incomeBeforeTax": -418600000,
        "incomeBeforeTaxRatio": -0.4005741627,
        "incomeTaxExpense": 38800000,
        "netIncome": -457400000,
        "netIncomeRatio": -0.4377033493,
        "eps": -2.05,
        "epsdiluted": -2.05,
        "weightedAverageShsOut": 222600000,
        "weightedAverageShsOutDil": 222600000,
        "link": "https://www.sec.gov/Archives/edgar/data/899866/000089986618000121/0000899866-18-000121-index.html",
        "finalLink": "https://www.sec.gov/Archives/edgar/data/899866/000089986618000121/alxn6301810q.htm"
    },
    {
        "date": "2018-03-31",
        "symbol": "ALXN",
        "reportedCurrency": "USD",
        "cik": "0000899866",
        "fillingDate": "2018-04-26",
        "acceptedDate": "2018-04-26 16:05:12",
        "calendarYear": "2018",
        "period": "Q1",
        "revenue": 930900000,
        "costOfRevenue": 91600000,
        "grossProfit": 839300000,
        "grossProfitRatio": 0.9016006016,
        "researchAndDevelopmentExpenses": 176600000,
        "generalAndAdministrativeExpenses": 257100000,
        "sellingAndMarketingExpenses": 0,
        "sellingGeneralAndAdministrativeExpenses": 257100000,
        "otherExpenses": 80000000,
        "operatingExpenses": 513700000,
        "costAndExpenses": 605300000,
        "interestIncome": 0,
        "interestExpense": 24100000,
        "depreciationAndAmortization": 101500000,
        "ebitda": 477200000,
        "ebitdaratio": 0.5126221936,
        "operatingIncome": 325600000,
        "operatingIncomeRatio": 0.3497690407,
        "totalOtherIncomeExpensesNet": 26000000,
        "incomeBeforeTax": 351600000,
        "incomeBeforeTaxRatio": 0.377699001,
        "incomeTaxExpense": 102500000,
        "netIncome": 249100000,
        "netIncomeRatio": 0.2675905038,
        "eps": 1.12,
        "epsdiluted": 1.11,
        "weightedAverageShsOut": 222100000,
        "weightedAverageShsOutDil": 223700000,
        "link": "https://www.sec.gov/Archives/edgar/data/899866/000089986618000076/0000899866-18-000076-index.html",
        "finalLink": "https://www.sec.gov/Archives/edgar/data/899866/000089986618000076/alxn3311810q.htm"
    },
    {
        "date": "2017-12-31",
        "symbol": "ALXN",
        "reportedCurrency": "USD",
        "cik": "0000899866",
        "fillingDate": "2018-02-08",
        "acceptedDate": "2018-02-08 16:26:33",
        "calendarYear": "2017",
        "period": "Q4",
        "revenue": 910100000,
        "costOfRevenue": 144200000,
        "grossProfit": 765900000,
        "grossProfitRatio": 0.841555873,
        "researchAndDevelopmentExpenses": 265400000,
        "generalAndAdministrativeExpenses": 296400000,
        "sellingAndMarketingExpenses": 0,
        "sellingGeneralAndAdministrativeExpenses": 296400000,
        "otherExpenses": 80100000,
        "operatingExpenses": 641900000,
        "costAndExpenses": 786100000,
        "interestIncome": 0,
        "interestExpense": 25400000,
        "depreciationAndAmortization": 185700000,
        "ebitda": 300900000,
        "ebitdaratio": 0.3306230085,
        "operatingIncome": 124000000,
        "operatingIncomeRatio": 0.1362487639,
        "totalOtherIncomeExpensesNet": -34200000,
        "incomeBeforeTax": 89800000,
        "incomeBeforeTaxRatio": 0.0986704758,
        "incomeTaxExpense": 59500000,
        "netIncome": 30300000,
        "netIncomeRatio": 0.0332930447,
        "eps": 0.14,
        "epsdiluted": 0.13,
        "weightedAverageShsOut": 223300000,
        "weightedAverageShsOutDil": 225000000,
        "link": "https://www.sec.gov/Archives/edgar/data/899866/000089986618000022/0000899866-18-000022-index.html",
        "finalLink": "https://www.sec.gov/Archives/edgar/data/899866/000089986618000022/alxn10k12312017.htm"
    },
    {
        "date": "2017-09-30",
        "symbol": "ALXN",
        "reportedCurrency": "USD",
        "cik": "0000899866",
        "fillingDate": "2017-10-26",
        "acceptedDate": "2017-10-26 16:06:12",
        "calendarYear": "2017",
        "period": "Q3",
        "revenue": 859000000,
        "costOfRevenue": 157000000,
        "grossProfit": 702000000,
        "grossProfitRatio": 0.8172293364,
        "researchAndDevelopmentExpenses": 195000000,
        "generalAndAdministrativeExpenses": 271000000,
        "sellingAndMarketingExpenses": 0,
        "sellingGeneralAndAdministrativeExpenses": 271000000,
        "otherExpenses": 80000000,
        "operatingExpenses": 546000000,
        "costAndExpenses": 703000000,
        "interestIncome": 0,
        "interestExpense": 25000000,
        "depreciationAndAmortization": 110000000,
        "ebitda": 193000000,
        "ebitdaratio": 0.2246798603,
        "operatingIncome": 156000000,
        "operatingIncomeRatio": 0.1816065192,
        "totalOtherIncomeExpensesNet": -98000000,
        "incomeBeforeTax": 58000000,
        "incomeBeforeTaxRatio": 0.0675203725,
        "incomeTaxExpense": -20000000,
        "netIncome": 78000000,
        "netIncomeRatio": 0.0908032596,
        "eps": 0.35,
        "epsdiluted": 0.35,
        "weightedAverageShsOut": 223000000,
        "weightedAverageShsOutDil": 225000000,
        "link": "https://www.sec.gov/Archives/edgar/data/899866/000089986617000174/0000899866-17-000174-index.html",
        "finalLink": "https://www.sec.gov/Archives/edgar/data/899866/000089986617000174/alxn9301710q.htm"
    },
    {
        "date": "2017-06-30",
        "symbol": "ALXN",
        "reportedCurrency": "USD",
        "cik": "0000899866",
        "fillingDate": "2017-07-27",
        "acceptedDate": "2017-07-27 16:10:01",
        "calendarYear": "2017",
        "period": "Q2",
        "revenue": 912000000,
        "costOfRevenue": 84000000,
        "grossProfit": 828000000,
        "grossProfitRatio": 0.9078947368,
        "researchAndDevelopmentExpenses": 199000000,
        "generalAndAdministrativeExpenses": 265000000,
        "sellingAndMarketingExpenses": 0,
        "sellingGeneralAndAdministrativeExpenses": 265000000,
        "otherExpenses": 80000000,
        "operatingExpenses": 544000000,
        "costAndExpenses": 628000000,
        "interestIncome": 0,
        "interestExpense": 24000000,
        "depreciationAndAmortization": 102000000,
        "ebitda": 332000000,
        "ebitdaratio": 0.3640350877,
        "operatingIncome": 284000000,
        "operatingIncomeRatio": 0.3114035088,
        "totalOtherIncomeExpensesNet": -78000000,
        "incomeBeforeTax": 206000000,
        "incomeBeforeTaxRatio": 0.225877193,
        "incomeTaxExpense": 41000000,
        "netIncome": 165000000,
        "netIncomeRatio": 0.1809210526,
        "eps": 0.74,
        "epsdiluted": 0.73,
        "weightedAverageShsOut": 224000000,
        "weightedAverageShsOutDil": 225000000,
        "link": "https://www.sec.gov/Archives/edgar/data/899866/000089986617000153/0000899866-17-000153-index.html",
        "finalLink": "https://www.sec.gov/Archives/edgar/data/899866/000089986617000153/alxn6301710q.htm"
    },
    {
        "date": "2017-03-31",
        "symbol": "ALXN",
        "reportedCurrency": "USD",
        "cik": "0000899866",
        "fillingDate": "2017-04-27",
        "acceptedDate": "2017-04-27 16:07:26",
        "calendarYear": "2017",
        "period": "Q1",
        "revenue": 870000000,
        "costOfRevenue": 69000000,
        "grossProfit": 801000000,
        "grossProfitRatio": 0.9206896552,
        "researchAndDevelopmentExpenses": 219000000,
        "generalAndAdministrativeExpenses": 262000000,
        "sellingAndMarketingExpenses": 0,
        "sellingGeneralAndAdministrativeExpenses": 262000000,
        "otherExpenses": 80000000,
        "operatingExpenses": 561000000,
        "costAndExpenses": 630000000,
        "interestIncome": 0,
        "interestExpense": 24000000,
        "depreciationAndAmortization": 99000000,
        "ebitda": 317000000,
        "ebitdaratio": 0.3643678161,
        "operatingIncome": 240000000,
        "operatingIncomeRatio": 0.275862069,
        "totalOtherIncomeExpensesNet": -46000000,
        "incomeBeforeTax": 194000000,
        "incomeBeforeTaxRatio": 0.2229885057,
        "incomeTaxExpense": 24000000,
        "netIncome": 170000000,
        "netIncomeRatio": 0.1954022989,
        "eps": 0.76,
        "epsdiluted": 0.75,
        "weightedAverageShsOut": 224000000,
        "weightedAverageShsOutDil": 226000000,
        "link": "https://www.sec.gov/Archives/edgar/data/899866/000089986617000084/0000899866-17-000084-index.html",
        "finalLink": "https://www.sec.gov/Archives/edgar/data/899866/000089986617000084/alxn3311710q.htm"
    },
    {
        "date": "2016-12-31",
        "symbol": "ALXN",
        "reportedCurrency": "USD",
        "cik": "0000899866",
        "fillingDate": "2017-01-04",
        "acceptedDate": "2017-01-04 17:16:37",
        "calendarYear": "2016",
        "period": "Q4",
        "revenue": 830740000,
        "costOfRevenue": 67292000,
        "grossProfit": 763448000,
        "grossProfitRatio": 0.9189975203,
        "researchAndDevelopmentExpenses": 205712000,
        "generalAndAdministrativeExpenses": 259509000,
        "sellingAndMarketingExpenses": 0,
        "sellingGeneralAndAdministrativeExpenses": 259509000,
        "otherExpenses": 79815000,
        "operatingExpenses": 545036000,
        "costAndExpenses": 612328000,
        "interestIncome": 0,
        "interestExpense": 24510000,
        "depreciationAndAmortization": 100741000,
        "ebitda": 229574000,
        "ebitdaratio": 0.2763487975,
        "operatingIncome": 218412000,
        "operatingIncomeRatio": 0.262912584,
        "totalOtherIncomeExpensesNet": -114089000,
        "incomeBeforeTax": 104323000,
        "incomeBeforeTaxRatio": 0.1255784,
        "incomeTaxExpense": 11887000,
        "netIncome": 92436000,
        "netIncomeRatio": 0.1112694706,
        "eps": 0.41,
        "epsdiluted": 0.41,
        "weightedAverageShsOut": 225000000,
        "weightedAverageShsOutDil": 226000000,
        "link": "https://www.sec.gov/Archives/edgar/data/899866/000089986617000002/0000899866-17-000002-index.html",
        "finalLink": "https://www.sec.gov/Archives/edgar/data/899866/000089986617000002/alxn9301610q.htm"
    },
    {
        "date": "2016-09-30",
        "symbol": "ALXN",
        "reportedCurrency": "USD",
        "cik": "0000899866",
        "fillingDate": "2017-01-04",
        "acceptedDate": "2017-01-04 17:16:37",
        "calendarYear": "2016",
        "period": "Q3",
        "revenue": 799106000,
        "costOfRevenue": 71095000,
        "grossProfit": 728011000,
        "grossProfitRatio": 0.9110318281,
        "researchAndDevelopmentExpenses": 195687000,
        "generalAndAdministrativeExpenses": 230128000,
        "sellingAndMarketingExpenses": 0,
        "sellingGeneralAndAdministrativeExpenses": 230128000,
        "otherExpenses": 82036000,
        "operatingExpenses": 507851000,
        "costAndExpenses": 578946000,
        "interestIncome": 0,
        "interestExpense": 24807000,
        "depreciationAndAmortization": 100680000,
        "ebitda": 283601000,
        "ebitdaratio": 0.3548978483,
        "operatingIncome": 220160000,
        "operatingIncomeRatio": 0.2755078801,
        "totalOtherIncomeExpensesNet": -62046000,
        "incomeBeforeTax": 158114000,
        "incomeBeforeTaxRatio": 0.1978636126,
        "incomeTaxExpense": 63776000,
        "netIncome": 94338000,
        "netIncomeRatio": 0.1180544258,
        "eps": 0.42,
        "epsdiluted": 0.42,
        "weightedAverageShsOut": 224180000,
        "weightedAverageShsOutDil": 226088000,
        "link": "https://www.sec.gov/Archives/edgar/data/899866/000089986617000002/0000899866-17-000002-index.htm",
        "finalLink": "https://www.sec.gov/Archives/edgar/data/899866/000089986617000002/alxn9301610q.htm"
    },
    {
        "date": "2016-06-30",
        "symbol": "ALXN",
        "reportedCurrency": "USD",
        "cik": "0000899866",
        "fillingDate": "2016-07-29",
        "acceptedDate": "2016-07-29 16:11:04",
        "calendarYear": "2016",
        "period": "Q2",
        "revenue": 753116000,
        "costOfRevenue": 60627000,
        "grossProfit": 692489000,
        "grossProfitRatio": 0.9194984571,
        "researchAndDevelopmentExpenses": 179311000,
        "generalAndAdministrativeExpenses": 231802000,
        "sellingAndMarketingExpenses": 0,
        "sellingGeneralAndAdministrativeExpenses": 231802000,
        "otherExpenses": 80055000,
        "operatingExpenses": 491168000,
        "costAndExpenses": 551795000,
        "interestIncome": 0,
        "interestExpense": 23793000,
        "depreciationAndAmortization": 97796000,
        "ebitda": 291554000,
        "ebitdaratio": 0.3871302694,
        "operatingIncome": 201321000,
        "operatingIncomeRatio": 0.2673173854,
        "totalOtherIncomeExpensesNet": -31356000,
        "incomeBeforeTax": 169965000,
        "incomeBeforeTaxRatio": 0.225682365,
        "incomeTaxExpense": 55022000,
        "netIncome": 114943000,
        "netIncomeRatio": 0.1526232347,
        "eps": 0.51,
        "epsdiluted": 0.51,
        "weightedAverageShsOut": 224089000,
        "weightedAverageShsOutDil": 225756000,
        "link": "https://www.sec.gov/Archives/edgar/data/899866/000089986616000328/0000899866-16-000328-index.html",
        "finalLink": "https://www.sec.gov/Archives/edgar/data/899866/000089986616000328/alxn6301610q.htm"
    },
    {
        "date": "2016-03-31",
        "symbol": "ALXN",
        "reportedCurrency": "USD",
        "cik": "0000899866",
        "fillingDate": "2016-04-29",
        "acceptedDate": "2016-04-29 16:29:38",
        "calendarYear": "2016",
        "period": "Q1",
        "revenue": 701038000,
        "costOfRevenue": 58986000,
        "grossProfit": 642052000,
        "grossProfitRatio": 0.9158590547,
        "researchAndDevelopmentExpenses": 176290000,
        "generalAndAdministrativeExpenses": 232561000,
        "sellingAndMarketingExpenses": 0,
        "sellingGeneralAndAdministrativeExpenses": 232561000,
        "otherExpenses": 80094000,
        "operatingExpenses": 488945000,
        "costAndExpenses": 547931000,
        "interestIncome": 0,
        "interestExpense": 23890000,
        "depreciationAndAmortization": 96783000,
        "ebitda": 264271000,
        "ebitdaratio": 0.3769710059,
        "operatingIncome": 153107000,
        "operatingIncomeRatio": 0.2184004291,
        "totalOtherIncomeExpensesNet": -9509000,
        "incomeBeforeTax": 143598000,
        "incomeBeforeTaxRatio": 0.2048362571,
        "incomeTaxExpense": 51432000,
        "netIncome": 92166000,
        "netIncomeRatio": 0.1314707619,
        "eps": 0.41,
        "epsdiluted": 0.41,
        "weightedAverageShsOut": 225060000,
        "weightedAverageShsOutDil": 226873000,
        "link": "https://www.sec.gov/Archives/edgar/data/899866/000089986616000290/0000899866-16-000290-index.html",
        "finalLink": "https://www.sec.gov/Archives/edgar/data/899866/000089986616000290/alxn3311610q.htm"
    },
    {
        "date": "2015-12-31",
        "symbol": "ALXN",
        "reportedCurrency": "USD",
        "cik": "0000899866",
        "fillingDate": "2016-02-08",
        "acceptedDate": "2016-02-08 14:30:17",
        "calendarYear": "2015",
        "period": "Q4",
        "revenue": 700867000,
        "costOfRevenue": 57626000,
        "grossProfit": 643241000,
        "grossProfitRatio": 0.9177789795,
        "researchAndDevelopmentExpenses": 191035000,
        "generalAndAdministrativeExpenses": 241576000,
        "sellingAndMarketingExpenses": 0,
        "sellingGeneralAndAdministrativeExpenses": 241576000,
        "otherExpenses": 79976000,
        "operatingExpenses": 512587000,
        "costAndExpenses": 570213000,
        "interestIncome": 0,
        "interestExpense": 23151000,
        "depreciationAndAmortization": 93758000,
        "ebitda": 191455000,
        "ebitdaratio": 0.2731688038,
        "operatingIncome": 130654000,
        "operatingIncomeRatio": 0.1864176798,
        "totalOtherIncomeExpensesNet": -56108000,
        "incomeBeforeTax": 74546000,
        "incomeBeforeTaxRatio": 0.1063625481,
        "incomeTaxExpense": 7942000,
        "netIncome": 66604000,
        "netIncomeRatio": 0.0950308689,
        "eps": 0.3,
        "epsdiluted": 0.29,
        "weightedAverageShsOut": 225472000,
        "weightedAverageShsOutDil": 227967000,
        "link": "https://www.sec.gov/Archives/edgar/data/899866/000089986616000226/0000899866-16-000226-index.html",
        "finalLink": "https://www.sec.gov/Archives/edgar/data/899866/000089986616000226/alxn10k12312015.htm"
    },
    {
        "date": "2015-09-30",
        "symbol": "ALXN",
        "reportedCurrency": "USD",
        "cik": "0000899866",
        "fillingDate": "2015-11-02",
        "acceptedDate": "2015-11-02 16:41:31",
        "calendarYear": "2015",
        "period": "Q3",
        "revenue": 666637000,
        "costOfRevenue": 54057000,
        "grossProfit": 612580000,
        "grossProfitRatio": 0.9189108915,
        "researchAndDevelopmentExpenses": 165664000,
        "generalAndAdministrativeExpenses": 212520000,
        "sellingAndMarketingExpenses": 0,
        "sellingGeneralAndAdministrativeExpenses": 212520000,
        "otherExpenses": 36608000,
        "operatingExpenses": 414792000,
        "costAndExpenses": 468849000,
        "interestIncome": 0,
        "interestExpense": 19971000,
        "depreciationAndAmortization": 49722000,
        "ebitda": 209052000,
        "ebitdaratio": 0.3135919548,
        "operatingIncome": 197788000,
        "operatingIncomeRatio": 0.2966952029,
        "totalOtherIncomeExpensesNet": -58429000,
        "incomeBeforeTax": 139359000,
        "incomeBeforeTaxRatio": 0.2090478026,
        "incomeTaxExpense": 323116000,
        "netIncome": -183757000,
        "netIncomeRatio": -0.2756477663,
        "eps": -0.81,
        "epsdiluted": -0.81,
        "weightedAverageShsOut": 226228000,
        "weightedAverageShsOutDil": 226228000,
        "link": "https://www.sec.gov/Archives/edgar/data/899866/000089986615000189/0000899866-15-000189-index.html",
        "finalLink": "https://www.sec.gov/Archives/edgar/data/899866/000089986615000189/alxn9301510q.htm"
    },
    {
        "date": "2015-06-30",
        "symbol": "ALXN",
        "reportedCurrency": "USD",
        "cik": "0000899866",
        "fillingDate": "2015-07-31",
        "acceptedDate": "2015-07-31 13:50:45",
        "calendarYear": "2015",
        "period": "Q2",
        "revenue": 636210000,
        "costOfRevenue": 52007000,
        "grossProfit": 584203000,
        "grossProfitRatio": 0.9182549787,
        "researchAndDevelopmentExpenses": 131693000,
        "generalAndAdministrativeExpenses": 221383000,
        "sellingAndMarketingExpenses": 0,
        "sellingGeneralAndAdministrativeExpenses": 221383000,
        "otherExpenses": 0,
        "operatingExpenses": 353076000,
        "costAndExpenses": 405083000,
        "interestIncome": 0,
        "interestExpense": 3971000,
        "depreciationAndAmortization": 12563000,
        "ebitda": 193826000,
        "ebitdaratio": 0.3046572673,
        "operatingIncome": 231127000,
        "operatingIncomeRatio": 0.3632872794,
        "totalOtherIncomeExpensesNet": -53835000,
        "incomeBeforeTax": 177292000,
        "incomeBeforeTaxRatio": 0.2786689929,
        "incomeTaxExpense": 7077000,
        "netIncome": 170215000,
        "netIncomeRatio": 0.2675453074,
        "eps": 0.84,
        "epsdiluted": 0.83,
        "weightedAverageShsOut": 202234000,
        "weightedAverageShsOutDil": 204546000,
        "link": "https://www.sec.gov/Archives/edgar/data/899866/000089986615000135/0000899866-15-000135-index.html",
        "finalLink": "https://www.sec.gov/Archives/edgar/data/899866/000089986615000135/alxn6301510q.htm"
    },
    {
        "date": "2015-03-31",
        "symbol": "ALXN",
        "reportedCurrency": "USD",
        "cik": "0000899866",
        "fillingDate": "2015-04-24",
        "acceptedDate": "2015-04-24 16:06:38",
        "calendarYear": "2015",
        "period": "Q1",
        "revenue": 600333000,
        "costOfRevenue": 69399000,
        "grossProfit": 530934000,
        "grossProfitRatio": 0.8843991585,
        "researchAndDevelopmentExpenses": 221080000,
        "generalAndAdministrativeExpenses": 187116000,
        "sellingAndMarketingExpenses": 0,
        "sellingGeneralAndAdministrativeExpenses": 187116000,
        "otherExpenses": 0,
        "operatingExpenses": 408196000,
        "costAndExpenses": 477595000,
        "interestIncome": 0,
        "interestExpense": 651000,
        "depreciationAndAmortization": 10578000,
        "ebitda": 118174000,
        "ebitdaratio": 0.1968474164,
        "operatingIncome": 122738000,
        "operatingIncomeRatio": 0.2044498637,
        "totalOtherIncomeExpensesNet": -15793000,
        "incomeBeforeTax": 106945000,
        "incomeBeforeTaxRatio": 0.1781427974,
        "incomeTaxExpense": 15622000,
        "netIncome": 91323000,
        "netIncomeRatio": 0.1521205731,
        "eps": 0.46,
        "epsdiluted": 0.45,
        "weightedAverageShsOut": 199361000,
        "weightedAverageShsOutDil": 202034000,
        "link": "https://www.sec.gov/Archives/edgar/data/899866/000089986615000097/0000899866-15-000097-index.html",
        "finalLink": "https://www.sec.gov/Archives/edgar/data/899866/000089986615000097/alxn3311510q.htm"
    },
    {
        "date": "2014-12-31",
        "symbol": "ALXN",
        "reportedCurrency": "USD",
        "cik": "0000899866",
        "fillingDate": "2015-02-06",
        "acceptedDate": "2015-02-06 16:37:46",
        "calendarYear": "2014",
        "period": "Q4",
        "revenue": 599476000,
        "costOfRevenue": 49439000,
        "grossProfit": 550037000,
        "grossProfitRatio": 0.9175296426,
        "researchAndDevelopmentExpenses": 129110000,
        "generalAndAdministrativeExpenses": 183776000,
        "sellingAndMarketingExpenses": 0,
        "sellingGeneralAndAdministrativeExpenses": 183776000,
        "otherExpenses": 0,
        "operatingExpenses": 312886000,
        "costAndExpenses": 362325000,
        "interestIncome": 0,
        "interestExpense": 549000,
        "depreciationAndAmortization": 18544000,
        "ebitda": 224434000,
        "ebitdaratio": 0.3743836284,
        "operatingIncome": 237151000,
        "operatingIncomeRatio": 0.3955971548,
        "totalOtherIncomeExpensesNet": -31810000,
        "incomeBeforeTax": 205341000,
        "incomeBeforeTaxRatio": 0.3425341465,
        "incomeTaxExpense": 52009000,
        "netIncome": 153332000,
        "netIncomeRatio": 0.2557767117,
        "eps": 0.77,
        "epsdiluted": 0.76,
        "weightedAverageShsOut": 198676000,
        "weightedAverageShsOutDil": 201732000,
        "link": "https://www.sec.gov/Archives/edgar/data/899866/000089986615000016/0000899866-15-000016-index.htm",
        "finalLink": "https://www.sec.gov/Archives/edgar/data/899866/000089986615000016/alxn10k12312014.htm"
    },
    {
        "date": "2014-09-30",
        "symbol": "ALXN",
        "reportedCurrency": "USD",
        "cik": "0000899866",
        "fillingDate": "2014-10-24",
        "acceptedDate": "2014-10-24 16:52:52",
        "calendarYear": "2014",
        "period": "Q3",
        "revenue": 555146000,
        "costOfRevenue": 51858000,
        "grossProfit": 503288000,
        "grossProfitRatio": 0.9065867357,
        "researchAndDevelopmentExpenses": 100661000,
        "generalAndAdministrativeExpenses": 157665000,
        "sellingAndMarketingExpenses": 0,
        "sellingGeneralAndAdministrativeExpenses": 157665000,
        "otherExpenses": 0,
        "operatingExpenses": 258326000,
        "costAndExpenses": 310184000,
        "interestIncome": 0,
        "interestExpense": 655000,
        "depreciationAndAmortization": 9353000,
        "ebitda": 246217000,
        "ebitdaratio": 0.4435175611,
        "operatingIncome": 244962000,
        "operatingIncomeRatio": 0.4412568946,
        "totalOtherIncomeExpensesNet": -8753000,
        "incomeBeforeTax": 236209000,
        "incomeBeforeTaxRatio": 0.4254898711,
        "incomeTaxExpense": 58478000,
        "netIncome": 177731000,
        "netIncomeRatio": 0.3201518159,
        "eps": 0.9,
        "epsdiluted": 0.88,
        "weightedAverageShsOut": 198052000,
        "weightedAverageShsOutDil": 201313000,
        "link": "https://www.sec.gov/Archives/edgar/data/899866/000089986614000225/0000899866-14-000225-index.html",
        "finalLink": "https://www.sec.gov/Archives/edgar/data/899866/000089986614000225/alxn9301410q.htm"
    },
    {
        "date": "2014-06-30",
        "symbol": "ALXN",
        "reportedCurrency": "USD",
        "cik": "0000899866",
        "fillingDate": "2014-07-25",
        "acceptedDate": "2014-07-25 12:19:23",
        "calendarYear": "2014",
        "period": "Q2",
        "revenue": 512495000,
        "costOfRevenue": 39626000,
        "grossProfit": 472869000,
        "grossProfitRatio": 0.9226802213,
        "researchAndDevelopmentExpenses": 92554000,
        "generalAndAdministrativeExpenses": 159477000,
        "sellingAndMarketingExpenses": 0,
        "sellingGeneralAndAdministrativeExpenses": 159477000,
        "otherExpenses": 0,
        "operatingExpenses": 252031000,
        "costAndExpenses": 291657000,
        "interestIncome": 0,
        "interestExpense": 715000,
        "depreciationAndAmortization": 9774000,
        "ebitda": 229135000,
        "ebitdaratio": 0.4470970448,
        "operatingIncome": 220838000,
        "operatingIncomeRatio": 0.4309076186,
        "totalOtherIncomeExpensesNet": -2192000,
        "incomeBeforeTax": 218646000,
        "incomeBeforeTaxRatio": 0.4266305037,
        "incomeTaxExpense": 52151000,
        "netIncome": 166495000,
        "netIncomeRatio": 0.3248714622,
        "eps": 0.84,
        "epsdiluted": 0.83,
        "weightedAverageShsOut": 197880000,
        "weightedAverageShsOutDil": 201524000,
        "link": "https://www.sec.gov/Archives/edgar/data/899866/000089986614000166/0000899866-14-000166-index.html",
        "finalLink": "https://www.sec.gov/Archives/edgar/data/899866/000089986614000166/alxn6301410q.htm"
    },
    {
        "date": "2014-03-31",
        "symbol": "ALXN",
        "reportedCurrency": "USD",
        "cik": "0000899866",
        "fillingDate": "2014-04-25",
        "acceptedDate": "2014-04-25 15:32:26",
        "calendarYear": "2014",
        "period": "Q1",
        "revenue": 566616000,
        "costOfRevenue": 32939000,
        "grossProfit": 533677000,
        "grossProfitRatio": 0.9418671552,
        "researchAndDevelopmentExpenses": 191457000,
        "generalAndAdministrativeExpenses": 129291000,
        "sellingAndMarketingExpenses": 0,
        "sellingGeneralAndAdministrativeExpenses": 129291000,
        "otherExpenses": 0,
        "operatingExpenses": 320748000,
        "costAndExpenses": 353687000,
        "interestIncome": 0,
        "interestExpense": 1063000,
        "depreciationAndAmortization": 9268000,
        "ebitda": 222242000,
        "ebitdaratio": 0.3922268344,
        "operatingIncome": 212929000,
        "operatingIncomeRatio": 0.3757906589,
        "totalOtherIncomeExpensesNet": -1018000,
        "incomeBeforeTax": 211911000,
        "incomeBeforeTaxRatio": 0.3739940277,
        "incomeTaxExpense": 52557000,
        "netIncome": 159354000,
        "netIncomeRatio": 0.2812380872,
        "eps": 0.81,
        "epsdiluted": 0.79,
        "weightedAverageShsOut": 197797000,
        "weightedAverageShsOutDil": 201804000,
        "link": "https://www.sec.gov/Archives/edgar/data/899866/000089986614000103/0000899866-14-000103-index.html",
        "finalLink": "https://www.sec.gov/Archives/edgar/data/899866/000089986614000103/alxn3311410q.htm"
    },
    {
        "date": "2013-12-31",
        "symbol": "ALXN",
        "reportedCurrency": "USD",
        "cik": "0000899866",
        "fillingDate": "2014-02-10",
        "acceptedDate": "2014-02-10 16:43:11",
        "calendarYear": "2013",
        "period": "Q4",
        "revenue": 441909000,
        "costOfRevenue": 51552000,
        "grossProfit": 390357000,
        "grossProfitRatio": 0.8833424981,
        "researchAndDevelopmentExpenses": 85785000,
        "generalAndAdministrativeExpenses": 134819000,
        "sellingAndMarketingExpenses": 0,
        "sellingGeneralAndAdministrativeExpenses": 134819000,
        "otherExpenses": 105000,
        "operatingExpenses": 220709000,
        "costAndExpenses": 272261000,
        "interestIncome": 0,
        "interestExpense": 807000,
        "depreciationAndAmortization": 8454000,
        "ebitda": 147238000,
        "ebitdaratio": 0.3331862442,
        "operatingIncome": 169648000,
        "operatingIncomeRatio": 0.3838980424,
        "totalOtherIncomeExpensesNet": -31671000,
        "incomeBeforeTax": 137977000,
        "incomeBeforeTaxRatio": 0.3122294409,
        "incomeTaxExpense": 156969000,
        "netIncome": -18992000,
        "netIncomeRatio": -0.042977174,
        "eps": -0.0967,
        "epsdiluted": -0.0967,
        "weightedAverageShsOut": 196430000,
        "weightedAverageShsOutDil": 196430000,
        "link": "https://www.sec.gov/Archives/edgar/data/899866/000089986614000034/0000899866-14-000034-index.htm",
        "finalLink": "https://www.sec.gov/Archives/edgar/data/899866/000089986614000034/alxn10k12312013.htm"
    },
    {
        "date": "2013-09-30",
        "symbol": "ALXN",
        "reportedCurrency": "USD",
        "cik": "0000899866",
        "fillingDate": "2013-10-25",
        "acceptedDate": "2013-10-25 16:53:43",
        "calendarYear": "2013",
        "period": "Q3",
        "revenue": 400405000,
        "costOfRevenue": 51358000,
        "grossProfit": 349047000,
        "grossProfitRatio": 0.8717348684,
        "researchAndDevelopmentExpenses": 88209000,
        "generalAndAdministrativeExpenses": 122886000,
        "sellingAndMarketingExpenses": 0,
        "sellingGeneralAndAdministrativeExpenses": 122886000,
        "otherExpenses": 104000,
        "operatingExpenses": 211199000,
        "costAndExpenses": 262557000,
        "interestIncome": 0,
        "interestExpense": 1078000,
        "depreciationAndAmortization": 7225000,
        "ebitda": 142591000,
        "ebitdaratio": 0.3561169316,
        "operatingIncome": 137848000,
        "operatingIncomeRatio": 0.3442714252,
        "totalOtherIncomeExpensesNet": -3560000,
        "incomeBeforeTax": 134288000,
        "incomeBeforeTaxRatio": 0.3353804273,
        "incomeTaxExpense": 40503000,
        "netIncome": 93785000,
        "netIncomeRatio": 0.2342253468,
        "eps": 0.48,
        "epsdiluted": 0.47,
        "weightedAverageShsOut": 195662000,
        "weightedAverageShsOutDil": 199711000,
        "link": "https://www.sec.gov/Archives/edgar/data/899866/000089986613000178/0000899866-13-000178-index.html",
        "finalLink": "https://www.sec.gov/Archives/edgar/data/899866/000089986613000178/alxn9301310q.htm"
    },
    {
        "date": "2013-06-30",
        "symbol": "ALXN",
        "reportedCurrency": "USD",
        "cik": "0000899866",
        "fillingDate": "2013-07-26",
        "acceptedDate": "2013-07-26 16:21:02",
        "calendarYear": "2013",
        "period": "Q2",
        "revenue": 370091000,
        "costOfRevenue": 39377000,
        "grossProfit": 330714000,
        "grossProfitRatio": 0.8936018439,
        "researchAndDevelopmentExpenses": 68563000,
        "generalAndAdministrativeExpenses": 123189000,
        "sellingAndMarketingExpenses": 0,
        "sellingGeneralAndAdministrativeExpenses": 123189000,
        "otherExpenses": 104000,
        "operatingExpenses": 191856000,
        "costAndExpenses": 231233000,
        "interestIncome": 0,
        "interestExpense": 1056000,
        "depreciationAndAmortization": 6748000,
        "ebitda": 145067000,
        "ebitdaratio": 0.3919765679,
        "operatingIncome": 138858000,
        "operatingIncomeRatio": 0.3751996131,
        "totalOtherIncomeExpensesNet": -1595000,
        "incomeBeforeTax": 137263000,
        "incomeBeforeTaxRatio": 0.3708898622,
        "incomeTaxExpense": 41378000,
        "netIncome": 95885000,
        "netIncomeRatio": 0.2590849278,
        "eps": 0.49,
        "epsdiluted": 0.48,
        "weightedAverageShsOut": 195247000,
        "weightedAverageShsOutDil": 199299000,
        "link": "https://www.sec.gov/Archives/edgar/data/899866/000089986613000136/0000899866-13-000136-index.html",
        "finalLink": "https://www.sec.gov/Archives/edgar/data/899866/000089986613000136/alxn6301310q.htm"
    },
    {
        "date": "2013-03-31",
        "symbol": "ALXN",
        "reportedCurrency": "USD",
        "cik": "0000899866",
        "fillingDate": "2013-04-30",
        "acceptedDate": "2013-04-30 14:32:58",
        "calendarYear": "2013",
        "period": "Q1",
        "revenue": 338941000,
        "costOfRevenue": 35269000,
        "grossProfit": 303672000,
        "grossProfitRatio": 0.8959435418,
        "researchAndDevelopmentExpenses": 74536000,
        "generalAndAdministrativeExpenses": 108826000,
        "sellingAndMarketingExpenses": 0,
        "sellingGeneralAndAdministrativeExpenses": 108826000,
        "otherExpenses": 104000,
        "operatingExpenses": 183466000,
        "costAndExpenses": 218735000,
        "interestIncome": 0,
        "interestExpense": 1171000,
        "depreciationAndAmortization": 6266000,
        "ebitda": 124178000,
        "ebitdaratio": 0.3663705483,
        "operatingIncome": 120206000,
        "operatingIncomeRatio": 0.3546516945,
        "totalOtherIncomeExpensesNet": -3465000,
        "incomeBeforeTax": 116741000,
        "incomeBeforeTaxRatio": 0.3444286764,
        "incomeTaxExpense": 34524000,
        "netIncome": 82217000,
        "netIncomeRatio": 0.2425702408,
        "eps": 0.42,
        "epsdiluted": 0.41,
        "weightedAverageShsOut": 194771000,
        "weightedAverageShsOutDil": 199057000,
        "link": "https://www.sec.gov/Archives/edgar/data/899866/000089986613000086/0000899866-13-000086-index.html",
        "finalLink": "https://www.sec.gov/Archives/edgar/data/899866/000089986613000086/alxn3311310q.htm"
    },
    {
        "date": "2012-12-31",
        "symbol": "ALXN",
        "reportedCurrency": "USD",
        "cik": "0000899866",
        "fillingDate": "2013-02-19",
        "acceptedDate": "2013-02-19 10:05:39",
        "calendarYear": "2012",
        "period": "Q4",
        "revenue": 320526000,
        "costOfRevenue": -20230000,
        "grossProfit": 340756000,
        "grossProfitRatio": 1.0631150047,
        "researchAndDevelopmentExpenses": 63409000,
        "generalAndAdministrativeExpenses": 112624000,
        "sellingAndMarketingExpenses": 0,
        "sellingGeneralAndAdministrativeExpenses": 112624000,
        "otherExpenses": 105000,
        "operatingExpenses": 176138000,
        "costAndExpenses": 155908000,
        "interestIncome": 0,
        "interestExpense": 1182000,
        "depreciationAndAmortization": 6274000,
        "ebitda": 114725000,
        "ebitdaratio": 0.357927282,
        "operatingIncome": 164618000,
        "operatingIncomeRatio": 0.5135870413,
        "totalOtherIncomeExpensesNet": -57349000,
        "incomeBeforeTax": 107269000,
        "incomeBeforeTaxRatio": 0.3346655186,
        "incomeTaxExpense": 26298000,
        "netIncome": 80971000,
        "netIncomeRatio": 0.2526191323,
        "eps": 0.42,
        "epsdiluted": 0.4,
        "weightedAverageShsOut": 194141000,
        "weightedAverageShsOutDil": 201061000,
        "link": "https://www.sec.gov/Archives/edgar/data/899866/000089986613000060/0000899866-13-000060-index.html",
        "finalLink": "https://www.sec.gov/Archives/edgar/data/899866/000089986613000060/alxn10k12312012.htm"
    },
    {
        "date": "2012-09-30",
        "symbol": "ALXN",
        "reportedCurrency": "USD",
        "cik": "0000899866",
        "fillingDate": "2012-10-29",
        "acceptedDate": "2012-10-29 13:26:34",
        "calendarYear": "2012",
        "period": "Q3",
        "revenue": 294136000,
        "costOfRevenue": 33186000,
        "grossProfit": 260950000,
        "grossProfitRatio": 0.8871746403,
        "researchAndDevelopmentExpenses": 54280000,
        "generalAndAdministrativeExpenses": 89957000,
        "sellingAndMarketingExpenses": 0,
        "sellingGeneralAndAdministrativeExpenses": 89957000,
        "otherExpenses": 104000,
        "operatingExpenses": 144341000,
        "costAndExpenses": 177527000,
        "interestIncome": 0,
        "interestExpense": 1855000,
        "depreciationAndAmortization": 6194000,
        "ebitda": 148814000,
        "ebitdaratio": 0.5059360296,
        "operatingIncome": 116609000,
        "operatingIncomeRatio": 0.3964458618,
        "totalOtherIncomeExpensesNet": 24156000,
        "incomeBeforeTax": 140765000,
        "incomeBeforeTaxRatio": 0.4785711372,
        "incomeTaxExpense": 48586000,
        "netIncome": 92179000,
        "netIncomeRatio": 0.3133890445,
        "eps": 0.48,
        "epsdiluted": 0.46,
        "weightedAverageShsOut": 193353000,
        "weightedAverageShsOutDil": 201142000,
        "link": "https://www.sec.gov/Archives/edgar/data/899866/000089986612000006/0000899866-12-000006-index.html",
        "finalLink": "https://www.sec.gov/Archives/edgar/data/899866/000089986612000006/alxn9301210q.htm"
    },
    {
        "date": "2012-06-30",
        "symbol": "ALXN",
        "reportedCurrency": "USD",
        "cik": "0000899866",
        "fillingDate": "2012-07-27",
        "acceptedDate": "2012-07-27 13:45:17",
        "calendarYear": "2012",
        "period": "Q2",
        "revenue": 274719000,
        "costOfRevenue": 31613000,
        "grossProfit": 243106000,
        "grossProfitRatio": 0.8849260517,
        "researchAndDevelopmentExpenses": 59635000,
        "generalAndAdministrativeExpenses": 94855000,
        "sellingAndMarketingExpenses": 0,
        "sellingGeneralAndAdministrativeExpenses": 94855000,
        "otherExpenses": 104000,
        "operatingExpenses": 154594000,
        "costAndExpenses": 186207000,
        "interestIncome": 0,
        "interestExpense": 2079000,
        "depreciationAndAmortization": 5544000,
        "ebitda": 89345000,
        "ebitdaratio": 0.3252232281,
        "operatingIncome": 88512000,
        "operatingIncomeRatio": 0.3221910388,
        "totalOtherIncomeExpensesNet": -6790000,
        "incomeBeforeTax": 81722000,
        "incomeBeforeTaxRatio": 0.2974748743,
        "incomeTaxExpense": 45464000,
        "netIncome": 36258000,
        "netIncomeRatio": 0.1319821345,
        "eps": 0.19,
        "epsdiluted": 0.18,
        "weightedAverageShsOut": 188575000,
        "weightedAverageShsOutDil": 197051000,
        "link": "https://www.sec.gov/Archives/edgar/data/899866/000144530512002315/0001445305-12-002315-index.html",
        "finalLink": "https://www.sec.gov/Archives/edgar/data/899866/000144530512002315/alxn6301210q.htm"
    },
    {
        "date": "2012-03-31",
        "symbol": "ALXN",
        "reportedCurrency": "USD",
        "cik": "0000899866",
        "fillingDate": "2012-05-02",
        "acceptedDate": "2012-05-02 16:14:16",
        "calendarYear": "2012",
        "period": "Q1",
        "revenue": 244733000,
        "costOfRevenue": 28268000,
        "grossProfit": 216465000,
        "grossProfitRatio": 0.8844945308,
        "researchAndDevelopmentExpenses": 45408000,
        "generalAndAdministrativeExpenses": 87242000,
        "sellingAndMarketingExpenses": 0,
        "sellingGeneralAndAdministrativeExpenses": 87242000,
        "otherExpenses": 104000,
        "operatingExpenses": 132754000,
        "costAndExpenses": 161022000,
        "interestIncome": 0,
        "interestExpense": 2287000,
        "depreciationAndAmortization": 5875000,
        "ebitda": 75971000,
        "ebitdaratio": 0.3104240131,
        "operatingIncome": 83711000,
        "operatingIncomeRatio": 0.3420503161,
        "totalOtherIncomeExpensesNet": -15902000,
        "incomeBeforeTax": 67809000,
        "incomeBeforeTaxRatio": 0.277073382,
        "incomeTaxExpense": 22396000,
        "netIncome": 45413000,
        "netIncomeRatio": 0.1855614077,
        "eps": 0.24,
        "epsdiluted": 0.23,
        "weightedAverageShsOut": 185682000,
        "weightedAverageShsOutDil": 194560000,
        "link": "https://www.sec.gov/Archives/edgar/data/899866/000144530512000363/0001445305-12-000363-index.htm",
        "finalLink": "https://www.sec.gov/Archives/edgar/data/899866/000144530512000363/alxn10k.htm"
    },
    {
        "date": "2011-12-31",
        "symbol": "ALXN",
        "reportedCurrency": "USD",
        "cik": "0000899866",
        "fillingDate": "2012-02-17",
        "acceptedDate": "2012-02-17 17:29:44",
        "calendarYear": "2011",
        "period": "Q4",
        "revenue": 227559000,
        "costOfRevenue": 28798000,
        "grossProfit": 198761000,
        "grossProfitRatio": 0.8734482046,
        "researchAndDevelopmentExpenses": 34398000,
        "generalAndAdministrativeExpenses": 86567000,
        "sellingAndMarketingExpenses": 0,
        "sellingGeneralAndAdministrativeExpenses": 86567000,
        "otherExpenses": 104000,
        "operatingExpenses": 121069000,
        "costAndExpenses": 149867000,
        "interestIncome": 0,
        "interestExpense": 183000,
        "depreciationAndAmortization": 4414000,
        "ebitda": 78675000,
        "ebitdaratio": 0.3457345128,
        "operatingIncome": 77692000,
        "operatingIncomeRatio": 0.341414754,
        "totalOtherIncomeExpensesNet": -3614000,
        "incomeBeforeTax": 74078000,
        "incomeBeforeTaxRatio": 0.3255331584,
        "incomeTaxExpense": 25908000,
        "netIncome": 48170000,
        "netIncomeRatio": 0.2116813662,
        "eps": 0.26,
        "epsdiluted": 0.26,
        "weightedAverageShsOut": 185682000,
        "weightedAverageShsOutDil": 185682000,
        "link": "https://www.sec.gov/Archives/edgar/data/899866/000144530512000363/0001445305-12-000363-index.html",
        "finalLink": "https://www.sec.gov/Archives/edgar/data/899866/000144530512000363/alxn10k.htm"
    },
    {
        "date": "2011-09-30",
        "symbol": "ALXN",
        "reportedCurrency": "USD",
        "cik": "0000899866",
        "fillingDate": "2011-10-31",
        "acceptedDate": "2011-10-31 16:22:44",
        "calendarYear": "2011",
        "period": "Q3",
        "revenue": 204047000,
        "costOfRevenue": 23369000,
        "grossProfit": 180678000,
        "grossProfitRatio": 0.8854724647,
        "researchAndDevelopmentExpenses": 36567000,
        "generalAndAdministrativeExpenses": 77572000,
        "sellingAndMarketingExpenses": 0,
        "sellingGeneralAndAdministrativeExpenses": 77572000,
        "otherExpenses": 104000,
        "operatingExpenses": 114243000,
        "costAndExpenses": 137612000,
        "interestIncome": 0,
        "interestExpense": 204000,
        "depreciationAndAmortization": 4496000,
        "ebitda": 70377000,
        "ebitdaratio": 0.3449058305,
        "operatingIncome": 66435000,
        "operatingIncomeRatio": 0.3255867521,
        "totalOtherIncomeExpensesNet": -758000,
        "incomeBeforeTax": 65677000,
        "incomeBeforeTaxRatio": 0.3218719217,
        "incomeTaxExpense": 107000,
        "netIncome": 65570000,
        "netIncomeRatio": 0.3213475327,
        "eps": 0.36,
        "epsdiluted": 0.34,
        "weightedAverageShsOut": 183706000,
        "weightedAverageShsOutDil": 192161000,
        "link": "https://www.sec.gov/Archives/edgar/data/899866/000119312511288721/0001193125-11-288721-index.html",
        "finalLink": "https://www.sec.gov/Archives/edgar/data/899866/000119312511288721/d234345d10q.htm"
    },
    {
        "date": "2011-06-30",
        "symbol": "ALXN",
        "reportedCurrency": "USD",
        "cik": "0000899866",
        "fillingDate": "2011-08-03",
        "acceptedDate": "2011-08-03 15:07:28",
        "calendarYear": "2011",
        "period": "Q2",
        "revenue": 185699000,
        "costOfRevenue": 21745000,
        "grossProfit": 163954000,
        "grossProfitRatio": 0.8829019004,
        "researchAndDevelopmentExpenses": 35646000,
        "generalAndAdministrativeExpenses": 78180000,
        "sellingAndMarketingExpenses": 0,
        "sellingGeneralAndAdministrativeExpenses": 78180000,
        "otherExpenses": 104000,
        "operatingExpenses": 113930000,
        "costAndExpenses": 135675000,
        "interestIncome": 0,
        "interestExpense": 203000,
        "depreciationAndAmortization": 4389000,
        "ebitda": 53679000,
        "ebitdaratio": 0.2890645615,
        "operatingIncome": 50024000,
        "operatingIncomeRatio": 0.2693821722,
        "totalOtherIncomeExpensesNet": -937000,
        "incomeBeforeTax": 49087000,
        "incomeBeforeTaxRatio": 0.2643363723,
        "incomeTaxExpense": 14342000,
        "netIncome": 34745000,
        "netIncomeRatio": 0.1871038616,
        "eps": 0.19,
        "epsdiluted": 0.18,
        "weightedAverageShsOut": 182962000,
        "weightedAverageShsOutDil": 191187000,
        "link": "https://www.sec.gov/Archives/edgar/data/899866/000119312511207999/0001193125-11-207999-index.html",
        "finalLink": "https://www.sec.gov/Archives/edgar/data/899866/000119312511207999/d10q.htm"
    },
    {
        "date": "2011-03-31",
        "symbol": "ALXN",
        "reportedCurrency": "USD",
        "cik": "0000899866",
        "fillingDate": "2011-05-04",
        "acceptedDate": "2011-05-04 17:21:24",
        "calendarYear": "2011",
        "period": "Q1",
        "revenue": 166126000,
        "costOfRevenue": 19228000,
        "grossProfit": 146898000,
        "grossProfitRatio": 0.8842565282,
        "researchAndDevelopmentExpenses": 30810000,
        "generalAndAdministrativeExpenses": 65858000,
        "sellingAndMarketingExpenses": 0,
        "sellingGeneralAndAdministrativeExpenses": 65858000,
        "otherExpenses": 69000,
        "operatingExpenses": 96737000,
        "costAndExpenses": 115965000,
        "interestIncome": 0,
        "interestExpense": 198000,
        "depreciationAndAmortization": 4317000,
        "ebitda": 45341000,
        "ebitdaratio": 0.2729313894,
        "operatingIncome": 50161000,
        "operatingIncomeRatio": 0.3019455112,
        "totalOtherIncomeExpensesNet": -9335000,
        "incomeBeforeTax": 40826000,
        "incomeBeforeTaxRatio": 0.2457532235,
        "incomeTaxExpense": 13996000,
        "netIncome": 26830000,
        "netIncomeRatio": 0.1615039187,
        "eps": 0.15,
        "epsdiluted": 0.14,
        "weightedAverageShsOut": 181724000,
        "weightedAverageShsOutDil": 190366000,
        "link": "https://www.sec.gov/Archives/edgar/data/899866/000119312511126383/0001193125-11-126383-index.html",
        "finalLink": "https://www.sec.gov/Archives/edgar/data/899866/000119312511126383/d10q.htm"
    },
    {
        "date": "2010-12-31",
        "symbol": "ALXN",
        "reportedCurrency": "USD",
        "cik": "0000899866",
        "fillingDate": "2011-02-17",
        "acceptedDate": "2011-02-17 17:17:01",
        "calendarYear": "2010",
        "period": "Q4",
        "revenue": 155975000,
        "costOfRevenue": 20222000,
        "grossProfit": 135753000,
        "grossProfitRatio": 0.8703510178,
        "researchAndDevelopmentExpenses": 27177000,
        "generalAndAdministrativeExpenses": 63547000,
        "sellingAndMarketingExpenses": 0,
        "sellingGeneralAndAdministrativeExpenses": 63547000,
        "otherExpenses": 0,
        "operatingExpenses": 90724000,
        "costAndExpenses": 110946000,
        "interestIncome": 0,
        "interestExpense": 174000,
        "depreciationAndAmortization": 3928000,
        "ebitda": 48349000,
        "ebitdaratio": 0.3099791633,
        "operatingIncome": 45029000,
        "operatingIncomeRatio": 0.2886937009,
        "totalOtherIncomeExpensesNet": -782000,
        "incomeBeforeTax": 44247000,
        "incomeBeforeTaxRatio": 0.2836800769,
        "incomeTaxExpense": 17797000,
        "netIncome": 26450000,
        "netIncomeRatio": 0.1695784581,
        "eps": 0.15,
        "epsdiluted": 0.15,
        "weightedAverageShsOut": 181724000,
        "weightedAverageShsOutDil": 181724000,
        "link": "https://www.sec.gov/Archives/edgar/data/899866/000119312511039250/0001193125-11-039250-index.htm",
        "finalLink": "https://www.sec.gov/Archives/edgar/data/899866/000119312511039250/d10k.htm"
    },
    {
        "date": "2010-09-30",
        "symbol": "ALXN",
        "reportedCurrency": "USD",
        "cik": "0000899866",
        "fillingDate": "2010-11-02",
        "acceptedDate": "2010-11-02 15:45:35",
        "calendarYear": "2010",
        "period": "Q3",
        "revenue": 141569000,
        "costOfRevenue": 16495000,
        "grossProfit": 125074000,
        "grossProfitRatio": 0.8834843786,
        "researchAndDevelopmentExpenses": 25153000,
        "generalAndAdministrativeExpenses": 57208000,
        "sellingAndMarketingExpenses": 0,
        "sellingGeneralAndAdministrativeExpenses": 57208000,
        "otherExpenses": 0,
        "operatingExpenses": 82361000,
        "costAndExpenses": 98856000,
        "interestIncome": 0,
        "interestExpense": 162000,
        "depreciationAndAmortization": 4031000,
        "ebitda": 46800000,
        "ebitdaratio": 0.3305808475,
        "operatingIncome": 42713000,
        "operatingIncomeRatio": 0.3017115329,
        "totalOtherIncomeExpensesNet": -106000,
        "incomeBeforeTax": 42607000,
        "incomeBeforeTaxRatio": 0.3009627814,
        "incomeTaxExpense": 14734000,
        "netIncome": 27873000,
        "netIncomeRatio": 0.196886324,
        "eps": 0.16,
        "epsdiluted": 0.15,
        "weightedAverageShsOut": 178980000,
        "weightedAverageShsOutDil": 186042000,
        "link": "https://www.sec.gov/Archives/edgar/data/899866/000119312510244262/0001193125-10-244262-index.html",
        "finalLink": "https://www.sec.gov/Archives/edgar/data/899866/000119312510244262/d10q.htm"
    },
    {
        "date": "2010-06-30",
        "symbol": "ALXN",
        "reportedCurrency": "USD",
        "cik": "0000899866",
        "fillingDate": "2010-07-30",
        "acceptedDate": "2010-07-30 17:04:46",
        "calendarYear": "2010",
        "period": "Q2",
        "revenue": 125834000,
        "costOfRevenue": 13721000,
        "grossProfit": 112113000,
        "grossProfitRatio": 0.8909595181,
        "researchAndDevelopmentExpenses": 23690000,
        "generalAndAdministrativeExpenses": 56098000,
        "sellingAndMarketingExpenses": 0,
        "sellingGeneralAndAdministrativeExpenses": 56098000,
        "otherExpenses": 0,
        "operatingExpenses": 79788000,
        "costAndExpenses": 93509000,
        "interestIncome": 0,
        "interestExpense": 158000,
        "depreciationAndAmortization": 3991000,
        "ebitda": 36232000,
        "ebitdaratio": 0.2879348984,
        "operatingIncome": 32325000,
        "operatingIncomeRatio": 0.2568860562,
        "totalOtherIncomeExpensesNet": -242000,
        "incomeBeforeTax": 32083000,
        "incomeBeforeTaxRatio": 0.2549628876,
        "incomeTaxExpense": 10310000,
        "netIncome": 21773000,
        "netIncomeRatio": 0.1730295469,
        "eps": 0.12,
        "epsdiluted": 0.12,
        "weightedAverageShsOut": 178004000,
        "weightedAverageShsOutDil": 185150000,
        "link": "https://www.sec.gov/Archives/edgar/data/899866/000119312510172323/0001193125-10-172323-index.html",
        "finalLink": "https://www.sec.gov/Archives/edgar/data/899866/000119312510172323/d10q.htm"
    },
    {
        "date": "2010-03-31",
        "symbol": "ALXN",
        "reportedCurrency": "USD",
        "cik": "0000899866",
        "fillingDate": "2010-05-05",
        "acceptedDate": "2010-05-05 14:32:19",
        "calendarYear": "2010",
        "period": "Q1",
        "revenue": 117578000,
        "costOfRevenue": 13999000,
        "grossProfit": 103579000,
        "grossProfitRatio": 0.880938611,
        "researchAndDevelopmentExpenses": 22374000,
        "generalAndAdministrativeExpenses": 50635000,
        "sellingAndMarketingExpenses": 0,
        "sellingGeneralAndAdministrativeExpenses": 50635000,
        "otherExpenses": 0,
        "operatingExpenses": 73009000,
        "costAndExpenses": 87008000,
        "interestIncome": 0,
        "interestExpense": 210000,
        "depreciationAndAmortization": 3842000,
        "ebitda": 34125000,
        "ebitdaratio": 0.2902328667,
        "operatingIncome": 30570000,
        "operatingIncomeRatio": 0.2599976186,
        "totalOtherIncomeExpensesNet": -497000,
        "incomeBeforeTax": 30073000,
        "incomeBeforeTaxRatio": 0.2557706374,
        "incomeTaxExpense": 9139000,
        "netIncome": 20934000,
        "netIncomeRatio": 0.1780435115,
        "eps": 0.12,
        "epsdiluted": 0.11,
        "weightedAverageShsOut": 177012000,
        "weightedAverageShsOutDil": 184180000,
        "link": "https://www.sec.gov/Archives/edgar/data/899866/000119312510108559/0001193125-10-108559-index.html",
        "finalLink": "https://www.sec.gov/Archives/edgar/data/899866/000119312510108559/d10q.htm"
    },
    {
        "date": "2009-12-31",
        "symbol": "ALXN",
        "reportedCurrency": "USD",
        "cik": "0000899866",
        "fillingDate": "2010-02-23",
        "acceptedDate": "2010-02-23 17:22:39",
        "calendarYear": "2009",
        "period": "Q4",
        "revenue": 110649000,
        "costOfRevenue": 12892000,
        "grossProfit": 97757000,
        "grossProfitRatio": 0.8834874242,
        "researchAndDevelopmentExpenses": 23215000,
        "generalAndAdministrativeExpenses": 51887000,
        "sellingAndMarketingExpenses": 0,
        "sellingGeneralAndAdministrativeExpenses": 51887000,
        "otherExpenses": 0,
        "operatingExpenses": 75102000,
        "costAndExpenses": 87994000,
        "interestIncome": 0,
        "interestExpense": 84000,
        "depreciationAndAmortization": 3538000,
        "ebitda": 26216000,
        "ebitdaratio": 0.2369293893,
        "operatingIncome": 22655000,
        "operatingIncomeRatio": 0.2047465409,
        "totalOtherIncomeExpensesNet": -61000,
        "incomeBeforeTax": 22594000,
        "incomeBeforeTaxRatio": 0.204195248,
        "incomeTaxExpense": -214533000,
        "netIncome": 237127000,
        "netIncomeRatio": 2.1430559698,
        "eps": 1.34,
        "epsdiluted": 1.34,
        "weightedAverageShsOut": 177012000,
        "weightedAverageShsOutDil": 177012000,
        "link": "https://www.sec.gov/Archives/edgar/data/899866/000119312510037748/0001193125-10-037748-index.html",
        "finalLink": "https://www.sec.gov/Archives/edgar/data/899866/000119312510037748/d10k.htm"
    },
    {
        "date": "2009-09-30",
        "symbol": "ALXN",
        "reportedCurrency": "USD",
        "cik": "0000899866",
        "fillingDate": "2009-11-05",
        "acceptedDate": "2009-11-05 17:19:01",
        "calendarYear": "2009",
        "period": "Q3",
        "revenue": 102628000,
        "costOfRevenue": 11895000,
        "grossProfit": 90733000,
        "grossProfitRatio": 0.8840959582,
        "researchAndDevelopmentExpenses": 21323000,
        "generalAndAdministrativeExpenses": 41523000,
        "sellingAndMarketingExpenses": 0,
        "sellingGeneralAndAdministrativeExpenses": 41523000,
        "otherExpenses": 0,
        "operatingExpenses": 62846000,
        "costAndExpenses": 74741000,
        "interestIncome": 0,
        "interestExpense": 80000,
        "depreciationAndAmortization": 2971000,
        "ebitda": 30733000,
        "ebitdaratio": 0.2994601863,
        "operatingIncome": 27887000,
        "operatingIncomeRatio": 0.2717289629,
        "totalOtherIncomeExpensesNet": -205000,
        "incomeBeforeTax": 27682000,
        "incomeBeforeTaxRatio": 0.2697314573,
        "incomeTaxExpense": 951000,
        "netIncome": 26731000,
        "netIncomeRatio": 0.2604649803,
        "eps": 0.15,
        "epsdiluted": 0.15,
        "weightedAverageShsOut": 174894000,
        "weightedAverageShsOutDil": 181892000,
        "link": "https://www.sec.gov/Archives/edgar/data/899866/000119312509225762/0001193125-09-225762-index.html",
        "finalLink": "https://www.sec.gov/Archives/edgar/data/899866/000119312509225762/d10q.htm"
    },
    {
        "date": "2009-06-30",
        "symbol": "ALXN",
        "reportedCurrency": "USD",
        "cik": "0000899866",
        "fillingDate": "2009-07-24",
        "acceptedDate": "2009-07-24 17:07:32",
        "calendarYear": "2009",
        "period": "Q2",
        "revenue": 92256000,
        "costOfRevenue": 10313000,
        "grossProfit": 81943000,
        "grossProfitRatio": 0.8882132327,
        "researchAndDevelopmentExpenses": 18288000,
        "generalAndAdministrativeExpenses": 42705000,
        "sellingAndMarketingExpenses": 0,
        "sellingGeneralAndAdministrativeExpenses": 42705000,
        "otherExpenses": 0,
        "operatingExpenses": 60993000,
        "costAndExpenses": 71306000,
        "interestIncome": 0,
        "interestExpense": 109000,
        "depreciationAndAmortization": 2940000,
        "ebitda": 20943000,
        "ebitdaratio": 0.2270096254,
        "operatingIncome": 20950000,
        "operatingIncomeRatio": 0.2270855012,
        "totalOtherIncomeExpensesNet": -3056000,
        "incomeBeforeTax": 17894000,
        "incomeBeforeTaxRatio": 0.1939602844,
        "incomeTaxExpense": 1092000,
        "netIncome": 16802000,
        "netIncomeRatio": 0.1821236559,
        "eps": 0.0987,
        "epsdiluted": 0.0932,
        "weightedAverageShsOut": 170256000,
        "weightedAverageShsOutDil": 180318000,
        "link": "https://www.sec.gov/Archives/edgar/data/899866/000119312509155013/0001193125-09-155013-index.html",
        "finalLink": "https://www.sec.gov/Archives/edgar/data/899866/000119312509155013/d10q.htm"
    },
    {
        "date": "2009-03-31",
        "symbol": "ALXN",
        "reportedCurrency": "USD",
        "cik": "0000899866",
        "fillingDate": "2009-05-08",
        "acceptedDate": "2009-05-08 15:21:57",
        "calendarYear": "2009",
        "period": "Q1",
        "revenue": 81267000,
        "costOfRevenue": 9959000,
        "grossProfit": 71308000,
        "grossProfitRatio": 0.8774533328,
        "researchAndDevelopmentExpenses": 19089000,
        "generalAndAdministrativeExpenses": 36652000,
        "sellingAndMarketingExpenses": 0,
        "sellingGeneralAndAdministrativeExpenses": 36652000,
        "otherExpenses": 0,
        "operatingExpenses": 55741000,
        "costAndExpenses": 65700000,
        "interestIncome": 0,
        "interestExpense": 333000,
        "depreciationAndAmortization": 3024000,
        "ebitda": 18501000,
        "ebitdaratio": 0.2276569825,
        "operatingIncome": 15567000,
        "operatingIncomeRatio": 0.1915537672,
        "totalOtherIncomeExpensesNet": -423000,
        "incomeBeforeTax": 15144000,
        "incomeBeforeTaxRatio": 0.1863487024,
        "incomeTaxExpense": 638000,
        "netIncome": 14506000,
        "netIncomeRatio": 0.1784980373,
        "eps": 0.0888,
        "epsdiluted": 0.08,
        "weightedAverageShsOut": 163396000,
        "weightedAverageShsOutDil": 181290000,
        "link": "https://www.sec.gov/Archives/edgar/data/899866/000119312509105229/0001193125-09-105229-index.html",
        "finalLink": "https://www.sec.gov/Archives/edgar/data/899866/000119312509105229/d10q.htm"
    },
    {
        "date": "2008-12-31",
        "symbol": "ALXN",
        "reportedCurrency": "USD",
        "cik": "0000899866",
        "fillingDate": "2009-02-23",
        "acceptedDate": "2009-02-23 17:28:09",
        "calendarYear": "2008",
        "period": "Q4",
        "revenue": 77399000,
        "costOfRevenue": 6812000,
        "grossProfit": 70587000,
        "grossProfitRatio": 0.911988527,
        "researchAndDevelopmentExpenses": 15275000,
        "generalAndAdministrativeExpenses": 38789000,
        "sellingAndMarketingExpenses": 0,
        "sellingGeneralAndAdministrativeExpenses": 38789000,
        "otherExpenses": 0,
        "operatingExpenses": 54064000,
        "costAndExpenses": 60876000,
        "interestIncome": 0,
        "interestExpense": 0,
        "depreciationAndAmortization": 2079000,
        "ebitda": 18827000,
        "ebitdaratio": 0.2432460368,
        "operatingIncome": 16523000,
        "operatingIncomeRatio": 0.2134782103,
        "totalOtherIncomeExpensesNet": 225000,
        "incomeBeforeTax": 16748000,
        "incomeBeforeTaxRatio": 0.2163852246,
        "incomeTaxExpense": 1412000,
        "netIncome": 15336000,
        "netIncomeRatio": 0.1981420949,
        "eps": 0.0939,
        "epsdiluted": 0.0939,
        "weightedAverageShsOut": 163396000,
        "weightedAverageShsOutDil": 163396000,
        "link": "https://www.sec.gov/Archives/edgar/data/899866/000119312509035223/0001193125-09-035223-index.html",
        "finalLink": "https://www.sec.gov/Archives/edgar/data/899866/000119312509035223/d10k.htm"
    },
    {
        "date": "2008-09-30",
        "symbol": "ALXN",
        "reportedCurrency": "USD",
        "cik": "0000899866",
        "fillingDate": "2008-10-30",
        "acceptedDate": "2008-10-30 16:20:10",
        "calendarYear": "2008",
        "period": "Q3",
        "revenue": 76500000,
        "costOfRevenue": 8948000,
        "grossProfit": 67552000,
        "grossProfitRatio": 0.8830326797,
        "researchAndDevelopmentExpenses": 14874000,
        "generalAndAdministrativeExpenses": 32064000,
        "sellingAndMarketingExpenses": 0,
        "sellingGeneralAndAdministrativeExpenses": 32064000,
        "otherExpenses": 0,
        "operatingExpenses": 46938000,
        "costAndExpenses": 55886000,
        "interestIncome": 0,
        "interestExpense": 0,
        "depreciationAndAmortization": 1960000,
        "ebitda": 22064000,
        "ebitdaratio": 0.2884183007,
        "operatingIncome": 20614000,
        "operatingIncomeRatio": 0.2694640523,
        "totalOtherIncomeExpensesNet": -510000,
        "incomeBeforeTax": 20104000,
        "incomeBeforeTaxRatio": 0.2627973856,
        "incomeTaxExpense": 415000,
        "netIncome": 19689000,
        "netIncomeRatio": 0.257372549,
        "eps": 0.13,
        "epsdiluted": 0.11,
        "weightedAverageShsOut": 153316000,
        "weightedAverageShsOutDil": 179686000,
        "link": "https://www.sec.gov/Archives/edgar/data/899866/000119312508220304/0001193125-08-220304-index.html",
        "finalLink": "https://www.sec.gov/Archives/edgar/data/899866/000119312508220304/d10q.htm"
    },
    {
        "date": "2008-06-30",
        "symbol": "ALXN",
        "reportedCurrency": "USD",
        "cik": "0000899866",
        "fillingDate": "2008-08-07",
        "acceptedDate": "2008-08-07 13:25:41",
        "calendarYear": "2008",
        "period": "Q2",
        "revenue": 59559000,
        "costOfRevenue": 7142000,
        "grossProfit": 52417000,
        "grossProfitRatio": 0.8800852936,
        "researchAndDevelopmentExpenses": 16825000,
        "generalAndAdministrativeExpenses": 32907000,
        "sellingAndMarketingExpenses": 0,
        "sellingGeneralAndAdministrativeExpenses": 32907000,
        "otherExpenses": 0,
        "operatingExpenses": 49732000,
        "costAndExpenses": 56874000,
        "interestIncome": 0,
        "interestExpense": 0,
        "depreciationAndAmortization": 2280000,
        "ebitda": 4498000,
        "ebitdaratio": 0.0755217515,
        "operatingIncome": 2685000,
        "operatingIncomeRatio": 0.0450813479,
        "totalOtherIncomeExpensesNet": -467000,
        "incomeBeforeTax": 2218000,
        "incomeBeforeTaxRatio": 0.0372403835,
        "incomeTaxExpense": -156000,
        "netIncome": 2374000,
        "netIncomeRatio": 0.039859635,
        "eps": 0.0157,
        "epsdiluted": 0.015,
        "weightedAverageShsOut": 151368000,
        "weightedAverageShsOutDil": 157980000,
        "link": "https://www.sec.gov/Archives/edgar/data/899866/000119312508169811/0001193125-08-169811-index.html",
        "finalLink": "https://www.sec.gov/Archives/edgar/data/899866/000119312508169811/d10q.htm"
    },
    {
        "date": "2008-03-31",
        "symbol": "ALXN",
        "reportedCurrency": "USD",
        "cik": "0000899866",
        "fillingDate": "2008-05-12",
        "acceptedDate": "2008-05-12 17:15:35",
        "calendarYear": "2008",
        "period": "Q1",
        "revenue": 45641000,
        "costOfRevenue": 5464000,
        "grossProfit": 40177000,
        "grossProfitRatio": 0.8802830788,
        "researchAndDevelopmentExpenses": 15609000,
        "generalAndAdministrativeExpenses": 29781000,
        "sellingAndMarketingExpenses": 0,
        "sellingGeneralAndAdministrativeExpenses": 29781000,
        "otherExpenses": 0,
        "operatingExpenses": 45390000,
        "costAndExpenses": 50854000,
        "interestIncome": 0,
        "interestExpense": 0,
        "depreciationAndAmortization": 1289000,
        "ebitda": -3050000,
        "ebitdaratio": -0.0668258802,
        "operatingIncome": -5213000,
        "operatingIncomeRatio": -0.1142174799,
        "totalOtherIncomeExpensesNet": 874000,
        "incomeBeforeTax": -4339000,
        "incomeBeforeTaxRatio": -0.0950680309,
        "incomeTaxExpense": -90000,
        "netIncome": -4249000,
        "netIncomeRatio": -0.0930961197,
        "eps": -0.0283,
        "epsdiluted": -0.0283,
        "weightedAverageShsOut": 150056000,
        "weightedAverageShsOutDil": 150056000,
        "link": "https://www.sec.gov/Archives/edgar/data/899866/000119312508111779/0001193125-08-111779-index.html",
        "finalLink": "https://www.sec.gov/Archives/edgar/data/899866/000119312508111779/d10q.htm"
    },
    {
        "date": "2007-12-31",
        "symbol": "ALXN",
        "reportedCurrency": "USD",
        "cik": "0000899866",
        "fillingDate": "2008-02-29",
        "acceptedDate": "2008-02-29 15:41:20",
        "calendarYear": "2007",
        "period": "Q4",
        "revenue": 33857000,
        "costOfRevenue": 3391000,
        "grossProfit": 30466000,
        "grossProfitRatio": 0.8998434593,
        "researchAndDevelopmentExpenses": 15643000,
        "generalAndAdministrativeExpenses": 28571000,
        "sellingAndMarketingExpenses": 0,
        "sellingGeneralAndAdministrativeExpenses": 28571000,
        "otherExpenses": 0,
        "operatingExpenses": 44214000,
        "costAndExpenses": 47605000,
        "interestIncome": 0,
        "interestExpense": 0,
        "depreciationAndAmortization": 1721000,
        "ebitda": -11098000,
        "ebitdaratio": -0.3277904126,
        "operatingIncome": -13748000,
        "operatingIncomeRatio": -0.4060607851,
        "totalOtherIncomeExpensesNet": 929000,
        "incomeBeforeTax": -12819000,
        "incomeBeforeTaxRatio": -0.3786218507,
        "incomeTaxExpense": -487000,
        "netIncome": -12332000,
        "netIncomeRatio": -0.3642378238,
        "eps": -0.0822,
        "epsdiluted": -0.0822,
        "weightedAverageShsOut": 150056000,
        "weightedAverageShsOutDil": 150056000,
        "link": "https://www.sec.gov/Archives/edgar/data/899866/000119312508043592/0001193125-08-043592-index.htm",
        "finalLink": "https://www.sec.gov/Archives/edgar/data/899866/000119312508043592/d10k.htm"
    },
    {
        "date": "2007-09-30",
        "symbol": "ALXN",
        "reportedCurrency": "USD",
        "cik": "0000899866",
        "fillingDate": "2007-11-09",
        "acceptedDate": "2007-11-09 11:16:24",
        "calendarYear": "2007",
        "period": "Q3",
        "revenue": 22110000,
        "costOfRevenue": 2154000,
        "grossProfit": 19956000,
        "grossProfitRatio": 0.902578019,
        "researchAndDevelopmentExpenses": 16906000,
        "generalAndAdministrativeExpenses": 24944000,
        "sellingAndMarketingExpenses": 0,
        "sellingGeneralAndAdministrativeExpenses": 24944000,
        "otherExpenses": 0,
        "operatingExpenses": 41850000,
        "costAndExpenses": 44004000,
        "interestIncome": 0,
        "interestExpense": 0,
        "depreciationAndAmortization": 1260000,
        "ebitda": -18903000,
        "ebitdaratio": -0.8549525102,
        "operatingIncome": -21894000,
        "operatingIncomeRatio": -0.9902306649,
        "totalOtherIncomeExpensesNet": 1731000,
        "incomeBeforeTax": -20163000,
        "incomeBeforeTaxRatio": -0.9119402985,
        "incomeTaxExpense": -78000,
        "netIncome": -20085000,
        "netIncomeRatio": -0.908412483,
        "eps": -0.14,
        "epsdiluted": -0.14,
        "weightedAverageShsOut": 146656000,
        "weightedAverageShsOutDil": 146656000,
        "link": "https://www.sec.gov/Archives/edgar/data/899866/000119312507241721/0001193125-07-241721-index.html",
        "finalLink": "https://www.sec.gov/Archives/edgar/data/899866/000119312507241721/d10q.htm"
    },
    {
        "date": "2007-06-30",
        "symbol": "ALXN",
        "reportedCurrency": "USD",
        "cik": "0000899866",
        "fillingDate": "2007-08-07",
        "acceptedDate": "2007-08-07 16:32:44",
        "calendarYear": "2007",
        "period": "Q2",
        "revenue": 9756000,
        "costOfRevenue": 1067000,
        "grossProfit": 8689000,
        "grossProfitRatio": 0.8906314063,
        "researchAndDevelopmentExpenses": 15195000,
        "generalAndAdministrativeExpenses": 22788000,
        "sellingAndMarketingExpenses": 0,
        "sellingGeneralAndAdministrativeExpenses": 22788000,
        "otherExpenses": 0,
        "operatingExpenses": 37983000,
        "costAndExpenses": 39050000,
        "interestIncome": 0,
        "interestExpense": 0,
        "depreciationAndAmortization": 1073000,
        "ebitda": -26201000,
        "ebitdaratio": -2.6856293563,
        "operatingIncome": -29294000,
        "operatingIncomeRatio": -3.0026650267,
        "totalOtherIncomeExpensesNet": 2020000,
        "incomeBeforeTax": -27274000,
        "incomeBeforeTaxRatio": -2.7956129561,
        "incomeTaxExpense": -90000,
        "netIncome": -27184000,
        "netIncomeRatio": -2.7863878639,
        "eps": -0.19,
        "epsdiluted": -0.19,
        "weightedAverageShsOut": 144124000,
        "weightedAverageShsOutDil": 144124000,
        "link": "https://www.sec.gov/Archives/edgar/data/899866/000119312507173760/0001193125-07-173760-index.html",
        "finalLink": "https://www.sec.gov/Archives/edgar/data/899866/000119312507173760/d10q.htm"
    },
    {
        "date": "2007-03-31",
        "symbol": "ALXN",
        "reportedCurrency": "USD",
        "cik": "0000899866",
        "fillingDate": "2007-05-10",
        "acceptedDate": "2007-05-09 17:42:44",
        "calendarYear": "2007",
        "period": "Q1",
        "revenue": 6317000,
        "costOfRevenue": 85000,
        "grossProfit": 6232000,
        "grossProfitRatio": 0.9865442457,
        "researchAndDevelopmentExpenses": 21219000,
        "generalAndAdministrativeExpenses": 19838000,
        "sellingAndMarketingExpenses": 0,
        "sellingGeneralAndAdministrativeExpenses": 19838000,
        "otherExpenses": 0,
        "operatingExpenses": 41057000,
        "costAndExpenses": 41142000,
        "interestIncome": 0,
        "interestExpense": 0,
        "depreciationAndAmortization": 873000,
        "ebitda": -31910000,
        "ebitdaratio": -5.0514484724,
        "operatingIncome": -34825000,
        "operatingIncomeRatio": -5.5129016938,
        "totalOtherIncomeExpensesNet": 2042000,
        "incomeBeforeTax": -32783000,
        "incomeBeforeTaxRatio": -5.1896469843,
        "incomeTaxExpense": -90000,
        "netIncome": -32693000,
        "netIncomeRatio": -5.1753997151,
        "eps": -0.23,
        "epsdiluted": -0.23,
        "weightedAverageShsOut": 141444000,
        "weightedAverageShsOutDil": 141444000,
        "link": "https://www.sec.gov/Archives/edgar/data/899866/000119312507108462/0001193125-07-108462-index.html",
        "finalLink": "https://www.sec.gov/Archives/edgar/data/899866/000119312507108462/d10q.htm"
    },
    {
        "date": "2006-12-31",
        "symbol": "ALXN",
        "reportedCurrency": "USD",
        "cik": "0000899866",
        "fillingDate": "2007-02-23",
        "acceptedDate": "2007-02-23 16:18:12",
        "calendarYear": "2006",
        "period": "Q4",
        "revenue": 188000,
        "costOfRevenue": 0,
        "grossProfit": 188000,
        "grossProfitRatio": 1,
        "researchAndDevelopmentExpenses": 17344000,
        "generalAndAdministrativeExpenses": 23191000,
        "sellingAndMarketingExpenses": 0,
        "sellingGeneralAndAdministrativeExpenses": 23191000,
        "otherExpenses": 539000,
        "operatingExpenses": 41074000,
        "costAndExpenses": 41074000,
        "interestIncome": 0,
        "interestExpense": 0,
        "depreciationAndAmortization": 1055000,
        "ebitda": -38298000,
        "ebitdaratio": -203.7127659574,
        "operatingIncome": -40886000,
        "operatingIncomeRatio": -217.4787234043,
        "totalOtherIncomeExpensesNet": 1533000,
        "incomeBeforeTax": -39353000,
        "incomeBeforeTaxRatio": -209.3244680851,
        "incomeTaxExpense": -103000,
        "netIncome": -39250000,
        "netIncomeRatio": -208.7765957447,
        "eps": -0.28,
        "epsdiluted": -0.28,
        "weightedAverageShsOut": 141444000,
        "weightedAverageShsOutDil": 141444000,
        "link": "https://www.sec.gov/Archives/edgar/data/899866/000119312507038366/0001193125-07-038366-index.htm",
        "finalLink": "https://www.sec.gov/Archives/edgar/data/899866/000119312507038366/d10k.htm"
    },
    {
        "date": "2006-09-30",
        "symbol": "ALXN",
        "reportedCurrency": "USD",
        "cik": "0000899866",
        "fillingDate": "2006-11-09",
        "acceptedDate": "2006-11-09 16:42:46",
        "calendarYear": "2006",
        "period": "Q3",
        "revenue": 263000,
        "costOfRevenue": 0,
        "grossProfit": 263000,
        "grossProfitRatio": 1,
        "researchAndDevelopmentExpenses": 21205000,
        "generalAndAdministrativeExpenses": 12121000,
        "sellingAndMarketingExpenses": 0,
        "sellingGeneralAndAdministrativeExpenses": 12121000,
        "otherExpenses": 0,
        "operatingExpenses": 33326000,
        "costAndExpenses": 33326000,
        "interestIncome": 0,
        "interestExpense": 0,
        "depreciationAndAmortization": 899000,
        "ebitda": -31063000,
        "ebitdaratio": -118.1102661597,
        "operatingIncome": -33063000,
        "operatingIncomeRatio": -125.7148288973,
        "totalOtherIncomeExpensesNet": 1101000,
        "incomeBeforeTax": -31962000,
        "incomeBeforeTaxRatio": -121.5285171103,
        "incomeTaxExpense": -90000,
        "netIncome": -31872000,
        "netIncomeRatio": -121.1863117871,
        "eps": -0.25,
        "epsdiluted": -0.25,
        "weightedAverageShsOut": 125056000,
        "weightedAverageShsOutDil": 125056000,
        "link": "https://www.sec.gov/Archives/edgar/data/899866/000119312506230487/0001193125-06-230487-index.htm",
        "finalLink": "https://www.sec.gov/Archives/edgar/data/899866/000119312506230487/d10q.htm"
    },
    {
        "date": "2006-06-30",
        "symbol": "ALXN",
        "reportedCurrency": "USD",
        "cik": "0000899866",
        "fillingDate": "2006-08-08",
        "acceptedDate": "2006-08-08 16:05:15",
        "calendarYear": "2006",
        "period": "Q2",
        "revenue": 339000,
        "costOfRevenue": 0,
        "grossProfit": 339000,
        "grossProfitRatio": 1,
        "researchAndDevelopmentExpenses": 23462000,
        "generalAndAdministrativeExpenses": 11421000,
        "sellingAndMarketingExpenses": 0,
        "sellingGeneralAndAdministrativeExpenses": 11421000,
        "otherExpenses": 0,
        "operatingExpenses": 34883000,
        "costAndExpenses": 34883000,
        "interestIncome": 0,
        "interestExpense": 0,
        "depreciationAndAmortization": 871000,
        "ebitda": -32384000,
        "ebitdaratio": -95.5280235988,
        "operatingIncome": -34544000,
        "operatingIncomeRatio": -101.8997050147,
        "totalOtherIncomeExpensesNet": 1289000,
        "incomeBeforeTax": -33255000,
        "incomeBeforeTaxRatio": -98.0973451327,
        "incomeTaxExpense": -90000,
        "netIncome": -33165000,
        "netIncomeRatio": -97.8318584071,
        "eps": -0.27,
        "epsdiluted": -0.27,
        "weightedAverageShsOut": 124812000,
        "weightedAverageShsOutDil": 124812000,
        "link": "https://www.sec.gov/Archives/edgar/data/899866/000119312506165676/0001193125-06-165676-index.htm",
        "finalLink": "https://www.sec.gov/Archives/edgar/data/899866/000119312506165676/d10q.htm"
    },
    {
        "date": "2006-03-31",
        "symbol": "ALXN",
        "reportedCurrency": "USD",
        "cik": "0000899866",
        "fillingDate": "2006-05-05",
        "acceptedDate": "2006-05-05 12:50:27",
        "calendarYear": "2006",
        "period": "Q1",
        "revenue": 768000,
        "costOfRevenue": 0,
        "grossProfit": 768000,
        "grossProfitRatio": 1,
        "researchAndDevelopmentExpenses": 21214000,
        "generalAndAdministrativeExpenses": 8146000,
        "sellingAndMarketingExpenses": 0,
        "sellingGeneralAndAdministrativeExpenses": 8146000,
        "otherExpenses": 0,
        "operatingExpenses": 29360000,
        "costAndExpenses": 29360000,
        "interestIncome": 0,
        "interestExpense": 0,
        "depreciationAndAmortization": 881000,
        "ebitda": -26436000,
        "ebitdaratio": -34.421875,
        "operatingIncome": -28592000,
        "operatingIncomeRatio": -37.2291666667,
        "totalOtherIncomeExpensesNet": 1275000,
        "incomeBeforeTax": -27317000,
        "incomeBeforeTaxRatio": -35.5690104167,
        "incomeTaxExpense": -90000,
        "netIncome": -27227000,
        "netIncomeRatio": -35.4518229167,
        "eps": -0.22,
        "epsdiluted": -0.22,
        "weightedAverageShsOut": 123964000,
        "weightedAverageShsOutDil": 123964000,
        "link": "https://www.sec.gov/Archives/edgar/data/899866/000119312506047210/0001193125-06-047210-index.htm",
        "finalLink": "https://www.sec.gov/Archives/edgar/data/899866/000119312506047210/d10kt.htm"
    },
    {
        "date": "2004-07-31",
        "symbol": "ALXN",
        "reportedCurrency": "USD",
        "cik": "0000899866",
        "fillingDate": "2004-09-28",
        "acceptedDate": "2004-09-27 18:06:59",
        "calendarYear": "2004",
        "period": "Q2",
        "revenue": 4147000,
        "costOfRevenue": 0,
        "grossProfit": 4147000,
        "grossProfitRatio": 1,
        "researchAndDevelopmentExpenses": 17836000,
        "generalAndAdministrativeExpenses": 4776000,
        "sellingAndMarketingExpenses": 0,
        "sellingGeneralAndAdministrativeExpenses": 4776000,
        "otherExpenses": 760000,
        "operatingExpenses": 23372000,
        "costAndExpenses": 23372000,
        "interestIncome": 0,
        "interestExpense": 0,
        "depreciationAndAmortization": 1046000,
        "ebitda": -19449000,
        "ebitdaratio": -4.6898963106,
        "operatingIncome": -19225000,
        "operatingIncomeRatio": -4.63588136,
        "totalOtherIncomeExpensesNet": -1270000,
        "incomeBeforeTax": -20495000,
        "incomeBeforeTaxRatio": -4.9421268387,
        "incomeTaxExpense": -372000,
        "netIncome": -20123000,
        "netIncomeRatio": -4.8524234386,
        "eps": -0.18,
        "epsdiluted": -0.18,
        "weightedAverageShsOut": 110428000,
        "weightedAverageShsOutDil": 110428000,
        "link": "https://www.sec.gov/Archives/edgar/data/899866/000119312504162426/0001193125-04-162426-index.htm",
        "finalLink": "https://www.sec.gov/Archives/edgar/data/899866/000119312504162426/d10k.htm"
    },
    {
        "date": "2004-04-30",
        "symbol": "ALXN",
        "reportedCurrency": "USD",
        "cik": "0000899866",
        "fillingDate": "2004-06-04",
        "acceptedDate": "2004-06-04 16:10:47",
        "calendarYear": "2004",
        "period": "Q1",
        "revenue": 168000,
        "costOfRevenue": 0,
        "grossProfit": 168000,
        "grossProfitRatio": 1,
        "researchAndDevelopmentExpenses": 10792000,
        "generalAndAdministrativeExpenses": 3569000,
        "sellingAndMarketingExpenses": 0,
        "sellingGeneralAndAdministrativeExpenses": 3569000,
        "otherExpenses": 0,
        "operatingExpenses": 14361000,
        "costAndExpenses": 14361000,
        "interestIncome": 0,
        "interestExpense": 0,
        "depreciationAndAmortization": 810000,
        "ebitda": -14589000,
        "ebitdaratio": -86.8392857143,
        "operatingIncome": -14193000,
        "operatingIncomeRatio": -84.4821428571,
        "totalOtherIncomeExpensesNet": -1206000,
        "incomeBeforeTax": -15399000,
        "incomeBeforeTaxRatio": -91.6607142857,
        "incomeTaxExpense": -186000,
        "netIncome": -15213000,
        "netIncomeRatio": -90.5535714286,
        "eps": -0.17,
        "epsdiluted": -0.17,
        "weightedAverageShsOut": 87876000,
        "weightedAverageShsOutDil": 87876000,
        "link": "https://www.sec.gov/Archives/edgar/data/899866/000119312504098975/0001193125-04-098975-index.htm",
        "finalLink": "https://www.sec.gov/Archives/edgar/data/899866/000119312504098975/d10q.htm"
    },
    {
        "date": "2004-01-31",
        "symbol": "ALXN",
        "reportedCurrency": "USD",
        "cik": "0000899866",
        "fillingDate": "2004-03-15",
        "acceptedDate": "2004-03-15 16:26:34",
        "calendarYear": "2003",
        "period": "Q4",
        "revenue": 147000,
        "costOfRevenue": 0,
        "grossProfit": 147000,
        "grossProfitRatio": 1,
        "researchAndDevelopmentExpenses": 14565000,
        "generalAndAdministrativeExpenses": 3300000,
        "sellingAndMarketingExpenses": 0,
        "sellingGeneralAndAdministrativeExpenses": 3300000,
        "otherExpenses": 0,
        "operatingExpenses": 17865000,
        "costAndExpenses": 17865000,
        "interestIncome": 0,
        "interestExpense": 0,
        "depreciationAndAmortization": 877000,
        "ebitda": -17732000,
        "ebitdaratio": -120.6258503401,
        "operatingIncome": -17718000,
        "operatingIncomeRatio": -120.5306122449,
        "totalOtherIncomeExpensesNet": -873000,
        "incomeBeforeTax": -18591000,
        "incomeBeforeTaxRatio": -126.4693877551,
        "incomeTaxExpense": -62000,
        "netIncome": -18547000,
        "netIncomeRatio": -126.1700680272,
        "eps": -0.21,
        "epsdiluted": -0.21,
        "weightedAverageShsOut": 87572000,
        "weightedAverageShsOutDil": 87572000,
        "link": "https://www.sec.gov/Archives/edgar/data/899866/000119312504042268/0001193125-04-042268-index.htm",
        "finalLink": "https://www.sec.gov/Archives/edgar/data/899866/000119312504042268/d10q.htm"
    },
    {
        "date": "2003-10-31",
        "symbol": "ALXN",
        "reportedCurrency": "USD",
        "cik": "0000899866",
        "fillingDate": "2003-12-12",
        "acceptedDate": "2003-12-12 16:33:42",
        "calendarYear": "2003",
        "period": "Q3",
        "revenue": 147000,
        "costOfRevenue": 0,
        "grossProfit": 147000,
        "grossProfitRatio": 1,
        "researchAndDevelopmentExpenses": 16688000,
        "generalAndAdministrativeExpenses": 2814000,
        "sellingAndMarketingExpenses": 0,
        "sellingGeneralAndAdministrativeExpenses": 2814000,
        "otherExpenses": 0,
        "operatingExpenses": 19502000,
        "costAndExpenses": 19502000,
        "interestIncome": 0,
        "interestExpense": 0,
        "depreciationAndAmortization": 860000,
        "ebitda": -19423000,
        "ebitdaratio": -132.1292517007,
        "operatingIncome": -19355000,
        "operatingIncomeRatio": -131.6666666667,
        "totalOtherIncomeExpensesNet": -928000,
        "incomeBeforeTax": -20283000,
        "incomeBeforeTaxRatio": -137.9795918367,
        "incomeTaxExpense": -71000,
        "netIncome": -20212000,
        "netIncomeRatio": -137.4965986395,
        "eps": -0.25,
        "epsdiluted": -0.25,
        "weightedAverageShsOut": 79832000,
        "weightedAverageShsOutDil": 79832000,
        "link": "https://www.sec.gov/Archives/edgar/data/899866/000119312503067701/0001193125-03-067701-index.htm",
        "finalLink": "https://www.sec.gov/Archives/edgar/data/899866/000119312503067701/d10k.htm"
    },
    {
        "date": "2003-07-31",
        "symbol": "ALXN",
        "reportedCurrency": "USD",
        "cik": "0000899866",
        "fillingDate": "2003-10-27",
        "acceptedDate": "2003-10-27 17:11:25",
        "calendarYear": "2003",
        "period": "Q2",
        "revenue": 167000,
        "costOfRevenue": 0,
        "grossProfit": 167000,
        "grossProfitRatio": 1,
        "researchAndDevelopmentExpenses": 18588000,
        "generalAndAdministrativeExpenses": 3002000,
        "sellingAndMarketingExpenses": 0,
        "sellingGeneralAndAdministrativeExpenses": 3002000,
        "otherExpenses": 0,
        "operatingExpenses": 21590000,
        "costAndExpenses": 21590000,
        "interestIncome": 0,
        "interestExpense": 0,
        "depreciationAndAmortization": 949000,
        "ebitda": -21311000,
        "ebitdaratio": -127.6107784431,
        "operatingIncome": -21423000,
        "operatingIncomeRatio": -128.2814371257,
        "totalOtherIncomeExpensesNet": -837000,
        "incomeBeforeTax": -22260000,
        "incomeBeforeTaxRatio": -133.2934131737,
        "incomeTaxExpense": -676000,
        "netIncome": -21584000,
        "netIncomeRatio": -129.245508982,
        "eps": -0.27,
        "epsdiluted": -0.27,
        "weightedAverageShsOut": 79832000,
        "weightedAverageShsOutDil": 79832000,
        "link": "https://www.sec.gov/Archives/edgar/data/899866/000119312503067701/0001193125-03-067701-index.htm",
        "finalLink": "https://www.sec.gov/Archives/edgar/data/899866/000119312503067701/d10k.htm"
    },
    {
        "date": "2003-04-30",
        "symbol": "ALXN",
        "reportedCurrency": "USD",
        "cik": "0000899866",
        "fillingDate": "2003-06-13",
        "acceptedDate": "2003-06-13 16:18:51",
        "calendarYear": "2003",
        "period": "Q1",
        "revenue": 167000,
        "costOfRevenue": 0,
        "grossProfit": 167000,
        "grossProfitRatio": 1,
        "researchAndDevelopmentExpenses": 13473000,
        "generalAndAdministrativeExpenses": 3369000,
        "sellingAndMarketingExpenses": 0,
        "sellingGeneralAndAdministrativeExpenses": 3369000,
        "otherExpenses": 2560000,
        "operatingExpenses": 19402000,
        "costAndExpenses": 19402000,
        "interestIncome": 0,
        "interestExpense": 0,
        "depreciationAndAmortization": 968000,
        "ebitda": -19006000,
        "ebitdaratio": -113.8083832335,
        "operatingIncome": -19235000,
        "operatingIncomeRatio": -115.1796407186,
        "totalOtherIncomeExpensesNet": -739000,
        "incomeBeforeTax": -19974000,
        "incomeBeforeTaxRatio": -119.6047904192,
        "incomeTaxExpense": -196000,
        "netIncome": -19778000,
        "netIncomeRatio": -118.4311377246,
        "eps": -0.27,
        "epsdiluted": -0.27,
        "weightedAverageShsOut": 72840000,
        "weightedAverageShsOutDil": 72840000,
        "link": "https://www.sec.gov/Archives/edgar/data/899866/000119312503009903/0001193125-03-009903-index.htm",
        "finalLink": "https://www.sec.gov/Archives/edgar/data/899866/000119312503009903/d10q.htm"
    },
    {
        "date": "2003-01-31",
        "symbol": "ALXN",
        "reportedCurrency": "USD",
        "cik": "0000899866",
        "fillingDate": "2003-03-17",
        "acceptedDate": "2003-03-17 17:34:44",
        "calendarYear": "2002",
        "period": "Q4",
        "revenue": 220000,
        "costOfRevenue": 0,
        "grossProfit": 220000,
        "grossProfitRatio": 1,
        "researchAndDevelopmentExpenses": 19304000,
        "generalAndAdministrativeExpenses": 2058000,
        "sellingAndMarketingExpenses": 0,
        "sellingGeneralAndAdministrativeExpenses": 2058000,
        "otherExpenses": 0,
        "operatingExpenses": 21362000,
        "costAndExpenses": 21362000,
        "interestIncome": 0,
        "interestExpense": 0,
        "depreciationAndAmortization": 930000,
        "ebitda": -20476000,
        "ebitdaratio": -93.0727272727,
        "operatingIncome": -21142000,
        "operatingIncomeRatio": -96.1,
        "totalOtherIncomeExpensesNet": -264000,
        "incomeBeforeTax": -21406000,
        "incomeBeforeTaxRatio": -97.3,
        "incomeTaxExpense": 59000,
        "netIncome": -21465000,
        "netIncomeRatio": -97.5681818182,
        "eps": -0.29,
        "epsdiluted": -0.29,
        "weightedAverageShsOut": 72828000,
        "weightedAverageShsOutDil": 72828000,
        "link": "https://www.sec.gov/Archives/edgar/data/899866/000092701603001139/0000927016-03-001139-index.htm",
        "finalLink": "https://www.sec.gov/Archives/edgar/data/899866/000092701603001139/d10q.htm"
    },
    {
        "date": "2002-10-31",
        "symbol": "ALXN",
        "reportedCurrency": "USD",
        "cik": "0000899866",
        "fillingDate": "2002-12-11",
        "acceptedDate": "2002-12-11 17:22:49",
        "calendarYear": "2002",
        "period": "Q3",
        "revenue": 323000,
        "costOfRevenue": 0,
        "grossProfit": 323000,
        "grossProfitRatio": 1,
        "researchAndDevelopmentExpenses": 19677000,
        "generalAndAdministrativeExpenses": 2192000,
        "sellingAndMarketingExpenses": 0,
        "sellingGeneralAndAdministrativeExpenses": 2192000,
        "otherExpenses": 0,
        "operatingExpenses": 21869000,
        "costAndExpenses": 21869000,
        "interestIncome": 0,
        "interestExpense": 0,
        "depreciationAndAmortization": 879000,
        "ebitda": -20712000,
        "ebitdaratio": -64.1238390093,
        "operatingIncome": -21546000,
        "operatingIncomeRatio": -66.7058823529,
        "totalOtherIncomeExpensesNet": -45000,
        "incomeBeforeTax": -21591000,
        "incomeBeforeTaxRatio": -66.8452012384,
        "incomeTaxExpense": 49000,
        "netIncome": -21640000,
        "netIncomeRatio": -66.9969040248,
        "eps": -0.3,
        "epsdiluted": -0.3,
        "weightedAverageShsOut": 72816000,
        "weightedAverageShsOutDil": 72816000,
        "link": "https://www.sec.gov/Archives/edgar/data/899866/000092701602005872/0000927016-02-005872-index.htm",
        "finalLink": "https://www.sec.gov/Archives/edgar/data/899866/000092701602005872/d10q.htm"
    },
    {
        "date": "2002-07-31",
        "symbol": "ALXN",
        "reportedCurrency": "USD",
        "cik": "0000899866",
        "fillingDate": "2002-07-31",
        "acceptedDate": "2002-07-30 20:00:00",
        "calendarYear": "2002",
        "period": "Q2",
        "revenue": 757000,
        "costOfRevenue": 0,
        "grossProfit": 757000,
        "grossProfitRatio": 1,
        "researchAndDevelopmentExpenses": 19385000,
        "generalAndAdministrativeExpenses": 2126000,
        "sellingAndMarketingExpenses": 0,
        "sellingGeneralAndAdministrativeExpenses": 2126000,
        "otherExpenses": 0,
        "operatingExpenses": 21511000,
        "costAndExpenses": 21511000,
        "interestIncome": 0,
        "interestExpense": 0,
        "depreciationAndAmortization": 739000,
        "ebitda": -20099000,
        "ebitdaratio": -26.5508586526,
        "operatingIncome": -20754000,
        "operatingIncomeRatio": -27.4161162483,
        "totalOtherIncomeExpensesNet": -84000,
        "incomeBeforeTax": -20838000,
        "incomeBeforeTaxRatio": -27.5270805812,
        "incomeTaxExpense": -84000,
        "netIncome": -20838000,
        "netIncomeRatio": -27.5270805812,
        "eps": -0.29,
        "epsdiluted": -0.29,
        "weightedAverageShsOut": 72816000,
        "weightedAverageShsOutDil": 72816000,
        "link": "",
        "finalLink": ""
    },
    {
        "date": "2002-04-30",
        "symbol": "ALXN",
        "reportedCurrency": "USD",
        "cik": "0000899866",
        "fillingDate": "2002-04-30",
        "acceptedDate": "2002-04-29 20:00:00",
        "calendarYear": "2002",
        "period": "Q1",
        "revenue": 539000,
        "costOfRevenue": 0,
        "grossProfit": 539000,
        "grossProfitRatio": 1,
        "researchAndDevelopmentExpenses": 15906000,
        "generalAndAdministrativeExpenses": 2432000,
        "sellingAndMarketingExpenses": 0,
        "sellingGeneralAndAdministrativeExpenses": 2432000,
        "otherExpenses": 0,
        "operatingExpenses": 18338000,
        "costAndExpenses": 18338000,
        "interestIncome": 0,
        "interestExpense": 0,
        "depreciationAndAmortization": 891000,
        "ebitda": -16214000,
        "ebitdaratio": -30.0816326531,
        "operatingIncome": -17799000,
        "operatingIncomeRatio": -33.0222634508,
        "totalOtherIncomeExpensesNet": 694000,
        "incomeBeforeTax": -17105000,
        "incomeBeforeTaxRatio": -31.7346938776,
        "incomeTaxExpense": 0,
        "netIncome": -17105000,
        "netIncomeRatio": -31.7346938776,
        "eps": -0.24,
        "epsdiluted": -0.24,
        "weightedAverageShsOut": 72640000,
        "weightedAverageShsOutDil": 72640000,
        "link": "",
        "finalLink": ""
    },
    {
        "date": "2002-01-31",
        "symbol": "ALXN",
        "reportedCurrency": "USD",
        "cik": "0000899866",
        "fillingDate": "2002-03-18",
        "acceptedDate": "2002-03-17 19:00:00",
        "calendarYear": "2001",
        "period": "Q4",
        "revenue": 3380000,
        "costOfRevenue": 0,
        "grossProfit": 3380000,
        "grossProfitRatio": 1,
        "researchAndDevelopmentExpenses": 15043000,
        "generalAndAdministrativeExpenses": 1836000,
        "sellingAndMarketingExpenses": 0,
        "sellingGeneralAndAdministrativeExpenses": 1836000,
        "otherExpenses": 0,
        "operatingExpenses": 16879000,
        "costAndExpenses": 16879000,
        "interestIncome": 0,
        "interestExpense": 0,
        "depreciationAndAmortization": 1007000,
        "ebitda": -10503000,
        "ebitdaratio": -3.1073964497,
        "operatingIncome": -13499000,
        "operatingIncomeRatio": -3.9937869822,
        "totalOtherIncomeExpensesNet": 1989000,
        "incomeBeforeTax": -11510000,
        "incomeBeforeTaxRatio": -3.4053254438,
        "incomeTaxExpense": -700000,
        "netIncome": -10810000,
        "netIncomeRatio": -3.1982248521,
        "eps": -0.15,
        "epsdiluted": -0.15,
        "weightedAverageShsOut": 72476000,
        "weightedAverageShsOutDil": 72476000,
        "link": "https://www.sec.gov/Archives/edgar/data/899866/000091205702010312/0000912057-02-010312-index.htm",
        "finalLink": "https://www.sec.gov/Archives/edgar/data/899866/000091205702010312/a2073535z10-q.txt"
    },
    {
        "date": "2001-10-31",
        "symbol": "ALXN",
        "reportedCurrency": "USD",
        "cik": "0000899866",
        "fillingDate": "2001-12-07",
        "acceptedDate": "2001-12-07 00:00:00",
        "calendarYear": "2001",
        "period": "Q3",
        "revenue": 1860000,
        "costOfRevenue": 0,
        "grossProfit": 1860000,
        "grossProfitRatio": 1,
        "researchAndDevelopmentExpenses": 9671000,
        "generalAndAdministrativeExpenses": 1599000,
        "sellingAndMarketingExpenses": 0,
        "sellingGeneralAndAdministrativeExpenses": 1599000,
        "otherExpenses": 0,
        "operatingExpenses": 11270000,
        "costAndExpenses": 11270000,
        "interestIncome": 0,
        "interestExpense": 0,
        "depreciationAndAmortization": 925000,
        "ebitda": -6864000,
        "ebitdaratio": -3.6903225806,
        "operatingIncome": -9410000,
        "operatingIncomeRatio": -5.0591397849,
        "totalOtherIncomeExpensesNet": 0,
        "incomeBeforeTax": 0,
        "incomeBeforeTaxRatio": 0,
        "incomeTaxExpense": 0,
        "netIncome": -7789000,
        "netIncomeRatio": -4.1876344086,
        "eps": -0.11,
        "epsdiluted": -0.11,
        "weightedAverageShsOut": 72440000,
        "weightedAverageShsOutDil": 72440000,
        "link": "https://www.sec.gov/Archives/edgar/data/899866/000092701601504164/0000927016-01-504164-index.html",
        "finalLink": "https://www.sec.gov/Archives/edgar/data/899866/000092701601504164/d10q.txt"
    },
    {
        "date": "2001-07-31",
        "symbol": "ALXN",
        "reportedCurrency": "USD",
        "cik": "0000899866",
        "fillingDate": "2001-10-29",
        "acceptedDate": "2001-10-29 00:00:00",
        "calendarYear": "2001",
        "period": "Q2",
        "revenue": 3272000,
        "costOfRevenue": 0,
        "grossProfit": 3272000,
        "grossProfitRatio": 1,
        "researchAndDevelopmentExpenses": 10187000,
        "generalAndAdministrativeExpenses": 1870000,
        "sellingAndMarketingExpenses": 827000,
        "sellingGeneralAndAdministrativeExpenses": 2697000,
        "otherExpenses": 0,
        "operatingExpenses": 12884000,
        "costAndExpenses": 12884000,
        "interestIncome": 0,
        "interestExpense": 0,
        "depreciationAndAmortization": 1610000,
        "ebitda": -5926000,
        "ebitdaratio": -1.8111246944,
        "operatingIncome": -9612000,
        "operatingIncomeRatio": -2.9376528117,
        "totalOtherIncomeExpensesNet": 0,
        "incomeBeforeTax": 0,
        "incomeBeforeTaxRatio": 0,
        "incomeTaxExpense": 0,
        "netIncome": -7536000,
        "netIncomeRatio": -2.3031784841,
        "eps": -0.1,
        "epsdiluted": -0.1,
        "weightedAverageShsOut": 72440000,
        "weightedAverageShsOutDil": 72440000,
        "link": "https://www.sec.gov/Archives/edgar/data/899866/000092701601503357/0000927016-01-503357-index.html",
        "finalLink": "https://www.sec.gov/Archives/edgar/data/899866/000092701601503357/d10k.txt"
    },
    {
        "date": "2001-04-30",
        "symbol": "ALXN",
        "reportedCurrency": "USD",
        "cik": "0000899866",
        "fillingDate": "2001-06-13",
        "acceptedDate": "2001-06-12 20:00:00",
        "calendarYear": "2001",
        "period": "Q1",
        "revenue": 1960000,
        "costOfRevenue": 0,
        "grossProfit": 1960000,
        "grossProfitRatio": 1,
        "researchAndDevelopmentExpenses": 8362000,
        "generalAndAdministrativeExpenses": 1916000,
        "sellingAndMarketingExpenses": 847000,
        "sellingGeneralAndAdministrativeExpenses": 2763000,
        "otherExpenses": 0,
        "operatingExpenses": 11125000,
        "costAndExpenses": 11125000,
        "interestIncome": 0,
        "interestExpense": 0,
        "depreciationAndAmortization": 1496000,
        "ebitda": -4966000,
        "ebitdaratio": -2.5336734694,
        "operatingIncome": -9165000,
        "operatingIncomeRatio": -4.6760204082,
        "totalOtherIncomeExpensesNet": 0,
        "incomeBeforeTax": 0,
        "incomeBeforeTaxRatio": 0,
        "incomeTaxExpense": 0,
        "netIncome": -6462000,
        "netIncomeRatio": -3.2969387755,
        "eps": -0.0894,
        "epsdiluted": -0.0894,
        "weightedAverageShsOut": 72308000,
        "weightedAverageShsOutDil": 72308000,
        "link": "https://www.sec.gov/Archives/edgar/data/899866/000092701601501428/0000927016-01-501428-index.htm",
        "finalLink": "https://www.sec.gov/Archives/edgar/data/899866/000092701601501428/d10q.txt"
    },
    {
        "date": "2001-01-31",
        "symbol": "ALXN",
        "reportedCurrency": "USD",
        "cik": "0000899866",
        "fillingDate": "2001-03-15",
        "acceptedDate": "2001-03-14 19:00:00",
        "calendarYear": "2000",
        "period": "Q4",
        "revenue": 3027000,
        "costOfRevenue": 0,
        "grossProfit": 3027000,
        "grossProfitRatio": 1,
        "researchAndDevelopmentExpenses": 9399000,
        "generalAndAdministrativeExpenses": 1971000,
        "sellingAndMarketingExpenses": 878000,
        "sellingGeneralAndAdministrativeExpenses": 2849000,
        "otherExpenses": 0,
        "operatingExpenses": 12248000,
        "costAndExpenses": 12248000,
        "interestIncome": 0,
        "interestExpense": 0,
        "depreciationAndAmortization": 1504000,
        "ebitda": -3129000,
        "ebitdaratio": -1.0336967294,
        "operatingIncome": -9221000,
        "operatingIncomeRatio": -3.046250413,
        "totalOtherIncomeExpensesNet": 0,
        "incomeBeforeTax": 0,
        "incomeBeforeTaxRatio": 0,
        "incomeTaxExpense": 0,
        "netIncome": -4633000,
        "netIncomeRatio": -1.5305583086,
        "eps": -0.0644,
        "epsdiluted": -0.0644,
        "weightedAverageShsOut": 71996000,
        "weightedAverageShsOutDil": 71996000,
        "link": "https://www.sec.gov/Archives/edgar/data/899866/000092701601001361/0000927016-01-001361-index.htm",
        "finalLink": "https://www.sec.gov/Archives/edgar/data/899866/000092701601001361/0000927016-01-001361-0001.txt"
    },
    {
        "date": "2000-10-31",
        "symbol": "ALXN",
        "reportedCurrency": "USD",
        "cik": "0000899866",
        "fillingDate": "2000-12-15",
        "acceptedDate": "2000-12-15 00:00:00",
        "calendarYear": "2000",
        "period": "Q3",
        "revenue": 3252000,
        "costOfRevenue": 0,
        "grossProfit": 3252000,
        "grossProfitRatio": 1,
        "researchAndDevelopmentExpenses": 10923000,
        "generalAndAdministrativeExpenses": 1378000,
        "sellingAndMarketingExpenses": 349000,
        "sellingGeneralAndAdministrativeExpenses": 1727000,
        "otherExpenses": 0,
        "operatingExpenses": 12650000,
        "costAndExpenses": 12650000,
        "interestIncome": 0,
        "interestExpense": 0,
        "depreciationAndAmortization": 911000,
        "ebitda": -28677000,
        "ebitdaratio": -8.8182656827,
        "operatingIncome": -9398000,
        "operatingIncomeRatio": -2.8899138991,
        "totalOtherIncomeExpensesNet": -21000000,
        "incomeBeforeTax": -30398000,
        "incomeBeforeTaxRatio": -9.3474784748,
        "incomeTaxExpense": -21000000,
        "netIncome": -29588000,
        "netIncomeRatio": -9.098400984,
        "eps": -0.48,
        "epsdiluted": -0.48,
        "weightedAverageShsOut": 61292000,
        "weightedAverageShsOutDil": 61292000,
        "link": "https://www.sec.gov/Archives/edgar/data/899866/000091205700053651/0000912057-00-053651-index.html",
        "finalLink": "https://www.sec.gov/Archives/edgar/data/899866/000091205700053651/a2033298z10-q.txt"
    },
    {
        "date": "2000-07-31",
        "symbol": "ALXN",
        "reportedCurrency": "USD",
        "cik": "0000899866",
        "fillingDate": "2000-10-06",
        "acceptedDate": "2000-10-06 00:00:00",
        "calendarYear": "2000",
        "period": "Q2",
        "revenue": 3991000,
        "costOfRevenue": 0,
        "grossProfit": 3991000,
        "grossProfitRatio": 1,
        "researchAndDevelopmentExpenses": 8769000,
        "generalAndAdministrativeExpenses": 1214000,
        "sellingAndMarketingExpenses": 0,
        "sellingGeneralAndAdministrativeExpenses": 1214000,
        "otherExpenses": 0,
        "operatingExpenses": 9983000,
        "costAndExpenses": 9983000,
        "interestIncome": 0,
        "interestExpense": 0,
        "depreciationAndAmortization": 676000,
        "ebitda": -4416000,
        "ebitdaratio": -1.1064896016,
        "operatingIncome": -5992000,
        "operatingIncomeRatio": -1.5013781007,
        "totalOtherIncomeExpensesNet": 0,
        "incomeBeforeTax": 0,
        "incomeBeforeTaxRatio": 0,
        "incomeTaxExpense": 0,
        "netIncome": -5092000,
        "netIncomeRatio": -1.2758707091,
        "eps": -0.0831,
        "epsdiluted": -0.0831,
        "weightedAverageShsOut": 61292000,
        "weightedAverageShsOutDil": 61292000,
        "link": "https://www.sec.gov/Archives/edgar/data/899866/000091205700044105/0000912057-00-044105-index.html",
        "finalLink": "https://www.sec.gov/Archives/edgar/data/899866/000091205700044105/a2027253z10-k.txt"
    },
    {
        "date": "2000-04-30",
        "symbol": "ALXN",
        "reportedCurrency": "USD",
        "cik": "0000899866",
        "fillingDate": "2000-06-13",
        "acceptedDate": "2000-06-13 00:00:00",
        "calendarYear": "2000",
        "period": "Q1",
        "revenue": 4483000,
        "costOfRevenue": 0,
        "grossProfit": 4483000,
        "grossProfitRatio": 1,
        "researchAndDevelopmentExpenses": 10438000,
        "generalAndAdministrativeExpenses": 1196000,
        "sellingAndMarketingExpenses": 0,
        "sellingGeneralAndAdministrativeExpenses": 1196000,
        "otherExpenses": 0,
        "operatingExpenses": 11634000,
        "costAndExpenses": 11634000,
        "interestIncome": 0,
        "interestExpense": 0,
        "depreciationAndAmortization": 393000,
        "ebitda": -5926000,
        "ebitdaratio": -1.3218826679,
        "operatingIncome": -7151000,
        "operatingIncomeRatio": -1.5951371849,
        "totalOtherIncomeExpensesNet": -92000,
        "incomeBeforeTax": -7243000,
        "incomeBeforeTaxRatio": -1.6156591568,
        "incomeTaxExpense": -92000,
        "netIncome": -6319000,
        "netIncomeRatio": -1.4095471782,
        "eps": -0.11,
        "epsdiluted": -0.11,
        "weightedAverageShsOut": 60080000,
        "weightedAverageShsOutDil": 60080000,
        "link": "https://www.sec.gov/Archives/edgar/data/899866/000091205700028419/0000912057-00-028419-index.html",
        "finalLink": "https://www.sec.gov/Archives/edgar/data/899866/000091205700028419/a10-q.txt"
    },
    {
        "date": "2000-01-31",
        "symbol": "ALXN",
        "reportedCurrency": "USD",
        "cik": "0000899866",
        "fillingDate": "2000-01-31",
        "acceptedDate": "2000-01-30 19:00:00",
        "calendarYear": "1999",
        "period": "Q4",
        "revenue": 6700000,
        "costOfRevenue": 0,
        "grossProfit": 6700000,
        "grossProfitRatio": 1,
        "researchAndDevelopmentExpenses": 9800000,
        "generalAndAdministrativeExpenses": 1200000,
        "sellingAndMarketingExpenses": 0,
        "sellingGeneralAndAdministrativeExpenses": 1200000,
        "otherExpenses": 0,
        "operatingExpenses": 11000000,
        "costAndExpenses": 11000000,
        "interestIncome": 0,
        "interestExpense": 0,
        "depreciationAndAmortization": 300000,
        "ebitda": -3300000,
        "ebitdaratio": -0.4925373134,
        "operatingIncome": -4300000,
        "operatingIncomeRatio": -0.6417910448,
        "totalOtherIncomeExpensesNet": 700000,
        "incomeBeforeTax": -3600000,
        "incomeBeforeTaxRatio": -0.5373134328,
        "incomeTaxExpense": 0,
        "netIncome": -3600000,
        "netIncomeRatio": -0.5373134328,
        "eps": -0.0632,
        "epsdiluted": -0.0632,
        "weightedAverageShsOut": 56956000,
        "weightedAverageShsOutDil": 56956000,
        "link": "",
        "finalLink": ""
    },
    {
        "date": "1999-10-31",
        "symbol": "ALXN",
        "reportedCurrency": "USD",
        "cik": "0000899866",
        "fillingDate": "1999-10-31",
        "acceptedDate": "1999-10-30 20:00:00",
        "calendarYear": "1999",
        "period": "Q3",
        "revenue": 6300000,
        "costOfRevenue": 0,
        "grossProfit": 6300000,
        "grossProfitRatio": 1,
        "researchAndDevelopmentExpenses": 11100000,
        "generalAndAdministrativeExpenses": 600000,
        "sellingAndMarketingExpenses": 100000,
        "sellingGeneralAndAdministrativeExpenses": 700000,
        "otherExpenses": 0,
        "operatingExpenses": 11800000,
        "costAndExpenses": 11800000,
        "interestIncome": 0,
        "interestExpense": 0,
        "depreciationAndAmortization": 400000,
        "ebitda": -4800000,
        "ebitdaratio": -0.7619047619,
        "operatingIncome": -5500000,
        "operatingIncomeRatio": -0.873015873,
        "totalOtherIncomeExpensesNet": 300000,
        "incomeBeforeTax": -5200000,
        "incomeBeforeTaxRatio": -0.8253968254,
        "incomeTaxExpense": 0,
        "netIncome": -5200000,
        "netIncomeRatio": -0.8253968254,
        "eps": -0.12,
        "epsdiluted": -0.12,
        "weightedAverageShsOut": 45200000,
        "weightedAverageShsOutDil": 45200000,
        "link": "",
        "finalLink": ""
    },
    {
        "date": "1999-07-31",
        "symbol": "ALXN",
        "reportedCurrency": "USD",
        "cik": "0000899866",
        "fillingDate": "1999-07-31",
        "acceptedDate": "1999-07-30 20:00:00",
        "calendarYear": "1999",
        "period": "Q2",
        "revenue": 6000000,
        "costOfRevenue": 0,
        "grossProfit": 6000000,
        "grossProfitRatio": 1,
        "researchAndDevelopmentExpenses": 9600000,
        "generalAndAdministrativeExpenses": 900000,
        "sellingAndMarketingExpenses": -100000,
        "sellingGeneralAndAdministrativeExpenses": 800000,
        "otherExpenses": 0,
        "operatingExpenses": 10400000,
        "costAndExpenses": 10400000,
        "interestIncome": 0,
        "interestExpense": 0,
        "depreciationAndAmortization": 300000,
        "ebitda": -3900000,
        "ebitdaratio": -0.65,
        "operatingIncome": -4400000,
        "operatingIncomeRatio": -0.7333333333,
        "totalOtherIncomeExpensesNet": 300000,
        "incomeBeforeTax": -4100000,
        "incomeBeforeTaxRatio": -0.6833333333,
        "incomeTaxExpense": 300000,
        "netIncome": -4200000,
        "netIncomeRatio": -0.7,
        "eps": -0.0929,
        "epsdiluted": -0.0929,
        "weightedAverageShsOut": 45200000,
        "weightedAverageShsOutDil": 45200000,
        "link": "",
        "finalLink": ""
    },
    {
        "date": "1999-04-30",
        "symbol": "ALXN",
        "reportedCurrency": "USD",
        "cik": "0000899866",
        "fillingDate": "1999-04-30",
        "acceptedDate": "1999-04-29 20:00:00",
        "calendarYear": "1999",
        "period": "Q1",
        "revenue": 12400000,
        "costOfRevenue": 0,
        "grossProfit": 12400000,
        "grossProfitRatio": 1,
        "researchAndDevelopmentExpenses": 5700000,
        "generalAndAdministrativeExpenses": 700000,
        "sellingAndMarketingExpenses": 0,
        "sellingGeneralAndAdministrativeExpenses": 700000,
        "otherExpenses": 0,
        "operatingExpenses": 6400000,
        "costAndExpenses": 6400000,
        "interestIncome": 0,
        "interestExpense": 0,
        "depreciationAndAmortization": 300000,
        "ebitda": 6600000,
        "ebitdaratio": 0.5322580645,
        "operatingIncome": 6000000,
        "operatingIncomeRatio": 0.4838709677,
        "totalOtherIncomeExpensesNet": 300000,
        "incomeBeforeTax": 6300000,
        "incomeBeforeTaxRatio": 0.5080645161,
        "incomeTaxExpense": 0,
        "netIncome": 6300000,
        "netIncomeRatio": 0.5080645161,
        "eps": 0.14,
        "epsdiluted": 0.14,
        "weightedAverageShsOut": 45132000,
        "weightedAverageShsOutDil": 45132000,
        "link": "",
        "finalLink": ""
    },
    {
        "date": "1999-01-31",
        "symbol": "ALXN",
        "reportedCurrency": "USD",
        "cik": "0000899866",
        "fillingDate": "1999-01-31",
        "acceptedDate": "1999-01-30 19:00:00",
        "calendarYear": "1998",
        "period": "Q4",
        "revenue": 200000,
        "costOfRevenue": 0,
        "grossProfit": 200000,
        "grossProfitRatio": 1,
        "researchAndDevelopmentExpenses": 4700000,
        "generalAndAdministrativeExpenses": 800000,
        "sellingAndMarketingExpenses": 0,
        "sellingGeneralAndAdministrativeExpenses": 800000,
        "otherExpenses": 0,
        "operatingExpenses": 5500000,
        "costAndExpenses": 5500000,
        "interestIncome": 0,
        "interestExpense": 0,
        "depreciationAndAmortization": 100000,
        "ebitda": -4800000,
        "ebitdaratio": -24,
        "operatingIncome": -5300000,
        "operatingIncomeRatio": -26.5,
        "totalOtherIncomeExpensesNet": 400000,
        "incomeBeforeTax": -4900000,
        "incomeBeforeTaxRatio": -24.5,
        "incomeTaxExpense": 0,
        "netIncome": -4900000,
        "netIncomeRatio": -24.5,
        "eps": -0.11,
        "epsdiluted": -0.11,
        "weightedAverageShsOut": 44908000,
        "weightedAverageShsOutDil": 44908000,
        "link": "",
        "finalLink": ""
    },
    {
        "date": "1998-10-31",
        "symbol": "ALXN",
        "reportedCurrency": "USD",
        "cik": "0000899866",
        "fillingDate": "1998-10-31",
        "acceptedDate": "1998-10-30 19:00:00",
        "calendarYear": "1998",
        "period": "Q3",
        "revenue": 300000,
        "costOfRevenue": 0,
        "grossProfit": 300000,
        "grossProfitRatio": 1,
        "researchAndDevelopmentExpenses": 3800000,
        "generalAndAdministrativeExpenses": 600000,
        "sellingAndMarketingExpenses": 100000,
        "sellingGeneralAndAdministrativeExpenses": 700000,
        "otherExpenses": 0,
        "operatingExpenses": 4500000,
        "costAndExpenses": 4500000,
        "interestIncome": 0,
        "interestExpense": 0,
        "depreciationAndAmortization": 200000,
        "ebitda": -3500000,
        "ebitdaratio": -11.6666666667,
        "operatingIncome": -4200000,
        "operatingIncomeRatio": -14,
        "totalOtherIncomeExpensesNet": 500000,
        "incomeBeforeTax": -3700000,
        "incomeBeforeTaxRatio": -12.3333333333,
        "incomeTaxExpense": 0,
        "netIncome": -3700000,
        "netIncomeRatio": -12.3333333333,
        "eps": -0.0824,
        "epsdiluted": -0.0824,
        "weightedAverageShsOut": 44904000,
        "weightedAverageShsOutDil": 44904000,
        "link": "",
        "finalLink": ""
    },
    {
        "date": "1998-07-31",
        "symbol": "ALXN",
        "reportedCurrency": "USD",
        "cik": "0000899866",
        "fillingDate": "1998-07-31",
        "acceptedDate": "1998-07-30 20:00:00",
        "calendarYear": "1998",
        "period": "Q2",
        "revenue": 500000,
        "costOfRevenue": 0,
        "grossProfit": 500000,
        "grossProfitRatio": 1,
        "researchAndDevelopmentExpenses": 4000000,
        "generalAndAdministrativeExpenses": 800000,
        "sellingAndMarketingExpenses": 0,
        "sellingGeneralAndAdministrativeExpenses": 800000,
        "otherExpenses": 0,
        "operatingExpenses": 4800000,
        "costAndExpenses": 4800000,
        "interestIncome": 0,
        "interestExpense": 0,
        "depreciationAndAmortization": 200000,
        "ebitda": -3500000,
        "ebitdaratio": -7,
        "operatingIncome": -4300000,
        "operatingIncomeRatio": -8.6,
        "totalOtherIncomeExpensesNet": 600000,
        "incomeBeforeTax": -3700000,
        "incomeBeforeTaxRatio": -7.4,
        "incomeTaxExpense": 0,
        "netIncome": -3700000,
        "netIncomeRatio": -7.4,
        "eps": -0.0824,
        "epsdiluted": -0.0824,
        "weightedAverageShsOut": 44904000,
        "weightedAverageShsOutDil": 44904000,
        "link": "",
        "finalLink": ""
    },
    {
        "date": "1998-04-30",
        "symbol": "ALXN",
        "reportedCurrency": "USD",
        "cik": "0000899866",
        "fillingDate": "1998-06-08",
        "acceptedDate": "1998-06-07 20:00:00",
        "calendarYear": "1998",
        "period": "Q1",
        "revenue": 100000,
        "costOfRevenue": 0,
        "grossProfit": 100000,
        "grossProfitRatio": 1,
        "researchAndDevelopmentExpenses": 3000000,
        "generalAndAdministrativeExpenses": 700000,
        "sellingAndMarketingExpenses": 0,
        "sellingGeneralAndAdministrativeExpenses": 700000,
        "otherExpenses": 0,
        "operatingExpenses": 3700000,
        "costAndExpenses": 3700000,
        "interestIncome": 0,
        "interestExpense": 0,
        "depreciationAndAmortization": 100000,
        "ebitda": -2900000,
        "ebitdaratio": -29,
        "operatingIncome": -3600000,
        "operatingIncomeRatio": -36,
        "totalOtherIncomeExpensesNet": 600000,
        "incomeBeforeTax": -3000000,
        "incomeBeforeTaxRatio": -30,
        "incomeTaxExpense": 0,
        "netIncome": -3000000,
        "netIncomeRatio": -30,
        "eps": -0.0705,
        "epsdiluted": -0.0705,
        "weightedAverageShsOut": 42560000,
        "weightedAverageShsOutDil": 42560000,
        "link": "https://www.sec.gov/Archives/edgar/data/899866/0000950110-98-000731-index.html",
        "finalLink": "https://www.sec.gov/Archives/edgar/data/899866/"
    },
    {
        "date": "1998-01-31",
        "symbol": "ALXN",
        "reportedCurrency": "USD",
        "cik": "0000899866",
        "fillingDate": "1998-01-31",
        "acceptedDate": "1998-01-30 19:00:00",
        "calendarYear": "1997",
        "period": "Q4",
        "revenue": 300000,
        "costOfRevenue": 0,
        "grossProfit": 300000,
        "grossProfitRatio": 1,
        "researchAndDevelopmentExpenses": 2900000,
        "generalAndAdministrativeExpenses": 700000,
        "sellingAndMarketingExpenses": 0,
        "sellingGeneralAndAdministrativeExpenses": 700000,
        "otherExpenses": 0,
        "operatingExpenses": 3600000,
        "costAndExpenses": 3600000,
        "interestIncome": 0,
        "interestExpense": 0,
        "depreciationAndAmortization": 200000,
        "ebitda": -2600000,
        "ebitdaratio": -8.6666666667,
        "operatingIncome": -3300000,
        "operatingIncomeRatio": -11,
        "totalOtherIncomeExpensesNet": 500000,
        "incomeBeforeTax": -2800000,
        "incomeBeforeTaxRatio": -9.3333333333,
        "incomeTaxExpense": 0,
        "netIncome": -2800000,
        "netIncomeRatio": -9.3333333333,
        "eps": -0.0743,
        "epsdiluted": -0.0743,
        "weightedAverageShsOut": 37708000,
        "weightedAverageShsOutDil": 37708000,
        "link": "",
        "finalLink": ""
    },
    {
        "date": "1997-10-31",
        "symbol": "ALXN",
        "reportedCurrency": "USD",
        "cik": "0000899866",
        "fillingDate": "1997-10-31",
        "acceptedDate": "1997-10-30 19:00:00",
        "calendarYear": "1997",
        "period": "Q3",
        "revenue": 4100000,
        "costOfRevenue": 0,
        "grossProfit": 4100000,
        "grossProfitRatio": 1,
        "researchAndDevelopmentExpenses": 2400000,
        "generalAndAdministrativeExpenses": 600000,
        "sellingAndMarketingExpenses": -100000,
        "sellingGeneralAndAdministrativeExpenses": 500000,
        "otherExpenses": 0,
        "operatingExpenses": 2900000,
        "costAndExpenses": 2900000,
        "interestIncome": 0,
        "interestExpense": 0,
        "depreciationAndAmortization": 100000,
        "ebitda": 1700000,
        "ebitdaratio": 0.4146341463,
        "operatingIncome": 1200000,
        "operatingIncomeRatio": 0.2926829268,
        "totalOtherIncomeExpensesNet": 400000,
        "incomeBeforeTax": 1600000,
        "incomeBeforeTaxRatio": 0.3902439024,
        "incomeTaxExpense": 0,
        "netIncome": 1600000,
        "netIncomeRatio": 0.3902439024,
        "eps": 0.0406,
        "epsdiluted": 0.0406,
        "weightedAverageShsOut": 39444000,
        "weightedAverageShsOutDil": 39444000,
        "link": "",
        "finalLink": ""
    },
    {
        "date": "1997-07-31",
        "symbol": "ALXN",
        "reportedCurrency": "USD",
        "cik": "0000899866",
        "fillingDate": "1997-11-20",
        "acceptedDate": "1997-11-19 19:00:00",
        "calendarYear": "1997",
        "period": "Q2",
        "revenue": 900000,
        "costOfRevenue": 0,
        "grossProfit": 900000,
        "grossProfitRatio": 1,
        "researchAndDevelopmentExpenses": 3200000,
        "generalAndAdministrativeExpenses": 700000,
        "sellingAndMarketingExpenses": 0,
        "sellingGeneralAndAdministrativeExpenses": 700000,
        "otherExpenses": 0,
        "operatingExpenses": 3900000,
        "costAndExpenses": 3900000,
        "interestIncome": 0,
        "interestExpense": 0,
        "depreciationAndAmortization": 200000,
        "ebitda": -2600000,
        "ebitdaratio": -2.8888888889,
        "operatingIncome": -3000000,
        "operatingIncomeRatio": -3.3333333333,
        "totalOtherIncomeExpensesNet": 200000,
        "incomeBeforeTax": -2800000,
        "incomeBeforeTaxRatio": -3.1111111111,
        "incomeTaxExpense": 0,
        "netIncome": -2800000,
        "netIncomeRatio": -3.1111111111,
        "eps": -0.071,
        "epsdiluted": -0.071,
        "weightedAverageShsOut": 39444000,
        "weightedAverageShsOutDil": 39444000,
        "link": "https://www.sec.gov/Archives/edgar/data/899866/0000950110-97-001582-index.html",
        "finalLink": "https://www.sec.gov/Archives/edgar/data/899866/"
    },
    {
        "date": "1997-04-30",
        "symbol": "ALXN",
        "reportedCurrency": "USD",
        "cik": "0000899866",
        "fillingDate": "1997-04-30",
        "acceptedDate": "1997-04-29 20:00:00",
        "calendarYear": "1997",
        "period": "Q1",
        "revenue": 600000,
        "costOfRevenue": 0,
        "grossProfit": 600000,
        "grossProfitRatio": 1,
        "researchAndDevelopmentExpenses": 2000000,
        "generalAndAdministrativeExpenses": 700000,
        "sellingAndMarketingExpenses": 0,
        "sellingGeneralAndAdministrativeExpenses": 700000,
        "otherExpenses": 0,
        "operatingExpenses": 2700000,
        "costAndExpenses": 2700000,
        "interestIncome": 0,
        "interestExpense": 0,
        "depreciationAndAmortization": 100000,
        "ebitda": -1800000,
        "ebitdaratio": -3,
        "operatingIncome": -2100000,
        "operatingIncomeRatio": -3.5,
        "totalOtherIncomeExpensesNet": 200000,
        "incomeBeforeTax": -1900000,
        "incomeBeforeTaxRatio": -3.1666666667,
        "incomeTaxExpense": 0,
        "netIncome": -1900000,
        "netIncomeRatio": -3.1666666667,
        "eps": -0.0645,
        "epsdiluted": -0.0645,
        "weightedAverageShsOut": 29468000,
        "weightedAverageShsOutDil": 29468000,
        "link": "",
        "finalLink": ""
    },
    {
        "date": "1997-01-31",
        "symbol": "ALXN",
        "reportedCurrency": "USD",
        "cik": "0000899866",
        "fillingDate": "1997-06-19",
        "acceptedDate": "1997-06-18 20:00:00",
        "calendarYear": "1996",
        "period": "Q4",
        "revenue": 1400000,
        "costOfRevenue": 0,
        "grossProfit": 1400000,
        "grossProfitRatio": 1,
        "researchAndDevelopmentExpenses": 1900000,
        "generalAndAdministrativeExpenses": 800000,
        "sellingAndMarketingExpenses": -100000,
        "sellingGeneralAndAdministrativeExpenses": 700000,
        "otherExpenses": 0,
        "operatingExpenses": 2600000,
        "costAndExpenses": 2600000,
        "interestIncome": 0,
        "interestExpense": 0,
        "depreciationAndAmortization": 200000,
        "ebitda": -800000,
        "ebitdaratio": -0.5714285714,
        "operatingIncome": -1200000,
        "operatingIncomeRatio": -0.8571428571,
        "totalOtherIncomeExpensesNet": 200000,
        "incomeBeforeTax": -1000000,
        "incomeBeforeTaxRatio": -0.7142857143,
        "incomeTaxExpense": 0,
        "netIncome": -1000000,
        "netIncomeRatio": -0.7142857143,
        "eps": -0.0341,
        "epsdiluted": -0.0341,
        "weightedAverageShsOut": 29368000,
        "weightedAverageShsOutDil": 29368000,
        "link": "https://www.sec.gov/Archives/edgar/data/899866/0000950110-97-001078-index.html",
        "finalLink": "https://www.sec.gov/Archives/edgar/data/899866/"
    },
    {
        "date": "1996-10-31",
        "symbol": "ALXN",
        "reportedCurrency": "USD",
        "cik": "0000899866",
        "fillingDate": "1996-10-31",
        "acceptedDate": "1996-10-30 19:00:00",
        "calendarYear": "1996",
        "period": "Q3",
        "revenue": 800000,
        "costOfRevenue": -200000,
        "grossProfit": 1000000,
        "grossProfitRatio": 1.25,
        "researchAndDevelopmentExpenses": 2000000,
        "generalAndAdministrativeExpenses": 600000,
        "sellingAndMarketingExpenses": 200000,
        "sellingGeneralAndAdministrativeExpenses": 800000,
        "otherExpenses": 0,
        "operatingExpenses": 2800000,
        "costAndExpenses": 2600000,
        "interestIncome": 0,
        "interestExpense": 0,
        "depreciationAndAmortization": 200000,
        "ebitda": -1400000,
        "ebitdaratio": -1.75,
        "operatingIncome": -1800000,
        "operatingIncomeRatio": -2.25,
        "totalOtherIncomeExpensesNet": 200000,
        "incomeBeforeTax": -1600000,
        "incomeBeforeTaxRatio": -2,
        "incomeTaxExpense": 0,
        "netIncome": -1600000,
        "netIncomeRatio": -2,
        "eps": -0.0546,
        "epsdiluted": -0.0546,
        "weightedAverageShsOut": 29312000,
        "weightedAverageShsOutDil": 29312000,
        "link": "",
        "finalLink": ""
    },
    {
        "date": "1996-07-31",
        "symbol": "ALXN",
        "reportedCurrency": "USD",
        "cik": "0000899866",
        "fillingDate": "1996-07-31",
        "acceptedDate": "1996-07-30 20:00:00",
        "calendarYear": "1996",
        "period": "Q2",
        "revenue": 800000,
        "costOfRevenue": 0,
        "grossProfit": 800000,
        "grossProfitRatio": 1,
        "researchAndDevelopmentExpenses": 2100000,
        "generalAndAdministrativeExpenses": 600000,
        "sellingAndMarketingExpenses": 100000,
        "sellingGeneralAndAdministrativeExpenses": 700000,
        "otherExpenses": 0,
        "operatingExpenses": 2800000,
        "costAndExpenses": 2800000,
        "interestIncome": 0,
        "interestExpense": 0,
        "depreciationAndAmortization": 100000,
        "ebitda": -1700000,
        "ebitdaratio": -2.125,
        "operatingIncome": -2000000,
        "operatingIncomeRatio": -2.5,
        "totalOtherIncomeExpensesNet": 200000,
        "incomeBeforeTax": -1800000,
        "incomeBeforeTaxRatio": -2.25,
        "incomeTaxExpense": 0,
        "netIncome": -1800000,
        "netIncomeRatio": -2.25,
        "eps": -0.0614,
        "epsdiluted": -0.0614,
        "weightedAverageShsOut": 29312000,
        "weightedAverageShsOutDil": 29312000,
        "link": "",
        "finalLink": ""
    },
    {
        "date": "1996-04-30",
        "symbol": "ALXN",
        "reportedCurrency": "USD",
        "cik": "0000899866",
        "fillingDate": "1996-04-30",
        "acceptedDate": "1996-04-29 20:00:00",
        "calendarYear": "1996",
        "period": "Q1",
        "revenue": 800000,
        "costOfRevenue": -200000,
        "grossProfit": 1000000,
        "grossProfitRatio": 1.25,
        "researchAndDevelopmentExpenses": 1700000,
        "generalAndAdministrativeExpenses": 400000,
        "sellingAndMarketingExpenses": 300000,
        "sellingGeneralAndAdministrativeExpenses": 700000,
        "otherExpenses": 0,
        "operatingExpenses": 2400000,
        "costAndExpenses": 2200000,
        "interestIncome": 0,
        "interestExpense": 0,
        "depreciationAndAmortization": 300000,
        "ebitda": -900000,
        "ebitdaratio": -1.125,
        "operatingIncome": -1400000,
        "operatingIncomeRatio": -1.75,
        "totalOtherIncomeExpensesNet": 100000,
        "incomeBeforeTax": -1300000,
        "incomeBeforeTaxRatio": -1.625,
        "incomeTaxExpense": 100000,
        "netIncome": -1200000,
        "netIncomeRatio": -1.5,
        "eps": -0.0451,
        "epsdiluted": -0.0451,
        "weightedAverageShsOut": 26608000,
        "weightedAverageShsOutDil": 26608000,
        "link": "",
        "finalLink": ""
    },
    {
        "date": "1996-01-31",
        "symbol": "ALXN",
        "reportedCurrency": "USD",
        "cik": "0000899866",
        "fillingDate": "1996-01-31",
        "acceptedDate": "1996-01-30 19:00:00",
        "calendarYear": "1995",
        "period": "Q4",
        "revenue": 600000,
        "costOfRevenue": -200000,
        "grossProfit": 800000,
        "grossProfitRatio": 1.3333333333,
        "researchAndDevelopmentExpenses": 1400000,
        "generalAndAdministrativeExpenses": 400000,
        "sellingAndMarketingExpenses": 200000,
        "sellingGeneralAndAdministrativeExpenses": 600000,
        "otherExpenses": 0,
        "operatingExpenses": 2000000,
        "costAndExpenses": 1800000,
        "interestIncome": 0,
        "interestExpense": 0,
        "depreciationAndAmortization": 200000,
        "ebitda": -900000,
        "ebitdaratio": -1.5,
        "operatingIncome": -1200000,
        "operatingIncomeRatio": -2,
        "totalOtherIncomeExpensesNet": 0,
        "incomeBeforeTax": 0,
        "incomeBeforeTaxRatio": 0,
        "incomeTaxExpense": 0,
        "netIncome": -1100000,
        "netIncomeRatio": -1.8333333333,
        "eps": -0.0625,
        "epsdiluted": -0.0625,
        "weightedAverageShsOut": 17600000,
        "weightedAverageShsOutDil": 17600000,
        "link": "",
        "finalLink": ""
    },
    {
        "date": "1995-10-31",
        "symbol": "ALXN",
        "reportedCurrency": "USD",
        "cik": "0000899866",
        "fillingDate": "1995-10-31",
        "acceptedDate": "1995-10-30 19:00:00",
        "calendarYear": "1995",
        "period": "Q3",
        "revenue": 500000,
        "costOfRevenue": -200000,
        "grossProfit": 700000,
        "grossProfitRatio": 1.4,
        "researchAndDevelopmentExpenses": 1400000,
        "generalAndAdministrativeExpenses": 400000,
        "sellingAndMarketingExpenses": 200000,
        "sellingGeneralAndAdministrativeExpenses": 600000,
        "otherExpenses": 0,
        "operatingExpenses": 2000000,
        "costAndExpenses": 1800000,
        "interestIncome": 0,
        "interestExpense": 0,
        "depreciationAndAmortization": 200000,
        "ebitda": -1100000,
        "ebitdaratio": -2.2,
        "operatingIncome": -1300000,
        "operatingIncomeRatio": -2.6,
        "totalOtherIncomeExpensesNet": 0,
        "incomeBeforeTax": 0,
        "incomeBeforeTaxRatio": 0,
        "incomeTaxExpense": 0,
        "netIncome": -1300000,
        "netIncomeRatio": -2.6,
        "eps": -0.0725,
        "epsdiluted": -0.0725,
        "weightedAverageShsOut": 17931034,
        "weightedAverageShsOutDil": 17931034,
        "link": "",
        "finalLink": ""
    }
]