[
    {
        "date": "2025-09-30",
        "symbol": "AM",
        "reportedCurrency": "USD",
        "cik": "0001623925",
        "fillingDate": "2025-10-29",
        "acceptedDate": "2025-10-29 16:16:15",
        "calendarYear": "2025",
        "period": "Q3",
        "revenue": 294821000,
        "costOfRevenue": 0,
        "grossProfit": 0,
        "grossProfitRatio": 0,
        "researchAndDevelopmentExpenses": 0,
        "generalAndAdministrativeExpenses": 21316000,
        "sellingAndMarketingExpenses": 0,
        "sellingGeneralAndAdministrativeExpenses": 21316000,
        "otherExpenses": 93012000,
        "operatingExpenses": 114328000,
        "costAndExpenses": 0,
        "interestIncome": 0,
        "interestExpense": 47196000,
        "depreciationAndAmortization": 0,
        "ebitda": 180493000,
        "ebitdaratio": 0.6122121559,
        "operatingIncome": 180493000,
        "operatingIncomeRatio": 0.6122121559,
        "totalOtherIncomeExpensesNet": -18821000,
        "incomeBeforeTax": 161672000,
        "incomeBeforeTaxRatio": 0.5483734198,
        "incomeTaxExpense": 45688000,
        "netIncome": 115984000,
        "netIncomeRatio": 0.3934048117,
        "eps": 0.24,
        "epsdiluted": 0.24,
        "weightedAverageShsOut": 478020000,
        "weightedAverageShsOutDil": 481814000,
        "link": "https://www.sec.gov/Archives/edgar/data/1623925/000110465925103732/0001104659-25-103732-index.htm",
        "finalLink": "https://www.sec.gov/Archives/edgar/data/1623925/000110465925103732/am-20250930x10q.htm"
    },
    {
        "date": "2025-06-30",
        "symbol": "AM",
        "reportedCurrency": "USD",
        "cik": "0001623925",
        "fillingDate": "2025-07-30",
        "acceptedDate": "2025-07-30 16:16:01",
        "calendarYear": "2025",
        "period": "Q2",
        "revenue": 323140000,
        "costOfRevenue": 114146000,
        "grossProfit": 208994000,
        "grossProfitRatio": 0.6467599183,
        "researchAndDevelopmentExpenses": 0,
        "generalAndAdministrativeExpenses": 22125000,
        "sellingAndMarketingExpenses": 0,
        "sellingGeneralAndAdministrativeExpenses": 22125000,
        "otherExpenses": 425000,
        "operatingExpenses": 22550000,
        "costAndExpenses": 136696000,
        "interestIncome": 0,
        "interestExpense": 47962000,
        "depreciationAndAmortization": 51032000,
        "ebitda": 267492000,
        "ebitdaratio": 0.8277898125,
        "operatingIncome": 186444000,
        "operatingIncomeRatio": 0.5769759237,
        "totalOtherIncomeExpensesNet": -17946000,
        "incomeBeforeTax": 168498000,
        "incomeBeforeTaxRatio": 0.5214396237,
        "incomeTaxExpense": 43985000,
        "netIncome": 124513000,
        "netIncomeRatio": 0.3853221514,
        "eps": 0.26,
        "epsdiluted": 0.26,
        "weightedAverageShsOut": 479083000,
        "weightedAverageShsOutDil": 482451000,
        "link": "https://www.sec.gov/Archives/edgar/data/1623925/000155837025009801/0001558370-25-009801-index.htm",
        "finalLink": "https://www.sec.gov/Archives/edgar/data/1623925/000155837025009801/am-20250630x10q.htm"
    },
    {
        "date": "2025-03-31",
        "symbol": "AM",
        "reportedCurrency": "USD",
        "cik": "0001623925",
        "fillingDate": "2025-04-30",
        "acceptedDate": "2025-04-30 16:15:53",
        "calendarYear": "2025",
        "period": "Q1",
        "revenue": 308797000,
        "costOfRevenue": 107246000,
        "grossProfit": 201551000,
        "grossProfitRatio": 0.6526974031,
        "researchAndDevelopmentExpenses": 0,
        "generalAndAdministrativeExpenses": 23024000,
        "sellingAndMarketingExpenses": 0,
        "sellingGeneralAndAdministrativeExpenses": 23024000,
        "otherExpenses": 1304000,
        "operatingExpenses": 24328000,
        "costAndExpenses": 131574000,
        "interestIncome": 0,
        "interestExpense": 48410000,
        "depreciationAndAmortization": 50416000,
        "ebitda": 255659000,
        "ebitdaratio": 0.8279193127,
        "operatingIncome": 177223000,
        "operatingIncomeRatio": 0.5739142543,
        "totalOtherIncomeExpensesNet": -20390000,
        "incomeBeforeTax": 156833000,
        "incomeBeforeTaxRatio": 0.5078838201,
        "incomeTaxExpense": 36096000,
        "netIncome": 120737000,
        "netIncomeRatio": 0.3909914928,
        "eps": 0.25,
        "epsdiluted": 0.25,
        "weightedAverageShsOut": 479064000,
        "weightedAverageShsOutDil": 484378000,
        "link": "https://www.sec.gov/Archives/edgar/data/1623925/000155837025006002/0001558370-25-006002-index.htm",
        "finalLink": "https://www.sec.gov/Archives/edgar/data/1623925/000155837025006002/am-20250331x10q.htm"
    },
    {
        "date": "2024-12-31",
        "symbol": "AM",
        "reportedCurrency": "USD",
        "cik": "0001623925",
        "fillingDate": "2025-02-12",
        "acceptedDate": "2025-02-12 16:15:37",
        "calendarYear": "2024",
        "period": "Q4",
        "revenue": 305145000,
        "costOfRevenue": 106388000,
        "grossProfit": 198757000,
        "grossProfitRatio": 0.6513526356,
        "researchAndDevelopmentExpenses": 0,
        "generalAndAdministrativeExpenses": 20774000,
        "sellingAndMarketingExpenses": 0,
        "sellingGeneralAndAdministrativeExpenses": 20774000,
        "otherExpenses": 248000,
        "operatingExpenses": 21022000,
        "costAndExpenses": 127410000,
        "interestIncome": 0,
        "interestExpense": 49721000,
        "depreciationAndAmortization": 50463000,
        "ebitda": 255976000,
        "ebitdaratio": 0.8388667683,
        "operatingIncome": 177735000,
        "operatingIncomeRatio": 0.5824607973,
        "totalOtherIncomeExpensesNet": -21943000,
        "incomeBeforeTax": 155792000,
        "incomeBeforeTaxRatio": 0.5105507218,
        "incomeTaxExpense": 44603000,
        "netIncome": 111189000,
        "netIncomeRatio": 0.3643808681,
        "eps": 0.23,
        "epsdiluted": 0.23,
        "weightedAverageShsOut": 480991000,
        "weightedAverageShsOutDil": 486133000,
        "link": "https://www.sec.gov/Archives/edgar/data/1623925/000155837025000862/0001558370-25-000862-index.htm",
        "finalLink": "https://www.sec.gov/Archives/edgar/data/1623925/000155837025000862/am-20241231x10k.htm"
    },
    {
        "date": "2024-09-30",
        "symbol": "AM",
        "reportedCurrency": "USD",
        "cik": "0001623925",
        "fillingDate": "2024-10-30",
        "acceptedDate": "2024-10-30 16:15:46",
        "calendarYear": "2024",
        "period": "Q3",
        "revenue": 287538000,
        "costOfRevenue": 101926000,
        "grossProfit": 185612000,
        "grossProfitRatio": 0.6455216354,
        "researchAndDevelopmentExpenses": 0,
        "generalAndAdministrativeExpenses": 22872000,
        "sellingAndMarketingExpenses": 0,
        "sellingGeneralAndAdministrativeExpenses": 22872000,
        "otherExpenses": 313000,
        "operatingExpenses": 23185000,
        "costAndExpenses": 125111000,
        "interestIncome": 0,
        "interestExpense": 51812000,
        "depreciationAndAmortization": 50202000,
        "ebitda": 239956000,
        "ebitdaratio": 0.8345192635,
        "operatingIncome": 162427000,
        "operatingIncomeRatio": 0.5648888147,
        "totalOtherIncomeExpensesNet": -24485000,
        "incomeBeforeTax": 137942000,
        "incomeBeforeTaxRatio": 0.4797348524,
        "incomeTaxExpense": 38202000,
        "netIncome": 99740000,
        "netIncomeRatio": 0.3468758912,
        "eps": 0.21,
        "epsdiluted": 0.21,
        "weightedAverageShsOut": 481288000,
        "weightedAverageShsOutDil": 485532000,
        "link": "https://www.sec.gov/Archives/edgar/data/1623925/000155837024013951/0001558370-24-013951-index.htm",
        "finalLink": "https://www.sec.gov/Archives/edgar/data/1623925/000155837024013951/am-20240930x10q.htm"
    },
    {
        "date": "2024-06-30",
        "symbol": "AM",
        "reportedCurrency": "USD",
        "cik": "0001623925",
        "fillingDate": "2024-07-31",
        "acceptedDate": "2024-07-31 16:15:37",
        "calendarYear": "2024",
        "period": "Q2",
        "revenue": 287463000,
        "costOfRevenue": 111653000,
        "grossProfit": 175810000,
        "grossProfitRatio": 0.6115917527,
        "researchAndDevelopmentExpenses": 0,
        "generalAndAdministrativeExpenses": 21219000,
        "sellingAndMarketingExpenses": 0,
        "sellingGeneralAndAdministrativeExpenses": 21219000,
        "otherExpenses": 1838000,
        "operatingExpenses": 23057000,
        "costAndExpenses": 134710000,
        "interestIncome": 0,
        "interestExpense": 52186000,
        "depreciationAndAmortization": 55244000,
        "ebitda": 221903000,
        "ebitdaratio": 0.7719358665,
        "operatingIncome": 152753000,
        "operatingIncomeRatio": 0.5313831693,
        "totalOtherIncomeExpensesNet": -38280000,
        "incomeBeforeTax": 114473000,
        "incomeBeforeTaxRatio": 0.3982182055,
        "incomeTaxExpense": 28436000,
        "netIncome": 86037000,
        "netIncomeRatio": 0.2992976487,
        "eps": 0.18,
        "epsdiluted": 0.18,
        "weightedAverageShsOut": 481103000,
        "weightedAverageShsOutDil": 484778000,
        "link": "https://www.sec.gov/Archives/edgar/data/1623925/000155837024010481/0001558370-24-010481-index.htm",
        "finalLink": "https://www.sec.gov/Archives/edgar/data/1623925/000155837024010481/am-20240630x10q.htm"
    },
    {
        "date": "2024-03-31",
        "symbol": "AM",
        "reportedCurrency": "USD",
        "cik": "0001623925",
        "fillingDate": "2024-04-24",
        "acceptedDate": "2024-04-24 16:16:41",
        "calendarYear": "2024",
        "period": "Q1",
        "revenue": 296719000,
        "costOfRevenue": 108681000,
        "grossProfit": 188038000,
        "grossProfitRatio": 0.6337241633,
        "researchAndDevelopmentExpenses": 0,
        "generalAndAdministrativeExpenses": 21221000,
        "sellingAndMarketingExpenses": 0,
        "sellingGeneralAndAdministrativeExpenses": 21221000,
        "otherExpenses": 566000,
        "operatingExpenses": 21787000,
        "costAndExpenses": 130468000,
        "interestIncome": 0,
        "interestExpense": 53308000,
        "depreciationAndAmortization": 54763000,
        "ebitda": 248485000,
        "ebitdaratio": 0.8374421591,
        "operatingIncome": 166251000,
        "operatingIncomeRatio": 0.5602977902,
        "totalOtherIncomeExpensesNet": -25837000,
        "incomeBeforeTax": 140414000,
        "incomeBeforeTaxRatio": 0.4732221395,
        "incomeTaxExpense": 36488000,
        "netIncome": 103926000,
        "netIncomeRatio": 0.3502505738,
        "eps": 0.22,
        "epsdiluted": 0.21,
        "weightedAverageShsOut": 479897000,
        "weightedAverageShsOutDil": 484303000,
        "link": "https://www.sec.gov/Archives/edgar/data/1623925/000155837024005600/0001558370-24-005600-index.htm",
        "finalLink": "https://www.sec.gov/Archives/edgar/data/1623925/000155837024005600/am-20240331x10q.htm"
    },
    {
        "date": "2023-12-31",
        "symbol": "AM",
        "reportedCurrency": "USD",
        "cik": "0001623925",
        "fillingDate": "2024-02-14",
        "acceptedDate": "2024-02-14 16:16:02",
        "calendarYear": "2023",
        "period": "Q4",
        "revenue": 277838000,
        "costOfRevenue": 103380000,
        "grossProfit": 174458000,
        "grossProfitRatio": 0.6279126685,
        "researchAndDevelopmentExpenses": 0,
        "generalAndAdministrativeExpenses": 17926000,
        "sellingAndMarketingExpenses": 526000,
        "sellingGeneralAndAdministrativeExpenses": 18452000,
        "otherExpenses": 0,
        "operatingExpenses": 18452000,
        "costAndExpenses": 121832000,
        "interestIncome": 0,
        "interestExpense": 52000000,
        "depreciationAndAmortization": 52597000,
        "ebitda": 208418000,
        "ebitdaratio": 0.7501421692,
        "operatingIncome": 156006000,
        "operatingIncomeRatio": 0.5614998668,
        "totalOtherIncomeExpensesNet": -24694000,
        "incomeBeforeTax": 131312000,
        "incomeBeforeTaxRatio": 0.4726207358,
        "incomeTaxExpense": 30865000,
        "netIncome": 100447000,
        "netIncomeRatio": 0.3615308201,
        "eps": 0.21,
        "epsdiluted": 0.21,
        "weightedAverageShsOut": 479709000,
        "weightedAverageShsOutDil": 483733000,
        "link": "https://www.sec.gov/Archives/edgar/data/1623925/000155837024001161/0001558370-24-001161-index.htm",
        "finalLink": "https://www.sec.gov/Archives/edgar/data/1623925/000155837024001161/am-20231231x10k.htm"
    },
    {
        "date": "2023-09-30",
        "symbol": "AM",
        "reportedCurrency": "USD",
        "cik": "0001623925",
        "fillingDate": "2023-10-25",
        "acceptedDate": "2023-10-25 16:15:59",
        "calendarYear": "2023",
        "period": "Q3",
        "revenue": 281507000,
        "costOfRevenue": 100327000,
        "grossProfit": 181180000,
        "grossProfitRatio": 0.6436074414,
        "researchAndDevelopmentExpenses": 0,
        "generalAndAdministrativeExpenses": 17633000,
        "sellingAndMarketingExpenses": 0,
        "sellingGeneralAndAdministrativeExpenses": 17633000,
        "otherExpenses": 1234000,
        "operatingExpenses": 18867000,
        "costAndExpenses": 119194000,
        "interestIncome": 0,
        "interestExpense": 55233000,
        "depreciationAndAmortization": 48413000,
        "ebitda": 238123000,
        "ebitdaratio": 0.8458866032,
        "operatingIncome": 162313000,
        "operatingIncomeRatio": 0.5765860174,
        "totalOtherIncomeExpensesNet": -27836000,
        "incomeBeforeTax": 134477000,
        "incomeBeforeTaxRatio": 0.4777039292,
        "incomeTaxExpense": 36657000,
        "netIncome": 97820000,
        "netIncomeRatio": 0.3474869186,
        "eps": 0.2,
        "epsdiluted": 0.2,
        "weightedAverageShsOut": 479676000,
        "weightedAverageShsOutDil": 482840000,
        "link": "https://www.sec.gov/Archives/edgar/data/1623925/000155837023016720/0001558370-23-016720-index.htm",
        "finalLink": "https://www.sec.gov/Archives/edgar/data/1623925/000155837023016720/am-20230930x10q.htm"
    },
    {
        "date": "2023-06-30",
        "symbol": "AM",
        "reportedCurrency": "USD",
        "cik": "0001623925",
        "fillingDate": "2023-07-26",
        "acceptedDate": "2023-07-26 16:15:37",
        "calendarYear": "2023",
        "period": "Q2",
        "revenue": 275955000,
        "costOfRevenue": 105496000,
        "grossProfit": 170459000,
        "grossProfitRatio": 0.6177057854,
        "researchAndDevelopmentExpenses": 0,
        "generalAndAdministrativeExpenses": 18162000,
        "sellingAndMarketingExpenses": 0,
        "sellingGeneralAndAdministrativeExpenses": 18162000,
        "otherExpenses": 6774000,
        "operatingExpenses": 24936000,
        "costAndExpenses": 130432000,
        "interestIncome": 0,
        "interestExpense": 55388000,
        "depreciationAndAmortization": 52901000,
        "ebitda": 224396000,
        "ebitdaratio": 0.8131615662,
        "operatingIncome": 145523000,
        "operatingIncomeRatio": 0.5273432263,
        "totalOtherIncomeExpensesNet": -29416000,
        "incomeBeforeTax": 116107000,
        "incomeBeforeTaxRatio": 0.4207461361,
        "incomeTaxExpense": 29095000,
        "netIncome": 87012000,
        "netIncomeRatio": 0.3153122792,
        "eps": 0.18,
        "epsdiluted": 0.18,
        "weightedAverageShsOut": 479502000,
        "weightedAverageShsOutDil": 481512000,
        "link": "https://www.sec.gov/Archives/edgar/data/1623925/000155837023012290/0001558370-23-012290-index.htm",
        "finalLink": "https://www.sec.gov/Archives/edgar/data/1623925/000155837023012290/am-20230630x10q.htm"
    },
    {
        "date": "2023-03-31",
        "symbol": "AM",
        "reportedCurrency": "USD",
        "cik": "0001623925",
        "fillingDate": "2023-04-26",
        "acceptedDate": "2023-04-26 16:15:48",
        "calendarYear": "2023",
        "period": "Q1",
        "revenue": 277143000,
        "costOfRevenue": 110737000,
        "grossProfit": 166406000,
        "grossProfitRatio": 0.6004337111,
        "researchAndDevelopmentExpenses": 0,
        "generalAndAdministrativeExpenses": 17347000,
        "sellingAndMarketingExpenses": 0,
        "sellingGeneralAndAdministrativeExpenses": 17347000,
        "otherExpenses": 714000,
        "operatingExpenses": 18061000,
        "costAndExpenses": 128798000,
        "interestIncome": 0,
        "interestExpense": 54624000,
        "depreciationAndAmortization": 52864000,
        "ebitda": 225665000,
        "ebitdaratio": 0.8142547349,
        "operatingIncome": 148345000,
        "operatingIncomeRatio": 0.535265188,
        "totalOtherIncomeExpensesNet": -30168000,
        "incomeBeforeTax": 118177000,
        "incomeBeforeTaxRatio": 0.4264116359,
        "incomeTaxExpense": 31670000,
        "netIncome": 86507000,
        "netIncomeRatio": 0.3121384989,
        "eps": 0.18,
        "epsdiluted": 0.18,
        "weightedAverageShsOut": 480594000,
        "weightedAverageShsOutDil": 481459000,
        "link": "https://www.sec.gov/Archives/edgar/data/1623925/000155837023006838/0001558370-23-006838-index.htm",
        "finalLink": "https://www.sec.gov/Archives/edgar/data/1623925/000155837023006838/am-20230331x10q.htm"
    },
    {
        "date": "2022-12-31",
        "symbol": "AM",
        "reportedCurrency": "USD",
        "cik": "0001623925",
        "fillingDate": "2023-02-15",
        "acceptedDate": "2023-02-15 16:55:48",
        "calendarYear": "2022",
        "period": "Q4",
        "revenue": 259221000,
        "costOfRevenue": 99544000,
        "grossProfit": 159677000,
        "grossProfitRatio": 0.6159879022,
        "researchAndDevelopmentExpenses": 0,
        "generalAndAdministrativeExpenses": 14528000,
        "sellingAndMarketingExpenses": 0,
        "sellingGeneralAndAdministrativeExpenses": 14528000,
        "otherExpenses": 1003000,
        "operatingExpenses": 15531000,
        "costAndExpenses": 115075000,
        "interestIncome": 0,
        "interestExpense": 52408000,
        "depreciationAndAmortization": 51249000,
        "ebitda": 219146000,
        "ebitdaratio": 0.8454021858,
        "operatingIncome": 144146000,
        "operatingIncomeRatio": 0.5560737749,
        "totalOtherIncomeExpensesNet": -28657000,
        "incomeBeforeTax": 115489000,
        "incomeBeforeTaxRatio": 0.4455233179,
        "incomeTaxExpense": 32696000,
        "netIncome": 82793000,
        "netIncomeRatio": 0.3193915616,
        "eps": 0.17,
        "epsdiluted": 0.17,
        "weightedAverageShsOut": 478493000,
        "weightedAverageShsOutDil": 480966000,
        "link": "https://www.sec.gov/Archives/edgar/data/1623925/000155837023001377/0001558370-23-001377-index.htm",
        "finalLink": "https://www.sec.gov/Archives/edgar/data/1623925/000155837023001377/am-20221231x10k.htm"
    },
    {
        "date": "2022-09-30",
        "symbol": "AM",
        "reportedCurrency": "USD",
        "cik": "0001623925",
        "fillingDate": "2022-10-26",
        "acceptedDate": "2022-10-26 16:18:30",
        "calendarYear": "2022",
        "period": "Q3",
        "revenue": 248702000,
        "costOfRevenue": 98522000,
        "grossProfit": 150180000,
        "grossProfitRatio": 0.6038552163,
        "researchAndDevelopmentExpenses": 0,
        "generalAndAdministrativeExpenses": 13587000,
        "sellingAndMarketingExpenses": 0,
        "sellingGeneralAndAdministrativeExpenses": 13587000,
        "otherExpenses": -1177000,
        "operatingExpenses": 12410000,
        "costAndExpenses": 110932000,
        "interestIncome": 0,
        "interestExpense": 47835000,
        "depreciationAndAmortization": 51874000,
        "ebitda": 214055000,
        "ebitdaratio": 0.8606886957,
        "operatingIncome": 137770000,
        "operatingIncomeRatio": 0.5539561403,
        "totalOtherIncomeExpensesNet": -23424000,
        "incomeBeforeTax": 114346000,
        "incomeBeforeTaxRatio": 0.4597711317,
        "incomeTaxExpense": 30332000,
        "netIncome": 83876000,
        "netIncomeRatio": 0.3372550281,
        "eps": 0.18,
        "epsdiluted": 0.17,
        "weightedAverageShsOut": 478460000,
        "weightedAverageShsOutDil": 480318000,
        "link": "https://www.sec.gov/Archives/edgar/data/1623925/000155837022015403/0001558370-22-015403-index.htm",
        "finalLink": "https://www.sec.gov/Archives/edgar/data/1623925/000155837022015403/am-20220930x10q.htm"
    },
    {
        "date": "2022-06-30",
        "symbol": "AM",
        "reportedCurrency": "USD",
        "cik": "0001623925",
        "fillingDate": "2022-07-27",
        "acceptedDate": "2022-07-27 16:16:43",
        "calendarYear": "2022",
        "period": "Q2",
        "revenue": 246575000,
        "costOfRevenue": 96642000,
        "grossProfit": 149933000,
        "grossProfitRatio": 0.6080624556,
        "researchAndDevelopmentExpenses": 0,
        "generalAndAdministrativeExpenses": 16079000,
        "sellingAndMarketingExpenses": 0,
        "sellingGeneralAndAdministrativeExpenses": 16079000,
        "otherExpenses": 5458000,
        "operatingExpenses": 21537000,
        "costAndExpenses": 118179000,
        "interestIncome": 0,
        "interestExpense": 45426000,
        "depreciationAndAmortization": 53343000,
        "ebitda": 204563000,
        "ebitdaratio": 0.8296177634,
        "operatingIncome": 128396000,
        "operatingIncomeRatio": 0.5207178343,
        "totalOtherIncomeExpensesNet": -22602000,
        "incomeBeforeTax": 105794000,
        "incomeBeforeTaxRatio": 0.4290540404,
        "incomeTaxExpense": 26399000,
        "netIncome": 79258000,
        "netIncomeRatio": 0.3214356687,
        "eps": 0.17,
        "epsdiluted": 0.17,
        "weightedAverageShsOut": 478317000,
        "weightedAverageShsOutDil": 480270000,
        "link": "https://www.sec.gov/Archives/edgar/data/1623925/000155837022011142/0001558370-22-011142-index.htm",
        "finalLink": "https://www.sec.gov/Archives/edgar/data/1623925/000155837022011142/am-20220630x10q.htm"
    },
    {
        "date": "2022-03-31",
        "symbol": "AM",
        "reportedCurrency": "USD",
        "cik": "0001623925",
        "fillingDate": "2022-04-27",
        "acceptedDate": "2022-04-27 16:18:00",
        "calendarYear": "2022",
        "period": "Q1",
        "revenue": 236159000,
        "costOfRevenue": 87980000,
        "grossProfit": 148179000,
        "grossProfitRatio": 0.6274543845,
        "researchAndDevelopmentExpenses": 0,
        "generalAndAdministrativeExpenses": 17931000,
        "sellingAndMarketingExpenses": 0,
        "sellingGeneralAndAdministrativeExpenses": 17931000,
        "otherExpenses": 1094000,
        "operatingExpenses": 19025000,
        "costAndExpenses": 107005000,
        "interestIncome": 0,
        "interestExpense": 44279000,
        "depreciationAndAmortization": 45968000,
        "ebitda": 198354000,
        "ebitdaratio": 0.8399171744,
        "operatingIncome": 129154000,
        "operatingIncomeRatio": 0.5468942534,
        "totalOtherIncomeExpensesNet": -21047000,
        "incomeBeforeTax": 108107000,
        "incomeBeforeTaxRatio": 0.4577720942,
        "incomeTaxExpense": 28067000,
        "netIncome": 79902000,
        "netIncomeRatio": 0.3383398473,
        "eps": 0.17,
        "epsdiluted": 0.17,
        "weightedAverageShsOut": 477646000,
        "weightedAverageShsOutDil": 480173000,
        "link": "https://www.sec.gov/Archives/edgar/data/1623925/000155837022006102/0001558370-22-006102-index.htm",
        "finalLink": "https://www.sec.gov/Archives/edgar/data/1623925/000155837022006102/am-20220331x10q.htm"
    },
    {
        "date": "2021-12-31",
        "symbol": "AM",
        "reportedCurrency": "USD",
        "cik": "0001623925",
        "fillingDate": "2022-02-16",
        "acceptedDate": "2022-02-16 16:16:40",
        "calendarYear": "2021",
        "period": "Q4",
        "revenue": 234158000,
        "costOfRevenue": 84254000,
        "grossProfit": 149904000,
        "grossProfitRatio": 0.6401831242,
        "researchAndDevelopmentExpenses": 0,
        "generalAndAdministrativeExpenses": 16847000,
        "sellingAndMarketingExpenses": 0,
        "sellingGeneralAndAdministrativeExpenses": 16847000,
        "otherExpenses": 4537000,
        "operatingExpenses": 21384000,
        "costAndExpenses": 105638000,
        "interestIncome": 0,
        "interestExpense": 44366000,
        "depreciationAndAmortization": 45502000,
        "ebitda": 197070000,
        "ebitdaratio": 0.8416112198,
        "operatingIncome": 128520000,
        "operatingIncomeRatio": 0.5488601713,
        "totalOtherIncomeExpensesNet": -21318000,
        "incomeBeforeTax": 107202000,
        "incomeBeforeTaxRatio": 0.4578190794,
        "incomeTaxExpense": 28576000,
        "netIncome": 78489000,
        "netIncomeRatio": 0.3351967475,
        "eps": 0.16,
        "epsdiluted": 0.16,
        "weightedAverageShsOut": 477442000,
        "weightedAverageShsOutDil": 479695000,
        "link": "https://www.sec.gov/Archives/edgar/data/1623925/000155837022001278/0001558370-22-001278-index.htm",
        "finalLink": "https://www.sec.gov/Archives/edgar/data/1623925/000155837022001278/am-20211231x10k.htm"
    },
    {
        "date": "2021-09-30",
        "symbol": "AM",
        "reportedCurrency": "USD",
        "cik": "0001623925",
        "fillingDate": "2021-10-27",
        "acceptedDate": "2021-10-27 16:25:53",
        "calendarYear": "2021",
        "period": "Q3",
        "revenue": 242472000,
        "costOfRevenue": 84654000,
        "grossProfit": 157818000,
        "grossProfitRatio": 0.6508710284,
        "researchAndDevelopmentExpenses": 0,
        "generalAndAdministrativeExpenses": 14810000,
        "sellingAndMarketingExpenses": 0,
        "sellingGeneralAndAdministrativeExpenses": 14810000,
        "otherExpenses": 1187000,
        "operatingExpenses": 15997000,
        "costAndExpenses": 100651000,
        "interestIncome": 0,
        "interestExpense": 44544000,
        "depreciationAndAmortization": 45155000,
        "ebitda": 211064000,
        "ebitdaratio": 0.8704675179,
        "operatingIncome": 141821000,
        "operatingIncomeRatio": 0.5848964004,
        "totalOtherIncomeExpensesNet": -20456000,
        "incomeBeforeTax": 121365000,
        "incomeBeforeTaxRatio": 0.5005320202,
        "incomeTaxExpense": 32038000,
        "netIncome": 89189000,
        "netIncomeRatio": 0.3678321621,
        "eps": 0.19,
        "epsdiluted": 0.19,
        "weightedAverageShsOut": 477442000,
        "weightedAverageShsOutDil": 479695000,
        "link": "https://www.sec.gov/Archives/edgar/data/1623925/000155837021013626/0001558370-21-013626-index.htm",
        "finalLink": "https://www.sec.gov/Archives/edgar/data/1623925/000155837021013626/am-20210930x10q.htm"
    },
    {
        "date": "2021-06-30",
        "symbol": "AM",
        "reportedCurrency": "USD",
        "cik": "0001623925",
        "fillingDate": "2021-07-28",
        "acceptedDate": "2021-07-28 16:17:25",
        "calendarYear": "2021",
        "period": "Q2",
        "revenue": 250455000,
        "costOfRevenue": 83842000,
        "grossProfit": 166613000,
        "grossProfitRatio": 0.6652412609,
        "researchAndDevelopmentExpenses": 0,
        "generalAndAdministrativeExpenses": 14251000,
        "sellingAndMarketingExpenses": 0,
        "sellingGeneralAndAdministrativeExpenses": 14251000,
        "otherExpenses": 963000,
        "operatingExpenses": 15214000,
        "costAndExpenses": 99056000,
        "interestIncome": 0,
        "interestExpense": 43505000,
        "depreciationAndAmortization": 44287000,
        "ebitda": 196500000,
        "ebitdaratio": 0.7845720788,
        "operatingIncome": 151399000,
        "operatingIncomeRatio": 0.6044958176,
        "totalOtherIncomeExpensesNet": -42691000,
        "incomeBeforeTax": 108708000,
        "incomeBeforeTaxRatio": 0.4340420435,
        "incomeTaxExpense": 28485000,
        "netIncome": 80086000,
        "netIncomeRatio": 0.3197620331,
        "eps": 0.17,
        "epsdiluted": 0.17,
        "weightedAverageShsOut": 477290000,
        "weightedAverageShsOutDil": 479530000,
        "link": "https://www.sec.gov/Archives/edgar/data/1623925/000155837021009478/0001558370-21-009478-index.htm",
        "finalLink": "https://www.sec.gov/Archives/edgar/data/1623925/000155837021009478/am-20210630x10q.htm"
    },
    {
        "date": "2021-03-31",
        "symbol": "AM",
        "reportedCurrency": "USD",
        "cik": "0001623925",
        "fillingDate": "2021-04-28",
        "acceptedDate": "2021-04-28 16:25:03",
        "calendarYear": "2021",
        "period": "Q1",
        "revenue": 241789000,
        "costOfRevenue": 83832000,
        "grossProfit": 157957000,
        "grossProfitRatio": 0.6532844753,
        "researchAndDevelopmentExpenses": 0,
        "generalAndAdministrativeExpenses": 17930000,
        "sellingAndMarketingExpenses": 0,
        "sellingGeneralAndAdministrativeExpenses": 17930000,
        "otherExpenses": 6440000,
        "operatingExpenses": 24370000,
        "costAndExpenses": 108202000,
        "interestIncome": 0,
        "interestExpense": 42866000,
        "depreciationAndAmortization": 44518000,
        "ebitda": 198849000,
        "ebitdaratio": 0.8224071401,
        "operatingIncome": 133587000,
        "operatingIncomeRatio": 0.5524941168,
        "totalOtherIncomeExpensesNet": -22122000,
        "incomeBeforeTax": 111465000,
        "incomeBeforeTaxRatio": 0.4610011208,
        "incomeTaxExpense": 28024000,
        "netIncome": 83303000,
        "netIncomeRatio": 0.3445276667,
        "eps": 0.17,
        "epsdiluted": 0.17,
        "weightedAverageShsOut": 490829000,
        "weightedAverageShsOutDil": 479272000,
        "link": "https://www.sec.gov/Archives/edgar/data/1623925/000155837021005086/0001558370-21-005086-index.htm",
        "finalLink": "https://www.sec.gov/Archives/edgar/data/1623925/000155837021005086/am-20210331x10q.htm"
    },
    {
        "date": "2020-12-31",
        "symbol": "AM",
        "reportedCurrency": "USD",
        "cik": "0001623925",
        "fillingDate": "2021-02-17",
        "acceptedDate": "2021-02-17 16:51:34",
        "calendarYear": "2020",
        "period": "Q4",
        "revenue": 221521000,
        "costOfRevenue": 81101000,
        "grossProfit": 140420000,
        "grossProfitRatio": 0.6338902407,
        "researchAndDevelopmentExpenses": 0,
        "generalAndAdministrativeExpenses": 13022000,
        "sellingAndMarketingExpenses": 0,
        "sellingGeneralAndAdministrativeExpenses": 13022000,
        "otherExpenses": 12415000,
        "operatingExpenses": 25437000,
        "costAndExpenses": 106538000,
        "interestIncome": 0,
        "interestExpense": 39564000,
        "depreciationAndAmortization": 44562000,
        "ebitda": 182778000,
        "ebitdaratio": 0.8251046176,
        "operatingIncome": 114983000,
        "operatingIncomeRatio": 0.5190613982,
        "totalOtherIncomeExpensesNet": -16331000,
        "incomeBeforeTax": 98652000,
        "incomeBeforeTaxRatio": 0.4453392681,
        "incomeTaxExpense": 22194000,
        "netIncome": 76321000,
        "netIncomeRatio": 0.3445316697,
        "eps": 0.16,
        "epsdiluted": 0.16,
        "weightedAverageShsOut": 476633000,
        "weightedAverageShsOutDil": 478757000,
        "link": "https://www.sec.gov/Archives/edgar/data/1623925/000155837021001148/0001558370-21-001148-index.htm",
        "finalLink": "https://www.sec.gov/Archives/edgar/data/1623925/000155837021001148/am-20201231x10k.htm"
    },
    {
        "date": "2020-09-30",
        "symbol": "AM",
        "reportedCurrency": "USD",
        "cik": "0001623925",
        "fillingDate": "2020-10-28",
        "acceptedDate": "2020-10-28 16:16:16",
        "calendarYear": "2020",
        "period": "Q3",
        "revenue": 263215000,
        "costOfRevenue": 94653000,
        "grossProfit": 168562000,
        "grossProfitRatio": 0.6403966339,
        "researchAndDevelopmentExpenses": 0,
        "generalAndAdministrativeExpenses": 13232000,
        "sellingAndMarketingExpenses": 0,
        "sellingGeneralAndAdministrativeExpenses": 13232000,
        "otherExpenses": 3513000,
        "operatingExpenses": 16745000,
        "costAndExpenses": 111398000,
        "interestIncome": 0,
        "interestExpense": 34501000,
        "depreciationAndAmortization": 44601000,
        "ebitda": 219591000,
        "ebitdaratio": 0.8342647645,
        "operatingIncome": 151817000,
        "operatingIncomeRatio": 0.5767794389,
        "totalOtherIncomeExpensesNet": -11328000,
        "incomeBeforeTax": 140489000,
        "incomeBeforeTaxRatio": 0.5337423779,
        "incomeTaxExpense": 34982000,
        "netIncome": 105369000,
        "netIncomeRatio": 0.4003153316,
        "eps": 0.22,
        "epsdiluted": 0.22,
        "weightedAverageShsOut": 476578000,
        "weightedAverageShsOutDil": 478694000,
        "link": "https://www.sec.gov/Archives/edgar/data/1623925/000155837020011882/0001558370-20-011882-index.htm",
        "finalLink": "https://www.sec.gov/Archives/edgar/data/1623925/000155837020011882/amgp-20200930x10q.htm"
    },
    {
        "date": "2020-06-30",
        "symbol": "AM",
        "reportedCurrency": "USD",
        "cik": "0001623925",
        "fillingDate": "2020-07-29",
        "acceptedDate": "2020-07-29 17:43:23",
        "calendarYear": "2020",
        "period": "Q2",
        "revenue": 237342000,
        "costOfRevenue": 87418000,
        "grossProfit": 149924000,
        "grossProfitRatio": 0.6316791803,
        "researchAndDevelopmentExpenses": 0,
        "generalAndAdministrativeExpenses": 12422000,
        "sellingAndMarketingExpenses": 0,
        "sellingGeneralAndAdministrativeExpenses": 12422000,
        "otherExpenses": 2776000,
        "operatingExpenses": 15198000,
        "costAndExpenses": 102616000,
        "interestIncome": 0,
        "interestExpense": 35311000,
        "depreciationAndAmortization": 45351000,
        "ebitda": 201024000,
        "ebitdaratio": 0.8469803069,
        "operatingIncome": 134726000,
        "operatingIncomeRatio": 0.5676450017,
        "totalOtherIncomeExpensesNet": -14364000,
        "incomeBeforeTax": 120362000,
        "incomeBeforeTaxRatio": 0.5071247398,
        "incomeTaxExpense": 31921000,
        "netIncome": 88304000,
        "netIncomeRatio": 0.3720538295,
        "eps": 0.19,
        "epsdiluted": 0.18,
        "weightedAverageShsOut": 476836000,
        "weightedAverageShsOutDil": 478837000,
        "link": "https://www.sec.gov/Archives/edgar/data/1623925/000155837020008641/0001558370-20-008641-index.htm",
        "finalLink": "https://www.sec.gov/Archives/edgar/data/1623925/000155837020008641/amgp-20200630x10q.htm"
    },
    {
        "date": "2020-03-31",
        "symbol": "AM",
        "reportedCurrency": "USD",
        "cik": "0001623925",
        "fillingDate": "2020-04-29",
        "acceptedDate": "2020-04-29 16:03:41",
        "calendarYear": "2020",
        "period": "Q1",
        "revenue": 261313000,
        "costOfRevenue": 93676000,
        "grossProfit": 167637000,
        "grossProfitRatio": 0.6415180263,
        "researchAndDevelopmentExpenses": 0,
        "generalAndAdministrativeExpenses": 13537000,
        "sellingAndMarketingExpenses": 0,
        "sellingGeneralAndAdministrativeExpenses": 13537000,
        "otherExpenses": 673264000,
        "operatingExpenses": 686801000,
        "costAndExpenses": 780477000,
        "interestIncome": 0,
        "interestExpense": 37631000,
        "depreciationAndAmortization": 44948000,
        "ebitda": -455139000,
        "ebitdaratio": -1.7417388343,
        "operatingIncome": -519164000,
        "operatingIncomeRatio": -1.9867515202,
        "totalOtherIncomeExpensesNet": -18554000,
        "incomeBeforeTax": -537718000,
        "incomeBeforeTaxRatio": -2.0577544937,
        "incomeTaxExpense": -144785000,
        "netIncome": -392933000,
        "netIncomeRatio": -1.5036871491,
        "eps": -0.81,
        "epsdiluted": -0.81,
        "weightedAverageShsOut": 483103000,
        "weightedAverageShsOutDil": 483103000,
        "link": "https://www.sec.gov/Archives/edgar/data/1623925/000155837020004617/0001558370-20-004617-index.htm",
        "finalLink": "https://www.sec.gov/Archives/edgar/data/1623925/000155837020004617/amgp-20200429x10q.htm"
    },
    {
        "date": "2019-12-31",
        "symbol": "AM",
        "reportedCurrency": "USD",
        "cik": "0001623925",
        "fillingDate": "2020-02-12",
        "acceptedDate": "2020-02-12 16:26:48",
        "calendarYear": "2019",
        "period": "Q4",
        "revenue": 256899000,
        "costOfRevenue": 99831000,
        "grossProfit": 157068000,
        "grossProfitRatio": 0.6113998108,
        "researchAndDevelopmentExpenses": 0,
        "generalAndAdministrativeExpenses": 33087000,
        "sellingAndMarketingExpenses": 0,
        "sellingGeneralAndAdministrativeExpenses": 33087000,
        "otherExpenses": 316584000,
        "operatingExpenses": 349671000,
        "costAndExpenses": 449502000,
        "interestIncome": 0,
        "interestExpense": 36530000,
        "depreciationAndAmortization": 44801000,
        "ebitda": -131468000,
        "ebitdaratio": -0.5117497538,
        "operatingIncome": -192603000,
        "operatingIncomeRatio": -0.7497226536,
        "totalOtherIncomeExpensesNet": -20196000,
        "incomeBeforeTax": -212799000,
        "incomeBeforeTaxRatio": -0.8283372065,
        "incomeTaxExpense": -68240000,
        "netIncome": -144559000,
        "netIncomeRatio": -0.5627075232,
        "eps": -0.29,
        "epsdiluted": -0.29,
        "weightedAverageShsOut": 500043000,
        "weightedAverageShsOutDil": 500043000,
        "link": "https://www.sec.gov/Archives/edgar/data/1623925/000155837020000723/0001558370-20-000723-index.htm",
        "finalLink": "https://www.sec.gov/Archives/edgar/data/1623925/000155837020000723/amgp-20191231x10k3b249e.htm"
    },
    {
        "date": "2019-09-30",
        "symbol": "AM",
        "reportedCurrency": "USD",
        "cik": "0001623925",
        "fillingDate": "2019-10-29",
        "acceptedDate": "2019-10-29 20:06:42",
        "calendarYear": "2019",
        "period": "Q3",
        "revenue": 272658000,
        "costOfRevenue": 115131000,
        "grossProfit": 157527000,
        "grossProfitRatio": 0.5777457474,
        "researchAndDevelopmentExpenses": 0,
        "generalAndAdministrativeExpenses": 30595000,
        "sellingAndMarketingExpenses": 0,
        "sellingGeneralAndAdministrativeExpenses": 30595000,
        "otherExpenses": 461021000,
        "operatingExpenses": 491616000,
        "costAndExpenses": 606747000,
        "interestIncome": 0,
        "interestExpense": 36134000,
        "depreciationAndAmortization": 53323000,
        "ebitda": -262288000,
        "ebitdaratio": -0.9619670063,
        "operatingIncome": -334089000,
        "operatingIncomeRatio": -1.2253042273,
        "totalOtherIncomeExpensesNet": -17656000,
        "incomeBeforeTax": -351745000,
        "incomeBeforeTaxRatio": -1.2900593417,
        "incomeTaxExpense": -62268000,
        "netIncome": -289477000,
        "netIncomeRatio": -1.0616853347,
        "eps": -0.57,
        "epsdiluted": -0.57,
        "weightedAverageShsOut": 506419000,
        "weightedAverageShsOutDil": 506419000,
        "link": "https://www.sec.gov/Archives/edgar/data/1623925/000155837019009340/0001558370-19-009340-index.htm",
        "finalLink": "https://www.sec.gov/Archives/edgar/data/1623925/000155837019009340/amgp-20190930x10q.htm"
    },
    {
        "date": "2019-06-30",
        "symbol": "AM",
        "reportedCurrency": "USD",
        "cik": "0001623925",
        "fillingDate": "2019-07-31",
        "acceptedDate": "2019-07-31 16:29:49",
        "calendarYear": "2019",
        "period": "Q2",
        "revenue": 264152000,
        "costOfRevenue": 108979000,
        "grossProfit": 155173000,
        "grossProfitRatio": 0.5874382931,
        "researchAndDevelopmentExpenses": 0,
        "generalAndAdministrativeExpenses": 34622000,
        "sellingAndMarketingExpenses": 0,
        "sellingGeneralAndAdministrativeExpenses": 34622000,
        "otherExpenses": 2960000,
        "operatingExpenses": 37582000,
        "costAndExpenses": 146561000,
        "interestIncome": 0,
        "interestExpense": 31521000,
        "depreciationAndAmortization": 44981000,
        "ebitda": 176195000,
        "ebitdaratio": 0.6670212605,
        "operatingIncome": 117591000,
        "operatingIncomeRatio": 0.4451641479,
        "totalOtherIncomeExpensesNet": -17898000,
        "incomeBeforeTax": 99693000,
        "incomeBeforeTaxRatio": 0.3774077047,
        "incomeTaxExpense": 30419000,
        "netIncome": 69135000,
        "netIncomeRatio": 0.2617243102,
        "eps": 0.14,
        "epsdiluted": 0.14,
        "weightedAverageShsOut": 506816000,
        "weightedAverageShsOutDil": 507767000,
        "link": "https://www.sec.gov/Archives/edgar/data/1623925/000155837019006670/0001558370-19-006670-index.htm",
        "finalLink": "https://www.sec.gov/Archives/edgar/data/1623925/000155837019006670/amgp-20190630x10q.htm"
    },
    {
        "date": "2019-03-31",
        "symbol": "AM",
        "reportedCurrency": "USD",
        "cik": "0001623925",
        "fillingDate": "2019-05-01",
        "acceptedDate": "2019-05-01 17:06:09",
        "calendarYear": "2019",
        "period": "Q1",
        "revenue": 55889000,
        "costOfRevenue": 24413000,
        "grossProfit": 31476000,
        "grossProfitRatio": 0.5631877471,
        "researchAndDevelopmentExpenses": 0,
        "generalAndAdministrativeExpenses": 19809000,
        "sellingAndMarketingExpenses": 0,
        "sellingGeneralAndAdministrativeExpenses": 19809000,
        "otherExpenses": 1059000,
        "operatingExpenses": 20868000,
        "costAndExpenses": 45281000,
        "interestIncome": 0,
        "interestExpense": 6217000,
        "depreciationAndAmortization": 9431000,
        "ebitda": 22919000,
        "ebitdaratio": 0.4100806957,
        "operatingIncome": 10608000,
        "operatingIncomeRatio": 0.1898047916,
        "totalOtherIncomeExpensesNet": -3337000,
        "incomeBeforeTax": 7271000,
        "incomeBeforeTaxRatio": 0.1300971569,
        "incomeTaxExpense": -2377000,
        "netIncome": 9619000,
        "netIncomeRatio": 0.1721090018,
        "eps": 0.04,
        "epsdiluted": 0.04,
        "weightedAverageShsOut": 253877000,
        "weightedAverageShsOutDil": 254903000,
        "link": "https://www.sec.gov/Archives/edgar/data/1623925/000155837019003744/0001558370-19-003744-index.htm",
        "finalLink": "https://www.sec.gov/Archives/edgar/data/1623925/000155837019003744/amgp-20190331x10q.htm"
    },
    {
        "date": "2018-12-31",
        "symbol": "AM",
        "reportedCurrency": "USD",
        "cik": "0001623925",
        "fillingDate": "2019-02-13",
        "acceptedDate": "2019-02-13 17:18:23",
        "calendarYear": "2018",
        "period": "Q4",
        "revenue": 0,
        "costOfRevenue": 0,
        "grossProfit": 0,
        "grossProfitRatio": 0,
        "researchAndDevelopmentExpenses": 0,
        "generalAndAdministrativeExpenses": 16662000,
        "sellingAndMarketingExpenses": 0,
        "sellingGeneralAndAdministrativeExpenses": 16662000,
        "otherExpenses": -43492000,
        "operatingExpenses": -31517000,
        "costAndExpenses": -31517000,
        "interestIncome": 14000,
        "interestExpense": 68000,
        "depreciationAndAmortization": 0,
        "ebitda": 31531000,
        "ebitdaratio": 0,
        "operatingIncome": 31517000,
        "operatingIncomeRatio": 0,
        "totalOtherIncomeExpensesNet": -54000,
        "incomeBeforeTax": 248609000,
        "incomeBeforeTaxRatio": 0,
        "incomeTaxExpense": 10075000,
        "netIncome": 21388000,
        "netIncomeRatio": 0,
        "eps": 1.1,
        "epsdiluted": 1.09,
        "weightedAverageShsOut": 187194000,
        "weightedAverageShsOutDil": 187525000,
        "link": "https://www.sec.gov/Archives/edgar/data/1623925/000155837019000642/0001558370-19-000642-index.htm",
        "finalLink": "https://www.sec.gov/Archives/edgar/data/1623925/000155837019000642/amgp-20181231x10k.htm"
    },
    {
        "date": "2018-09-30",
        "symbol": "AM",
        "reportedCurrency": "USD",
        "cik": "0001623925",
        "fillingDate": "2018-10-31",
        "acceptedDate": "2018-10-31 16:43:11",
        "calendarYear": "2018",
        "period": "Q3",
        "revenue": 0,
        "costOfRevenue": 0,
        "grossProfit": 0,
        "grossProfitRatio": 0,
        "researchAndDevelopmentExpenses": 0,
        "generalAndAdministrativeExpenses": 10803000,
        "sellingAndMarketingExpenses": 0,
        "sellingGeneralAndAdministrativeExpenses": 10803000,
        "otherExpenses": 0,
        "operatingExpenses": 10803000,
        "costAndExpenses": 10803000,
        "interestIncome": 0,
        "interestExpense": 68000,
        "depreciationAndAmortization": 0,
        "ebitda": 27013000,
        "ebitdaratio": 0,
        "operatingIncome": -10803000,
        "operatingIncomeRatio": 0,
        "totalOtherIncomeExpensesNet": 37748000,
        "incomeBeforeTax": 26945000,
        "incomeBeforeTaxRatio": 0,
        "incomeTaxExpense": 8917000,
        "netIncome": 17430000,
        "netIncomeRatio": 0,
        "eps": 0.09,
        "epsdiluted": 0.09,
        "weightedAverageShsOut": 186208000,
        "weightedAverageShsOutDil": 186208000,
        "link": "https://www.sec.gov/Archives/edgar/data/1623925/000155837018008176/0001558370-18-008176-index.htm",
        "finalLink": "https://www.sec.gov/Archives/edgar/data/1623925/000155837018008176/amgp-20180930x10q.htm"
    },
    {
        "date": "2018-06-30",
        "symbol": "AM",
        "reportedCurrency": "USD",
        "cik": "0001623925",
        "fillingDate": "2018-08-01",
        "acceptedDate": "2018-08-01 16:48:58",
        "calendarYear": "2018",
        "period": "Q2",
        "revenue": 0,
        "costOfRevenue": 0,
        "grossProfit": 0,
        "grossProfitRatio": 0,
        "researchAndDevelopmentExpenses": 0,
        "generalAndAdministrativeExpenses": 11509000,
        "sellingAndMarketingExpenses": 0,
        "sellingGeneralAndAdministrativeExpenses": 11509000,
        "otherExpenses": 0,
        "operatingExpenses": 11509000,
        "costAndExpenses": 11509000,
        "interestIncome": 0,
        "interestExpense": 18000,
        "depreciationAndAmortization": 0,
        "ebitda": 21636000,
        "ebitdaratio": 0,
        "operatingIncome": -11509000,
        "operatingIncomeRatio": 0,
        "totalOtherIncomeExpensesNet": 33127000,
        "incomeBeforeTax": 21618000,
        "incomeBeforeTaxRatio": 0,
        "incomeTaxExpense": 7231000,
        "netIncome": 13881000,
        "netIncomeRatio": 0,
        "eps": 0.07,
        "epsdiluted": 0.07,
        "weightedAverageShsOut": 186199000,
        "weightedAverageShsOutDil": 186199000,
        "link": "https://www.sec.gov/Archives/edgar/data/1623925/000155837018006104/0001558370-18-006104-index.htm",
        "finalLink": "https://www.sec.gov/Archives/edgar/data/1623925/000155837018006104/amgp-20180630x10q.htm"
    },
    {
        "date": "2018-03-31",
        "symbol": "AM",
        "reportedCurrency": "USD",
        "cik": "0001623925",
        "fillingDate": "2018-04-25",
        "acceptedDate": "2018-04-25 16:47:36",
        "calendarYear": "2018",
        "period": "Q1",
        "revenue": 0,
        "costOfRevenue": 0,
        "grossProfit": 0,
        "grossProfitRatio": 0,
        "researchAndDevelopmentExpenses": 0,
        "generalAndAdministrativeExpenses": 9560000,
        "sellingAndMarketingExpenses": 0,
        "sellingGeneralAndAdministrativeExpenses": 9560000,
        "otherExpenses": 0,
        "operatingExpenses": 9560000,
        "costAndExpenses": 9560000,
        "interestIncome": 0,
        "interestExpense": 0,
        "depreciationAndAmortization": 0,
        "ebitda": 18893000,
        "ebitdaratio": 0,
        "operatingIncome": -9560000,
        "operatingIncomeRatio": 0,
        "totalOtherIncomeExpensesNet": 28453000,
        "incomeBeforeTax": 18893000,
        "incomeBeforeTaxRatio": 0,
        "incomeTaxExpense": 6088000,
        "netIncome": 12392000,
        "netIncomeRatio": 0,
        "eps": 0.07,
        "epsdiluted": 0.07,
        "weightedAverageShsOut": 186188000,
        "weightedAverageShsOutDil": 186188000,
        "link": "https://www.sec.gov/Archives/edgar/data/1623925/000155837018003261/0001558370-18-003261-index.htm",
        "finalLink": "https://www.sec.gov/Archives/edgar/data/1623925/000155837018003261/amgp-20180331x10q.htm"
    },
    {
        "date": "2017-12-31",
        "symbol": "AM",
        "reportedCurrency": "USD",
        "cik": "0001623925",
        "fillingDate": "2018-02-13",
        "acceptedDate": "2018-02-13 16:52:23",
        "calendarYear": "2017",
        "period": "Q4",
        "revenue": 0,
        "costOfRevenue": 0,
        "grossProfit": 0,
        "grossProfitRatio": 0,
        "researchAndDevelopmentExpenses": 0,
        "generalAndAdministrativeExpenses": 8941000,
        "sellingAndMarketingExpenses": 0,
        "sellingGeneralAndAdministrativeExpenses": 8941000,
        "otherExpenses": 0,
        "operatingExpenses": 8941000,
        "costAndExpenses": 8941000,
        "interestIncome": 0,
        "interestExpense": 0,
        "depreciationAndAmortization": 0,
        "ebitda": -8941000,
        "ebitdaratio": 0,
        "operatingIncome": -8941000,
        "operatingIncomeRatio": 0,
        "totalOtherIncomeExpensesNet": 23772000,
        "incomeBeforeTax": 14831000,
        "incomeBeforeTaxRatio": 0,
        "incomeTaxExpense": 8924000,
        "netIncome": 5907000,
        "netIncomeRatio": 0,
        "eps": 0.03,
        "epsdiluted": 0.03,
        "weightedAverageShsOut": 186181000,
        "weightedAverageShsOutDil": 186181000,
        "link": "https://www.sec.gov/Archives/edgar/data/1623925/000155837018000644/0001558370-18-000644-index.htm",
        "finalLink": "https://www.sec.gov/Archives/edgar/data/1623925/000155837018000644/amgp-20171231x10k.htm"
    },
    {
        "date": "2017-09-30",
        "symbol": "AM",
        "reportedCurrency": "USD",
        "cik": "0001623925",
        "fillingDate": "2017-11-01",
        "acceptedDate": "2017-11-01 16:32:48",
        "calendarYear": "2017",
        "period": "Q3",
        "revenue": 0,
        "costOfRevenue": 0,
        "grossProfit": 0,
        "grossProfitRatio": 0,
        "researchAndDevelopmentExpenses": 0,
        "generalAndAdministrativeExpenses": 8932000,
        "sellingAndMarketingExpenses": 0,
        "sellingGeneralAndAdministrativeExpenses": 8932000,
        "otherExpenses": -19067000,
        "operatingExpenses": -10135000,
        "costAndExpenses": -10135000,
        "interestIncome": 0,
        "interestExpense": 0,
        "depreciationAndAmortization": 0,
        "ebitda": 10135000,
        "ebitdaratio": 0,
        "operatingIncome": 10135000,
        "operatingIncomeRatio": 0,
        "totalOtherIncomeExpensesNet": 0,
        "incomeBeforeTax": 10135000,
        "incomeBeforeTaxRatio": 0,
        "incomeTaxExpense": 7157000,
        "netIncome": 2978000,
        "netIncomeRatio": 0,
        "eps": 0.02,
        "epsdiluted": 0.02,
        "weightedAverageShsOut": 186173000,
        "weightedAverageShsOutDil": 191175000,
        "link": "https://www.sec.gov/Archives/edgar/data/1623925/000155837017007931/0001558370-17-007931-index.htm",
        "finalLink": "https://www.sec.gov/Archives/edgar/data/1623925/000155837017007931/amgp-20170930x10q.htm"
    },
    {
        "date": "2017-06-30",
        "symbol": "AM",
        "reportedCurrency": "USD",
        "cik": "0001623925",
        "fillingDate": "2017-08-02",
        "acceptedDate": "2017-08-02 16:59:34",
        "calendarYear": "2017",
        "period": "Q2",
        "revenue": 0,
        "costOfRevenue": 0,
        "grossProfit": 0,
        "grossProfitRatio": 0,
        "researchAndDevelopmentExpenses": 0,
        "generalAndAdministrativeExpenses": 12834000,
        "sellingAndMarketingExpenses": 0,
        "sellingGeneralAndAdministrativeExpenses": 12834000,
        "otherExpenses": -15328000,
        "operatingExpenses": -2494000,
        "costAndExpenses": -2494000,
        "interestIncome": 0,
        "interestExpense": 0,
        "depreciationAndAmortization": 0,
        "ebitda": 2494000,
        "ebitdaratio": 0,
        "operatingIncome": 2494000,
        "operatingIncomeRatio": 0,
        "totalOtherIncomeExpensesNet": 0,
        "incomeBeforeTax": 2494000,
        "incomeBeforeTaxRatio": 0,
        "incomeTaxExpense": 5755000,
        "netIncome": -3261000,
        "netIncomeRatio": 0,
        "eps": -0.0087,
        "epsdiluted": -0.0087,
        "weightedAverageShsOut": 186170000,
        "weightedAverageShsOutDil": 186170000,
        "link": "https://www.sec.gov/Archives/edgar/data/1623925/000155837017005737/0001558370-17-005737-index.htm",
        "finalLink": "https://www.sec.gov/Archives/edgar/data/1623925/000155837017005737/amgp-20170630x10q.htm"
    },
    {
        "date": "2017-03-31",
        "symbol": "AM",
        "reportedCurrency": "USD",
        "cik": "0001623925",
        "fillingDate": "2017-06-02",
        "acceptedDate": "2017-06-02 15:42:20",
        "calendarYear": "2017",
        "period": "Q1",
        "revenue": 0,
        "costOfRevenue": 0,
        "grossProfit": 0,
        "grossProfitRatio": 0,
        "researchAndDevelopmentExpenses": 0,
        "generalAndAdministrativeExpenses": 10427000,
        "sellingAndMarketingExpenses": 0,
        "sellingGeneralAndAdministrativeExpenses": 10427000,
        "otherExpenses": 0,
        "operatingExpenses": 10427000,
        "costAndExpenses": 10427000,
        "interestIncome": 0,
        "interestExpense": 0,
        "depreciationAndAmortization": 0,
        "ebitda": -10427000,
        "ebitdaratio": 0,
        "operatingIncome": -10427000,
        "operatingIncomeRatio": 0,
        "totalOtherIncomeExpensesNet": 11553000,
        "incomeBeforeTax": 1126000,
        "incomeBeforeTaxRatio": 0,
        "incomeTaxExpense": 4425000,
        "netIncome": -3299000,
        "netIncomeRatio": 0,
        "eps": -0.0177,
        "epsdiluted": -0.0177,
        "weightedAverageShsOut": 186170000,
        "weightedAverageShsOutDil": 186170000,
        "link": "https://www.sec.gov/Archives/edgar/data/1623925/000155837017004649/0001558370-17-004649-index.htm",
        "finalLink": "https://www.sec.gov/Archives/edgar/data/1623925/000155837017004649/amgp-20170331x10q.htm"
    },
    {
        "date": "2016-12-31",
        "symbol": "AM",
        "reportedCurrency": "USD",
        "cik": "0001623925",
        "fillingDate": "2016-12-31",
        "acceptedDate": "2016-12-30 19:00:00",
        "calendarYear": "2016",
        "period": "Q4",
        "revenue": 0,
        "costOfRevenue": 0,
        "grossProfit": 0,
        "grossProfitRatio": 0,
        "researchAndDevelopmentExpenses": 0,
        "generalAndAdministrativeExpenses": 425000,
        "sellingAndMarketingExpenses": 0,
        "sellingGeneralAndAdministrativeExpenses": 425000,
        "otherExpenses": 0,
        "operatingExpenses": 425000,
        "costAndExpenses": 425000,
        "interestIncome": 0,
        "interestExpense": 0,
        "depreciationAndAmortization": 0,
        "ebitda": -425000,
        "ebitdaratio": 0,
        "operatingIncome": -425000,
        "operatingIncomeRatio": 0,
        "totalOtherIncomeExpensesNet": 7557000,
        "incomeBeforeTax": 7132000,
        "incomeBeforeTaxRatio": 0,
        "incomeTaxExpense": 2856000,
        "netIncome": 4276000,
        "netIncomeRatio": 0,
        "eps": 0.023,
        "epsdiluted": 0.023,
        "weightedAverageShsOut": 186170000,
        "weightedAverageShsOutDil": 186170000,
        "link": "",
        "finalLink": ""
    },
    {
        "date": "2016-09-30",
        "symbol": "AM",
        "reportedCurrency": "USD",
        "cik": "0001623925",
        "fillingDate": "2016-09-30",
        "acceptedDate": "2016-09-30 00:00:00",
        "calendarYear": "2016",
        "period": "Q3",
        "revenue": 0,
        "costOfRevenue": 0,
        "grossProfit": 0,
        "grossProfitRatio": 0,
        "researchAndDevelopmentExpenses": 0,
        "generalAndAdministrativeExpenses": 205000,
        "sellingAndMarketingExpenses": 0,
        "sellingGeneralAndAdministrativeExpenses": 205000,
        "otherExpenses": 0,
        "operatingExpenses": 205000,
        "costAndExpenses": 205000,
        "interestIncome": 0,
        "interestExpense": 0,
        "depreciationAndAmortization": 0,
        "ebitda": -205000,
        "ebitdaratio": 0,
        "operatingIncome": -205000,
        "operatingIncomeRatio": 0,
        "totalOtherIncomeExpensesNet": 4807000,
        "incomeBeforeTax": 4602000,
        "incomeBeforeTaxRatio": 0,
        "incomeTaxExpense": 1825000,
        "netIncome": 2777000,
        "netIncomeRatio": 0,
        "eps": 0.0149,
        "epsdiluted": 0.0149,
        "weightedAverageShsOut": 186170000,
        "weightedAverageShsOutDil": 186170000,
        "link": "",
        "finalLink": ""
    },
    {
        "date": "2016-06-30",
        "symbol": "AM",
        "reportedCurrency": "USD",
        "cik": "0001623925",
        "fillingDate": "2016-06-30",
        "acceptedDate": "2016-06-29 20:00:00",
        "calendarYear": "2016",
        "period": "Q2",
        "revenue": 0,
        "costOfRevenue": 0,
        "grossProfit": 0,
        "grossProfitRatio": 0,
        "researchAndDevelopmentExpenses": 0,
        "generalAndAdministrativeExpenses": 145000,
        "sellingAndMarketingExpenses": 0,
        "sellingGeneralAndAdministrativeExpenses": 145000,
        "otherExpenses": 0,
        "operatingExpenses": 145000,
        "costAndExpenses": 145000,
        "interestIncome": 0,
        "interestExpense": 0,
        "depreciationAndAmortization": 0,
        "ebitda": -145000,
        "ebitdaratio": 0,
        "operatingIncome": -145000,
        "operatingIncomeRatio": 0,
        "totalOtherIncomeExpensesNet": 2731000,
        "incomeBeforeTax": 2586000,
        "incomeBeforeTaxRatio": 0,
        "incomeTaxExpense": 1036000,
        "netIncome": 1550000,
        "netIncomeRatio": 0,
        "eps": 0.0083,
        "epsdiluted": 0.0083,
        "weightedAverageShsOut": 186170000,
        "weightedAverageShsOutDil": 186170000,
        "link": "",
        "finalLink": ""
    },
    {
        "date": "2016-03-31",
        "symbol": "AM",
        "reportedCurrency": "USD",
        "cik": "0001623925",
        "fillingDate": "2016-03-31",
        "acceptedDate": "2016-03-31 00:00:00",
        "calendarYear": "2016",
        "period": "Q1",
        "revenue": 0,
        "costOfRevenue": 0,
        "grossProfit": 0,
        "grossProfitRatio": 0,
        "researchAndDevelopmentExpenses": 0,
        "generalAndAdministrativeExpenses": 40000,
        "sellingAndMarketingExpenses": 0,
        "sellingGeneralAndAdministrativeExpenses": 40000,
        "otherExpenses": 0,
        "operatingExpenses": 40000,
        "costAndExpenses": 40000,
        "interestIncome": 0,
        "interestExpense": 0,
        "depreciationAndAmortization": 0,
        "ebitda": -40000,
        "ebitdaratio": null,
        "operatingIncome": -40000,
        "operatingIncomeRatio": null,
        "totalOtherIncomeExpensesNet": 1850000,
        "incomeBeforeTax": 1810000,
        "incomeBeforeTaxRatio": null,
        "incomeTaxExpense": 702000,
        "netIncome": 1108000,
        "netIncomeRatio": null,
        "eps": 0.006,
        "epsdiluted": 0.006,
        "weightedAverageShsOut": 186170000,
        "weightedAverageShsOutDil": 186170000,
        "link": "",
        "finalLink": ""
    },
    {
        "date": "2015-12-31",
        "symbol": "AM",
        "reportedCurrency": "USD",
        "cik": "0001623925",
        "fillingDate": "2015-12-31",
        "acceptedDate": "2015-12-30 19:00:00",
        "calendarYear": "2015",
        "period": "Q4",
        "revenue": 969000,
        "costOfRevenue": 0,
        "grossProfit": 969000,
        "grossProfitRatio": 1,
        "researchAndDevelopmentExpenses": 0,
        "generalAndAdministrativeExpenses": 0,
        "sellingAndMarketingExpenses": 0,
        "sellingGeneralAndAdministrativeExpenses": 0,
        "otherExpenses": 0,
        "operatingExpenses": 0,
        "costAndExpenses": 0,
        "interestIncome": 0,
        "interestExpense": 0,
        "depreciationAndAmortization": -969000,
        "ebitda": 0,
        "ebitdaratio": 0,
        "operatingIncome": 969000,
        "operatingIncomeRatio": 1,
        "totalOtherIncomeExpensesNet": 0,
        "incomeBeforeTax": 969000,
        "incomeBeforeTaxRatio": 1,
        "incomeTaxExpense": 368000,
        "netIncome": 601000,
        "netIncomeRatio": 0.6202270382,
        "eps": 0.003,
        "epsdiluted": 0.003,
        "weightedAverageShsOut": 186170000,
        "weightedAverageShsOutDil": 186170000,
        "link": null,
        "finalLink": null
    }
]