[
    {
        "date": "2025-06-30",
        "symbol": "AMG",
        "reportedCurrency": "USD",
        "cik": "0001004434",
        "fillingDate": "2025-08-07",
        "acceptedDate": "2025-08-07 16:11:58",
        "calendarYear": "2025",
        "period": "Q2",
        "revenue": 493200000,
        "costOfRevenue": 263700000,
        "grossProfit": 229500000,
        "grossProfitRatio": 0.4653284672,
        "researchAndDevelopmentExpenses": 0,
        "generalAndAdministrativeExpenses": 0,
        "sellingAndMarketingExpenses": 0,
        "sellingGeneralAndAdministrativeExpenses": 95700000,
        "otherExpenses": 8800000,
        "operatingExpenses": 104500000,
        "costAndExpenses": 368200000,
        "interestIncome": 0,
        "interestExpense": 34500000,
        "depreciationAndAmortization": 8800000,
        "ebitda": 214900000,
        "ebitdaratio": 0.4357258719,
        "operatingIncome": 125000000,
        "operatingIncomeRatio": 0.2534468775,
        "totalOtherIncomeExpensesNet": 46600000,
        "incomeBeforeTax": 171600000,
        "incomeBeforeTaxRatio": 0.3479318735,
        "incomeTaxExpense": 35700000,
        "netIncome": 84300000,
        "netIncomeRatio": 0.1709245742,
        "eps": 2.95,
        "epsdiluted": 2.8,
        "weightedAverageShsOut": 28900000,
        "weightedAverageShsOutDil": 32300000,
        "link": "https://www.sec.gov/Archives/edgar/data/1004434/000100443425000045/0001004434-25-000045-index.htm",
        "finalLink": "https://www.sec.gov/Archives/edgar/data/1004434/000100443425000045/amg-20250630.htm"
    },
    {
        "date": "2025-03-31",
        "symbol": "AMG",
        "reportedCurrency": "USD",
        "cik": "0001004434",
        "fillingDate": "2025-05-08",
        "acceptedDate": "2025-05-08 16:43:53",
        "calendarYear": "2025",
        "period": "Q1",
        "revenue": 496600000,
        "costOfRevenue": 230300000,
        "grossProfit": 266300000,
        "grossProfitRatio": 0.536246476,
        "researchAndDevelopmentExpenses": 0,
        "generalAndAdministrativeExpenses": 0,
        "sellingAndMarketingExpenses": 0,
        "sellingGeneralAndAdministrativeExpenses": 94700000,
        "otherExpenses": 86100000,
        "operatingExpenses": 180800000,
        "costAndExpenses": 411100000,
        "interestIncome": 0,
        "interestExpense": 34100000,
        "depreciationAndAmortization": 86100000,
        "ebitda": 246800000,
        "ebitdaratio": 0.4969794603,
        "operatingIncome": 85500000,
        "operatingIncomeRatio": 0.1721707612,
        "totalOtherIncomeExpensesNet": 41100000,
        "incomeBeforeTax": 126600000,
        "incomeBeforeTaxRatio": 0.2549335481,
        "incomeTaxExpense": 27400000,
        "netIncome": 72400000,
        "netIncomeRatio": 0.1457913814,
        "eps": 2.48,
        "epsdiluted": 2.2,
        "weightedAverageShsOut": 29200000,
        "weightedAverageShsOutDil": 32600000,
        "link": "https://www.sec.gov/Archives/edgar/data/1004434/000100443425000039/0001004434-25-000039-index.htm",
        "finalLink": "https://www.sec.gov/Archives/edgar/data/1004434/000100443425000039/amg-20250331.htm"
    },
    {
        "date": "2024-12-31",
        "symbol": "AMG",
        "reportedCurrency": "USD",
        "cik": "0001004434",
        "fillingDate": "2025-02-14",
        "acceptedDate": "2025-02-14 17:04:42",
        "calendarYear": "2024",
        "period": "Q4",
        "revenue": 524300000,
        "costOfRevenue": 238800000,
        "grossProfit": 285500000,
        "grossProfitRatio": 0.5445355712,
        "researchAndDevelopmentExpenses": 0,
        "generalAndAdministrativeExpenses": 0,
        "sellingAndMarketingExpenses": 0,
        "sellingGeneralAndAdministrativeExpenses": 98400000,
        "otherExpenses": 11200000,
        "operatingExpenses": 109600000,
        "costAndExpenses": 348400000,
        "interestIncome": 0,
        "interestExpense": 35200000,
        "depreciationAndAmortization": 11200000,
        "ebitda": 320100000,
        "ebitdaratio": 0.6105283235,
        "operatingIncome": 175900000,
        "operatingIncomeRatio": 0.3354949456,
        "totalOtherIncomeExpensesNet": 97800000,
        "incomeBeforeTax": 273700000,
        "incomeBeforeTaxRatio": 0.5220293725,
        "incomeTaxExpense": 52600000,
        "netIncome": 162100000,
        "netIncomeRatio": 0.3091741369,
        "eps": 5.39,
        "epsdiluted": 4.92,
        "weightedAverageShsOut": 30100000,
        "weightedAverageShsOutDil": 36000000,
        "link": "https://www.sec.gov/Archives/edgar/data/1004434/000100443425000010/0001004434-25-000010-index.htm",
        "finalLink": "https://www.sec.gov/Archives/edgar/data/1004434/000100443425000010/amg-20241231.htm"
    },
    {
        "date": "2024-09-30",
        "symbol": "AMG",
        "reportedCurrency": "USD",
        "cik": "0001004434",
        "fillingDate": "2024-11-07",
        "acceptedDate": "2024-11-07 16:21:22",
        "calendarYear": "2024",
        "period": "Q3",
        "revenue": 516400000,
        "costOfRevenue": 220800000,
        "grossProfit": 295600000,
        "grossProfitRatio": 0.5724244771,
        "researchAndDevelopmentExpenses": 0,
        "generalAndAdministrativeExpenses": 0,
        "sellingAndMarketingExpenses": 0,
        "sellingGeneralAndAdministrativeExpenses": 97000000,
        "otherExpenses": 10600000,
        "operatingExpenses": 107600000,
        "costAndExpenses": 328400000,
        "interestIncome": 0,
        "interestExpense": 34700000,
        "depreciationAndAmortization": 10600000,
        "ebitda": 262400000,
        "ebitdaratio": 0.5081332301,
        "operatingIncome": 188000000,
        "operatingIncomeRatio": 0.3640588691,
        "totalOtherIncomeExpensesNet": 29100000,
        "incomeBeforeTax": 217100000,
        "incomeBeforeTaxRatio": 0.4204105345,
        "incomeTaxExpense": 31300000,
        "netIncome": 123600000,
        "netIncomeRatio": 0.2393493416,
        "eps": 4.11,
        "epsdiluted": 3.78,
        "weightedAverageShsOut": 30100000,
        "weightedAverageShsOutDil": 35000000,
        "link": "https://www.sec.gov/Archives/edgar/data/1004434/000100443424000049/0001004434-24-000049-index.htm",
        "finalLink": "https://www.sec.gov/Archives/edgar/data/1004434/000100443424000049/amg-20240930.htm"
    },
    {
        "date": "2024-06-30",
        "symbol": "AMG",
        "reportedCurrency": "USD",
        "cik": "0001004434",
        "fillingDate": "2024-08-02",
        "acceptedDate": "2024-08-02 16:29:00",
        "calendarYear": "2024",
        "period": "Q2",
        "revenue": 500300000,
        "costOfRevenue": 215300000,
        "grossProfit": 285000000,
        "grossProfitRatio": 0.5696582051,
        "researchAndDevelopmentExpenses": 0,
        "generalAndAdministrativeExpenses": 0,
        "sellingAndMarketingExpenses": 0,
        "sellingGeneralAndAdministrativeExpenses": 89400000,
        "otherExpenses": 10400000,
        "operatingExpenses": 99800000,
        "costAndExpenses": 315100000,
        "interestIncome": 0,
        "interestExpense": 33500000,
        "depreciationAndAmortization": 10400000,
        "ebitda": 222200000,
        "ebitdaratio": 0.4441335199,
        "operatingIncome": 185200000,
        "operatingIncomeRatio": 0.3701778933,
        "totalOtherIncomeExpensesNet": -6900000,
        "incomeBeforeTax": 178300000,
        "incomeBeforeTaxRatio": 0.3563861683,
        "incomeTaxExpense": 43300000,
        "netIncome": 76000000,
        "netIncomeRatio": 0.1519088547,
        "eps": 2.41,
        "epsdiluted": 2.26,
        "weightedAverageShsOut": 31500000,
        "weightedAverageShsOutDil": 35300000,
        "link": "https://www.sec.gov/Archives/edgar/data/1004434/000100443424000040/0001004434-24-000040-index.htm",
        "finalLink": "https://www.sec.gov/Archives/edgar/data/1004434/000100443424000040/amg-20240630.htm"
    },
    {
        "date": "2024-03-31",
        "symbol": "AMG",
        "reportedCurrency": "USD",
        "cik": "0001004434",
        "fillingDate": "2024-05-07",
        "acceptedDate": "2024-05-07 16:40:44",
        "calendarYear": "2024",
        "period": "Q1",
        "revenue": 499900000,
        "costOfRevenue": 240400000,
        "grossProfit": 259500000,
        "grossProfitRatio": 0.5191038208,
        "researchAndDevelopmentExpenses": 0,
        "generalAndAdministrativeExpenses": 0,
        "sellingAndMarketingExpenses": 0,
        "sellingGeneralAndAdministrativeExpenses": 91700000,
        "otherExpenses": 10300000,
        "operatingExpenses": 102000000,
        "costAndExpenses": 342400000,
        "interestIncome": 0,
        "interestExpense": 29900000,
        "depreciationAndAmortization": 10300000,
        "ebitda": 294300000,
        "ebitdaratio": 0.5887177435,
        "operatingIncome": 157500000,
        "operatingIncomeRatio": 0.3150630126,
        "totalOtherIncomeExpensesNet": 96600000,
        "incomeBeforeTax": 254100000,
        "incomeBeforeTaxRatio": 0.5083016603,
        "incomeTaxExpense": 55400000,
        "netIncome": 149800000,
        "netIncomeRatio": 0.299659932,
        "eps": 4.56,
        "epsdiluted": 4.14,
        "weightedAverageShsOut": 32800000,
        "weightedAverageShsOutDil": 40100000,
        "link": "https://www.sec.gov/Archives/edgar/data/1004434/000100443424000030/0001004434-24-000030-index.htm",
        "finalLink": "https://www.sec.gov/Archives/edgar/data/1004434/000100443424000030/amg-20240331.htm"
    },
    {
        "date": "2023-12-31",
        "symbol": "AMG",
        "reportedCurrency": "USD",
        "cik": "0001004434",
        "fillingDate": "2024-02-16",
        "acceptedDate": "2024-02-16 16:10:20",
        "calendarYear": "2023",
        "period": "Q4",
        "revenue": 502600000,
        "costOfRevenue": 244500000,
        "grossProfit": 258100000,
        "grossProfitRatio": 0.5135296458,
        "researchAndDevelopmentExpenses": 0,
        "generalAndAdministrativeExpenses": 0,
        "sellingAndMarketingExpenses": 0,
        "sellingGeneralAndAdministrativeExpenses": 84800000,
        "otherExpenses": 13800000,
        "operatingExpenses": 98600000,
        "costAndExpenses": 343100000,
        "interestIncome": 0,
        "interestExpense": 31400000,
        "depreciationAndAmortization": 13800000,
        "ebitda": 319300000,
        "ebitdaratio": 0.6352964584,
        "operatingIncome": 159500000,
        "operatingIncomeRatio": 0.3173497811,
        "totalOtherIncomeExpensesNet": 114600000,
        "incomeBeforeTax": 274100000,
        "incomeBeforeTaxRatio": 0.5453641066,
        "incomeTaxExpense": 29900000,
        "netIncome": 196100000,
        "netIncomeRatio": 0.3901711102,
        "eps": 5.83,
        "epsdiluted": 5.15,
        "weightedAverageShsOut": 33700000,
        "weightedAverageShsOutDil": 41300000,
        "link": "https://www.sec.gov/Archives/edgar/data/1004434/000100443424000010/0001004434-24-000010-index.htm",
        "finalLink": "https://www.sec.gov/Archives/edgar/data/1004434/000100443424000010/amg-20231231.htm"
    },
    {
        "date": "2023-09-30",
        "symbol": "AMG",
        "reportedCurrency": "USD",
        "cik": "0001004434",
        "fillingDate": "2023-11-06",
        "acceptedDate": "2023-11-06 16:24:24",
        "calendarYear": "2023",
        "period": "Q3",
        "revenue": 525200000,
        "costOfRevenue": 211800000,
        "grossProfit": 313400000,
        "grossProfitRatio": 0.5967250571,
        "researchAndDevelopmentExpenses": 0,
        "generalAndAdministrativeExpenses": 0,
        "sellingAndMarketingExpenses": 0,
        "sellingGeneralAndAdministrativeExpenses": 91100000,
        "otherExpenses": 222300000,
        "operatingExpenses": 313400000,
        "costAndExpenses": 525200000,
        "interestIncome": 0,
        "interestExpense": 31100000,
        "depreciationAndAmortization": 15500000,
        "ebitda": 410300000,
        "ebitdaratio": 0.7812261995,
        "operatingIncome": 0,
        "operatingIncomeRatio": 0,
        "totalOtherIncomeExpensesNet": 363700000,
        "incomeBeforeTax": 363700000,
        "incomeBeforeTaxRatio": 0.692498096,
        "incomeTaxExpense": 77700000,
        "netIncome": 217000000,
        "netIncomeRatio": 0.413175933,
        "eps": 6.22,
        "epsdiluted": 5.47,
        "weightedAverageShsOut": 34900000,
        "weightedAverageShsOutDil": 43400000,
        "link": "https://www.sec.gov/Archives/edgar/data/1004434/000100443423000034/0001004434-23-000034-index.htm",
        "finalLink": "https://www.sec.gov/Archives/edgar/data/1004434/000100443423000034/amg-20230930.htm"
    },
    {
        "date": "2023-06-30",
        "symbol": "AMG",
        "reportedCurrency": "USD",
        "cik": "0001004434",
        "fillingDate": "2023-08-07",
        "acceptedDate": "2023-08-07 16:07:27",
        "calendarYear": "2023",
        "period": "Q2",
        "revenue": 512500000,
        "costOfRevenue": 228900000,
        "grossProfit": 283600000,
        "grossProfitRatio": 0.5533658537,
        "researchAndDevelopmentExpenses": 0,
        "generalAndAdministrativeExpenses": 0,
        "sellingAndMarketingExpenses": 0,
        "sellingGeneralAndAdministrativeExpenses": 85200000,
        "otherExpenses": 198400000,
        "operatingExpenses": 283600000,
        "costAndExpenses": 512500000,
        "interestIncome": 0,
        "interestExpense": 30900000,
        "depreciationAndAmortization": 15800000,
        "ebitda": 266900000,
        "ebitdaratio": 0.5207804878,
        "operatingIncome": 182600000,
        "operatingIncomeRatio": 0.3562926829,
        "totalOtherIncomeExpensesNet": 37600000,
        "incomeBeforeTax": 220200000,
        "incomeBeforeTaxRatio": 0.4296585366,
        "incomeTaxExpense": 32800000,
        "netIncome": 125300000,
        "netIncomeRatio": 0.2444878049,
        "eps": 3.49,
        "epsdiluted": 3.25,
        "weightedAverageShsOut": 35900000,
        "weightedAverageShsOutDil": 42100000,
        "link": "https://www.sec.gov/Archives/edgar/data/1004434/000100443423000025/0001004434-23-000025-index.htm",
        "finalLink": "https://www.sec.gov/Archives/edgar/data/1004434/000100443423000025/amg-20230630.htm"
    },
    {
        "date": "2023-03-31",
        "symbol": "AMG",
        "reportedCurrency": "USD",
        "cik": "0001004434",
        "fillingDate": "2023-05-08",
        "acceptedDate": "2023-05-08 16:48:59",
        "calendarYear": "2023",
        "period": "Q1",
        "revenue": 517400000,
        "costOfRevenue": 222300000,
        "grossProfit": 295100000,
        "grossProfitRatio": 0.5703517588,
        "researchAndDevelopmentExpenses": 0,
        "generalAndAdministrativeExpenses": 0,
        "sellingAndMarketingExpenses": 0,
        "sellingGeneralAndAdministrativeExpenses": 97100000,
        "otherExpenses": 198000000,
        "operatingExpenses": 295100000,
        "costAndExpenses": 517400000,
        "interestIncome": 0,
        "interestExpense": 30500000,
        "depreciationAndAmortization": 16200000,
        "ebitda": 280200000,
        "ebitdaratio": 0.5415539235,
        "operatingIncome": 181800000,
        "operatingIncomeRatio": 0.3513722458,
        "totalOtherIncomeExpensesNet": 51700000,
        "incomeBeforeTax": 233500000,
        "incomeBeforeTaxRatio": 0.4512949362,
        "incomeTaxExpense": 45000000,
        "netIncome": 134500000,
        "netIncomeRatio": 0.2599536142,
        "eps": 3.75,
        "epsdiluted": 3.47,
        "weightedAverageShsOut": 35900000,
        "weightedAverageShsOutDil": 39900000,
        "link": "https://www.sec.gov/Archives/edgar/data/1004434/000100443423000017/0001004434-23-000017-index.htm",
        "finalLink": "https://www.sec.gov/Archives/edgar/data/1004434/000100443423000017/amg-20230331.htm"
    },
    {
        "date": "2022-12-31",
        "symbol": "AMG",
        "reportedCurrency": "USD",
        "cik": "0001004434",
        "fillingDate": "2023-02-17",
        "acceptedDate": "2023-02-17 17:07:32",
        "calendarYear": "2022",
        "period": "Q4",
        "revenue": 539700000,
        "costOfRevenue": 274500000,
        "grossProfit": 265200000,
        "grossProfitRatio": 0.4913841023,
        "researchAndDevelopmentExpenses": 0,
        "generalAndAdministrativeExpenses": 0,
        "sellingAndMarketingExpenses": 0,
        "sellingGeneralAndAdministrativeExpenses": 109800000,
        "otherExpenses": 155400000,
        "operatingExpenses": 265200000,
        "costAndExpenses": 539700000,
        "interestIncome": 0,
        "interestExpense": 29700000,
        "depreciationAndAmortization": 16100000,
        "ebitda": 1104700000,
        "ebitdaratio": 2.0468778951,
        "operatingIncome": 139300000,
        "operatingIncomeRatio": 0.2581063554,
        "totalOtherIncomeExpensesNet": 919600000,
        "incomeBeforeTax": 1058900000,
        "incomeBeforeTaxRatio": 1.9620159348,
        "incomeTaxExpense": 227800000,
        "netIncome": 777900000,
        "netIncomeRatio": 1.4413563091,
        "eps": 20.75,
        "epsdiluted": 17.4,
        "weightedAverageShsOut": 37500000,
        "weightedAverageShsOutDil": 46000000,
        "link": "https://www.sec.gov/Archives/edgar/data/1004434/000100443423000010/0001004434-23-000010-index.htm",
        "finalLink": "https://www.sec.gov/Archives/edgar/data/1004434/000100443423000010/amg-20221231.htm"
    },
    {
        "date": "2022-09-30",
        "symbol": "AMG",
        "reportedCurrency": "USD",
        "cik": "0001004434",
        "fillingDate": "2022-11-07",
        "acceptedDate": "2022-11-07 16:25:29",
        "calendarYear": "2022",
        "period": "Q3",
        "revenue": 578600000,
        "costOfRevenue": 273800000,
        "grossProfit": 304800000,
        "grossProfitRatio": 0.5267888006,
        "researchAndDevelopmentExpenses": 0,
        "generalAndAdministrativeExpenses": 0,
        "sellingAndMarketingExpenses": 0,
        "sellingGeneralAndAdministrativeExpenses": 93200000,
        "otherExpenses": 211600000,
        "operatingExpenses": 304800000,
        "costAndExpenses": 578600000,
        "interestIncome": 0,
        "interestExpense": 28300000,
        "depreciationAndAmortization": 18200000,
        "ebitda": 247600000,
        "ebitdaratio": 0.427929485,
        "operatingIncome": 193400000,
        "operatingIncomeRatio": 0.3342550985,
        "totalOtherIncomeExpensesNet": 7700000,
        "incomeBeforeTax": 201100000,
        "incomeBeforeTaxRatio": 0.3475630833,
        "incomeTaxExpense": 36800000,
        "netIncome": 112600000,
        "netIncomeRatio": 0.1946076737,
        "eps": 2.95,
        "epsdiluted": 2.8,
        "weightedAverageShsOut": 38200000,
        "weightedAverageShsOutDil": 43500000,
        "link": "https://www.sec.gov/Archives/edgar/data/1004434/000100443422000054/0001004434-22-000054-index.htm",
        "finalLink": "https://www.sec.gov/Archives/edgar/data/1004434/000100443422000054/amg-20220930.htm"
    },
    {
        "date": "2022-06-30",
        "symbol": "AMG",
        "reportedCurrency": "USD",
        "cik": "0001004434",
        "fillingDate": "2022-08-04",
        "acceptedDate": "2022-08-04 16:21:26",
        "calendarYear": "2022",
        "period": "Q2",
        "revenue": 604100000,
        "costOfRevenue": 268200000,
        "grossProfit": 335900000,
        "grossProfitRatio": 0.5560337692,
        "researchAndDevelopmentExpenses": 0,
        "generalAndAdministrativeExpenses": 0,
        "sellingAndMarketingExpenses": 0,
        "sellingGeneralAndAdministrativeExpenses": 93100000,
        "otherExpenses": 242800000,
        "operatingExpenses": 335900000,
        "costAndExpenses": 604100000,
        "interestIncome": 0,
        "interestExpense": 27300000,
        "depreciationAndAmortization": 17100000,
        "ebitda": 256500000,
        "ebitdaratio": 0.4245985764,
        "operatingIncome": 225600000,
        "operatingIncomeRatio": 0.3734481046,
        "totalOtherIncomeExpensesNet": -13600000,
        "incomeBeforeTax": 212000000,
        "incomeBeforeTaxRatio": 0.3509352756,
        "incomeTaxExpense": 38000000,
        "netIncome": 109400000,
        "netIncomeRatio": 0.1810958451,
        "eps": 2.83,
        "epsdiluted": 2.68,
        "weightedAverageShsOut": 38700000,
        "weightedAverageShsOutDil": 44500000,
        "link": "https://www.sec.gov/Archives/edgar/data/1004434/000100443422000039/0001004434-22-000039-index.htm",
        "finalLink": "https://www.sec.gov/Archives/edgar/data/1004434/000100443422000039/amg-20220630.htm"
    },
    {
        "date": "2022-03-31",
        "symbol": "AMG",
        "reportedCurrency": "USD",
        "cik": "0001004434",
        "fillingDate": "2022-05-06",
        "acceptedDate": "2022-05-06 16:22:13",
        "calendarYear": "2022",
        "period": "Q1",
        "revenue": 517400000,
        "costOfRevenue": 222300000,
        "grossProfit": 295100000,
        "grossProfitRatio": 0.5703517588,
        "researchAndDevelopmentExpenses": 0,
        "generalAndAdministrativeExpenses": 0,
        "sellingAndMarketingExpenses": 0,
        "sellingGeneralAndAdministrativeExpenses": 97100000,
        "otherExpenses": 198000000,
        "operatingExpenses": 295100000,
        "costAndExpenses": 517400000,
        "interestIncome": 0,
        "interestExpense": 30500000,
        "depreciationAndAmortization": 16000000,
        "ebitda": 280200000,
        "ebitdaratio": 0.5415539235,
        "operatingIncome": 181800000,
        "operatingIncomeRatio": 0.3513722458,
        "totalOtherIncomeExpensesNet": 51700000,
        "incomeBeforeTax": 233500000,
        "incomeBeforeTaxRatio": 0.4512949362,
        "incomeTaxExpense": 45000000,
        "netIncome": 134500000,
        "netIncomeRatio": 0.2599536142,
        "eps": 3.68,
        "epsdiluted": 3.44,
        "weightedAverageShsOut": 39700000,
        "weightedAverageShsOutDil": 46900000,
        "link": "https://www.sec.gov/Archives/edgar/data/1004434/000100443422000028/0001004434-22-000028-index.htm",
        "finalLink": "https://www.sec.gov/Archives/edgar/data/1004434/000100443422000028/amg-20220331.htm"
    },
    {
        "date": "2021-12-31",
        "symbol": "AMG",
        "reportedCurrency": "USD",
        "cik": "0001004434",
        "fillingDate": "2022-02-18",
        "acceptedDate": "2022-02-18 16:23:06",
        "calendarYear": "2021",
        "period": "Q4",
        "revenue": 691800000,
        "costOfRevenue": 295000000,
        "grossProfit": 396800000,
        "grossProfitRatio": 0.5735761781,
        "researchAndDevelopmentExpenses": 0,
        "generalAndAdministrativeExpenses": 0,
        "sellingAndMarketingExpenses": 0,
        "sellingGeneralAndAdministrativeExpenses": 96800000,
        "otherExpenses": 300100000,
        "operatingExpenses": 396900000,
        "costAndExpenses": 691800000,
        "interestIncome": 0,
        "interestExpense": 28600000,
        "depreciationAndAmortization": 14500000,
        "ebitda": 411100000,
        "ebitdaratio": 0.5942468922,
        "operatingIncome": 285600000,
        "operatingIncomeRatio": 0.4128360798,
        "totalOtherIncomeExpensesNet": 82400000,
        "incomeBeforeTax": 368000000,
        "incomeBeforeTaxRatio": 0.531945649,
        "incomeTaxExpense": 84600000,
        "netIncome": 178400000,
        "netIncomeRatio": 0.2578779994,
        "eps": 4.4,
        "epsdiluted": 4.17,
        "weightedAverageShsOut": 40600000,
        "weightedAverageShsOutDil": 43900000,
        "link": "https://www.sec.gov/Archives/edgar/data/1004434/000100443422000017/0001004434-22-000017-index.htm",
        "finalLink": "https://www.sec.gov/Archives/edgar/data/1004434/000100443422000017/amg-20211231.htm"
    },
    {
        "date": "2021-09-30",
        "symbol": "AMG",
        "reportedCurrency": "USD",
        "cik": "0001004434",
        "fillingDate": "2021-11-05",
        "acceptedDate": "2021-11-05 16:22:57",
        "calendarYear": "2021",
        "period": "Q3",
        "revenue": 575200000,
        "costOfRevenue": 256400000,
        "grossProfit": 318800000,
        "grossProfitRatio": 0.5542420028,
        "researchAndDevelopmentExpenses": 0,
        "generalAndAdministrativeExpenses": 0,
        "sellingAndMarketingExpenses": 0,
        "sellingGeneralAndAdministrativeExpenses": 82900000,
        "otherExpenses": 235900000,
        "operatingExpenses": 318800000,
        "costAndExpenses": 575200000,
        "interestIncome": 0,
        "interestExpense": 28500000,
        "depreciationAndAmortization": 13000000,
        "ebitda": 294800000,
        "ebitdaratio": 0.5125173853,
        "operatingIncome": 223000000,
        "operatingIncomeRatio": 0.3876912378,
        "totalOtherIncomeExpensesNet": 30300000,
        "incomeBeforeTax": 253300000,
        "incomeBeforeTaxRatio": 0.4403685675,
        "incomeTaxExpense": 44900000,
        "netIncome": 128400000,
        "netIncomeRatio": 0.2232267038,
        "eps": 3.12,
        "epsdiluted": 3,
        "weightedAverageShsOut": 41100000,
        "weightedAverageShsOutDil": 44300000,
        "link": "https://www.sec.gov/Archives/edgar/data/1004434/000100443421000041/0001004434-21-000041-index.htm",
        "finalLink": "https://www.sec.gov/Archives/edgar/data/1004434/000100443421000041/amg-20210930.htm"
    },
    {
        "date": "2021-06-30",
        "symbol": "AMG",
        "reportedCurrency": "USD",
        "cik": "0001004434",
        "fillingDate": "2021-08-05",
        "acceptedDate": "2021-08-05 16:24:48",
        "calendarYear": "2021",
        "period": "Q2",
        "revenue": 586300000,
        "costOfRevenue": 248900000,
        "grossProfit": 337400000,
        "grossProfitRatio": 0.5754733072,
        "researchAndDevelopmentExpenses": 0,
        "generalAndAdministrativeExpenses": 0,
        "sellingAndMarketingExpenses": 0,
        "sellingGeneralAndAdministrativeExpenses": 88600000,
        "otherExpenses": 248800000,
        "operatingExpenses": 337400000,
        "costAndExpenses": 586300000,
        "interestIncome": 0,
        "interestExpense": 26800000,
        "depreciationAndAmortization": 13000000,
        "ebitda": 294900000,
        "ebitdaratio": 0.5029848201,
        "operatingIncome": 235800000,
        "operatingIncomeRatio": 0.4021831827,
        "totalOtherIncomeExpensesNet": 19300000,
        "incomeBeforeTax": 255100000,
        "incomeBeforeTaxRatio": 0.4351014839,
        "incomeTaxExpense": 70900000,
        "netIncome": 109000000,
        "netIncomeRatio": 0.1859116493,
        "eps": 2.62,
        "epsdiluted": 2.55,
        "weightedAverageShsOut": 41600000,
        "weightedAverageShsOutDil": 44600000,
        "link": "https://www.sec.gov/Archives/edgar/data/1004434/000100443421000032/0001004434-21-000032-index.htm",
        "finalLink": "https://www.sec.gov/Archives/edgar/data/1004434/000100443421000032/amg-20210630.htm"
    },
    {
        "date": "2021-03-31",
        "symbol": "AMG",
        "reportedCurrency": "USD",
        "cik": "0001004434",
        "fillingDate": "2021-05-07",
        "acceptedDate": "2021-05-07 16:26:45",
        "calendarYear": "2021",
        "period": "Q1",
        "revenue": 559100000,
        "costOfRevenue": 246900000,
        "grossProfit": 312200000,
        "grossProfitRatio": 0.5583974244,
        "researchAndDevelopmentExpenses": 0,
        "generalAndAdministrativeExpenses": 0,
        "sellingAndMarketingExpenses": 0,
        "sellingGeneralAndAdministrativeExpenses": 78800000,
        "otherExpenses": 233400000,
        "operatingExpenses": 312200000,
        "costAndExpenses": 559100000,
        "interestIncome": 0,
        "interestExpense": 27500000,
        "depreciationAndAmortization": 11800000,
        "ebitda": 303900000,
        "ebitdaratio": 0.5435521374,
        "operatingIncome": 221600000,
        "operatingIncomeRatio": 0.3963512788,
        "totalOtherIncomeExpensesNet": 43000000,
        "incomeBeforeTax": 264600000,
        "incomeBeforeTaxRatio": 0.4732605974,
        "incomeTaxExpense": 50500000,
        "netIncome": 149900000,
        "netIncomeRatio": 0.2681094616,
        "eps": 3.52,
        "epsdiluted": 3.41,
        "weightedAverageShsOut": 42600000,
        "weightedAverageShsOutDil": 45400000,
        "link": "https://www.sec.gov/Archives/edgar/data/1004434/000100443421000023/0001004434-21-000023-index.htm",
        "finalLink": "https://www.sec.gov/Archives/edgar/data/1004434/000100443421000023/amg-20210331.htm"
    },
    {
        "date": "2020-12-31",
        "symbol": "AMG",
        "reportedCurrency": "USD",
        "cik": "0001004434",
        "fillingDate": "2021-02-19",
        "acceptedDate": "2021-02-19 16:35:22",
        "calendarYear": "2020",
        "period": "Q4",
        "revenue": 554300000,
        "costOfRevenue": 246800000,
        "grossProfit": 307500000,
        "grossProfitRatio": 0.5547537435,
        "researchAndDevelopmentExpenses": 0,
        "generalAndAdministrativeExpenses": 0,
        "sellingAndMarketingExpenses": 0,
        "sellingGeneralAndAdministrativeExpenses": 83500000,
        "otherExpenses": 224000000,
        "operatingExpenses": 307500000,
        "costAndExpenses": 554300000,
        "interestIncome": 0,
        "interestExpense": 26700000,
        "depreciationAndAmortization": 11500000,
        "ebitda": 272400000,
        "ebitdaratio": 0.4914306332,
        "operatingIncome": 194300000,
        "operatingIncomeRatio": 0.3505322028,
        "totalOtherIncomeExpensesNet": 39900000,
        "incomeBeforeTax": 234200000,
        "incomeBeforeTaxRatio": 0.4225148836,
        "incomeTaxExpense": 38400000,
        "netIncome": 115900000,
        "netIncomeRatio": 0.2090925492,
        "eps": 2.72,
        "epsdiluted": 2.55,
        "weightedAverageShsOut": 47500000,
        "weightedAverageShsOutDil": 47500000,
        "link": "https://www.sec.gov/Archives/edgar/data/1004434/000100443421000014/0001004434-21-000014-index.htm",
        "finalLink": "https://www.sec.gov/Archives/edgar/data/1004434/000100443421000014/amg-20201231.htm"
    },
    {
        "date": "2020-09-30",
        "symbol": "AMG",
        "reportedCurrency": "USD",
        "cik": "0001004434",
        "fillingDate": "2020-10-30",
        "acceptedDate": "2020-10-30 16:28:48",
        "calendarYear": "2020",
        "period": "Q3",
        "revenue": 494800000,
        "costOfRevenue": 212500000,
        "grossProfit": 282300000,
        "grossProfitRatio": 0.5705335489,
        "researchAndDevelopmentExpenses": 0,
        "generalAndAdministrativeExpenses": 0,
        "sellingAndMarketingExpenses": 0,
        "sellingGeneralAndAdministrativeExpenses": 74100000,
        "otherExpenses": 208200000,
        "operatingExpenses": 282300000,
        "costAndExpenses": 494800000,
        "interestIncome": 0,
        "interestExpense": 23800000,
        "depreciationAndAmortization": 36500000,
        "ebitda": 225600000,
        "ebitdaratio": 0.4559417947,
        "operatingIncome": 171700000,
        "operatingIncomeRatio": 0.3470088925,
        "totalOtherIncomeExpensesNet": -6400000,
        "incomeBeforeTax": 165300000,
        "incomeBeforeTaxRatio": 0.3340743735,
        "incomeTaxExpense": 37500000,
        "netIncome": 71300000,
        "netIncomeRatio": 0.1440986257,
        "eps": 1.54,
        "epsdiluted": 1.53,
        "weightedAverageShsOut": 46300000,
        "weightedAverageShsOutDil": 46500000,
        "link": "https://www.sec.gov/Archives/edgar/data/1004434/000100443420000038/0001004434-20-000038-index.htm",
        "finalLink": "https://www.sec.gov/Archives/edgar/data/1004434/000100443420000038/amg-20200930.htm"
    },
    {
        "date": "2020-06-30",
        "symbol": "AMG",
        "reportedCurrency": "USD",
        "cik": "0001004434",
        "fillingDate": "2020-07-31",
        "acceptedDate": "2020-07-31 16:27:13",
        "calendarYear": "2020",
        "period": "Q2",
        "revenue": 471100000,
        "costOfRevenue": 216500000,
        "grossProfit": 254600000,
        "grossProfitRatio": 0.5404372745,
        "researchAndDevelopmentExpenses": 0,
        "generalAndAdministrativeExpenses": 73600000,
        "sellingAndMarketingExpenses": 0,
        "sellingGeneralAndAdministrativeExpenses": 73600000,
        "otherExpenses": 181000000,
        "operatingExpenses": 254600000,
        "costAndExpenses": 471100000,
        "interestIncome": 0,
        "interestExpense": 22300000,
        "depreciationAndAmortization": 85900000,
        "ebitda": 175000000,
        "ebitdaratio": 0.3714710253,
        "operatingIncome": 83800000,
        "operatingIncomeRatio": 0.1778815538,
        "totalOtherIncomeExpensesNet": -17000000,
        "incomeBeforeTax": 66800000,
        "incomeBeforeTaxRatio": 0.1417957971,
        "incomeTaxExpense": 3300000,
        "netIncome": 30700000,
        "netIncomeRatio": 0.0651666313,
        "eps": 0.65,
        "epsdiluted": 0.65,
        "weightedAverageShsOut": 47200000,
        "weightedAverageShsOutDil": 47300000,
        "link": "https://www.sec.gov/Archives/edgar/data/1004434/000100443420000029/0001004434-20-000029-index.htm",
        "finalLink": "https://www.sec.gov/Archives/edgar/data/1004434/000100443420000029/amg0630202010q.htm"
    },
    {
        "date": "2020-03-31",
        "symbol": "AMG",
        "reportedCurrency": "USD",
        "cik": "0001004434",
        "fillingDate": "2020-05-04",
        "acceptedDate": "2020-05-04 16:24:45",
        "calendarYear": "2020",
        "period": "Q1",
        "revenue": 507300000,
        "costOfRevenue": 207800000,
        "grossProfit": 299500000,
        "grossProfitRatio": 0.5903804455,
        "researchAndDevelopmentExpenses": 0,
        "generalAndAdministrativeExpenses": 90300000,
        "sellingAndMarketingExpenses": 0,
        "sellingGeneralAndAdministrativeExpenses": 90300000,
        "otherExpenses": 209200000,
        "operatingExpenses": 299500000,
        "costAndExpenses": 507300000,
        "interestIncome": 0,
        "interestExpense": 19500000,
        "depreciationAndAmortization": 25700000,
        "ebitda": 87400000,
        "ebitdaratio": 0.1722846442,
        "operatingIncome": 183500000,
        "operatingIncomeRatio": 0.361718904,
        "totalOtherIncomeExpensesNet": -141300000,
        "incomeBeforeTax": 42200000,
        "incomeBeforeTaxRatio": 0.0831854918,
        "incomeTaxExpense": 2200000,
        "netIncome": -15600000,
        "netIncomeRatio": -0.0307510349,
        "eps": -0.33,
        "epsdiluted": -0.33,
        "weightedAverageShsOut": 47800000,
        "weightedAverageShsOutDil": 47800000,
        "link": "https://www.sec.gov/Archives/edgar/data/1004434/000100443420000019/0001004434-20-000019-index.htm",
        "finalLink": "https://www.sec.gov/Archives/edgar/data/1004434/000100443420000019/amg0331202010q.htm"
    },
    {
        "date": "2019-12-31",
        "symbol": "AMG",
        "reportedCurrency": "USD",
        "cik": "0001004434",
        "fillingDate": "2020-02-28",
        "acceptedDate": "2020-02-28 16:14:23",
        "calendarYear": "2019",
        "period": "Q4",
        "revenue": 555600000,
        "costOfRevenue": 234800000,
        "grossProfit": 320800000,
        "grossProfitRatio": 0.5773938085,
        "researchAndDevelopmentExpenses": 0,
        "generalAndAdministrativeExpenses": 93500000,
        "sellingAndMarketingExpenses": 0,
        "sellingGeneralAndAdministrativeExpenses": 93500000,
        "otherExpenses": 227300000,
        "operatingExpenses": 320800000,
        "costAndExpenses": 555600000,
        "interestIncome": 0,
        "interestExpense": 18800000,
        "depreciationAndAmortization": 77100000,
        "ebitda": 190200000,
        "ebitdaratio": 0.3423326134,
        "operatingIncome": 129400000,
        "operatingIncomeRatio": 0.2329013679,
        "totalOtherIncomeExpensesNet": -35100000,
        "incomeBeforeTax": 94300000,
        "incomeBeforeTaxRatio": 0.1697264219,
        "incomeTaxExpense": -1500000,
        "netIncome": 22500000,
        "netIncomeRatio": 0.0404967603,
        "eps": 0.46,
        "epsdiluted": 0.46,
        "weightedAverageShsOut": 48900000,
        "weightedAverageShsOutDil": 49100000,
        "link": "https://www.sec.gov/Archives/edgar/data/1004434/000100443420000011/0001004434-20-000011-index.htm",
        "finalLink": "https://www.sec.gov/Archives/edgar/data/1004434/000100443420000011/amg10-k12312019.htm"
    },
    {
        "date": "2019-09-30",
        "symbol": "AMG",
        "reportedCurrency": "USD",
        "cik": "0001004434",
        "fillingDate": "2019-11-01",
        "acceptedDate": "2019-11-01 16:30:52",
        "calendarYear": "2019",
        "period": "Q3",
        "revenue": 549000000,
        "costOfRevenue": 222000000,
        "grossProfit": 327000000,
        "grossProfitRatio": 0.5956284153,
        "researchAndDevelopmentExpenses": 0,
        "generalAndAdministrativeExpenses": 91500000,
        "sellingAndMarketingExpenses": 0,
        "sellingGeneralAndAdministrativeExpenses": 91500000,
        "otherExpenses": 235500000,
        "operatingExpenses": 327000000,
        "costAndExpenses": 549000000,
        "interestIncome": 0,
        "interestExpense": 19500000,
        "depreciationAndAmortization": 27200000,
        "ebitda": 239400000,
        "ebitdaratio": 0.4360655738,
        "operatingIncome": 195100000,
        "operatingIncomeRatio": 0.3553734062,
        "totalOtherIncomeExpensesNet": -2500000,
        "incomeBeforeTax": 192600000,
        "incomeBeforeTaxRatio": 0.3508196721,
        "incomeTaxExpense": 30500000,
        "netIncome": 86300000,
        "netIncomeRatio": 0.1571948998,
        "eps": 1.71,
        "epsdiluted": 1.71,
        "weightedAverageShsOut": 50400000,
        "weightedAverageShsOutDil": 50400000,
        "link": "https://www.sec.gov/Archives/edgar/data/1004434/000100443419000044/0001004434-19-000044-index.htm",
        "finalLink": "https://www.sec.gov/Archives/edgar/data/1004434/000100443419000044/amg0930201910q.htm"
    },
    {
        "date": "2019-06-30",
        "symbol": "AMG",
        "reportedCurrency": "USD",
        "cik": "0001004434",
        "fillingDate": "2019-08-01",
        "acceptedDate": "2019-08-01 16:21:28",
        "calendarYear": "2019",
        "period": "Q2",
        "revenue": 591900000,
        "costOfRevenue": 258000000,
        "grossProfit": 333900000,
        "grossProfitRatio": 0.5641155601,
        "researchAndDevelopmentExpenses": 0,
        "generalAndAdministrativeExpenses": 96200000,
        "sellingAndMarketingExpenses": 0,
        "sellingGeneralAndAdministrativeExpenses": 96200000,
        "otherExpenses": 237700000,
        "operatingExpenses": 333900000,
        "costAndExpenses": 591900000,
        "interestIncome": 0,
        "interestExpense": 19700000,
        "depreciationAndAmortization": 26700000,
        "ebitda": 262300000,
        "ebitdaratio": 0.4431491806,
        "operatingIncome": 199000000,
        "operatingIncomeRatio": 0.3362054401,
        "totalOtherIncomeExpensesNet": 16900000,
        "incomeBeforeTax": 215900000,
        "incomeBeforeTaxRatio": 0.3647575604,
        "incomeTaxExpense": 35700000,
        "netIncome": 107700000,
        "netIncomeRatio": 0.1819564116,
        "eps": 2.11,
        "epsdiluted": 2.11,
        "weightedAverageShsOut": 51000000,
        "weightedAverageShsOutDil": 51000000,
        "link": "https://www.sec.gov/Archives/edgar/data/1004434/000100443419000034/0001004434-19-000034-index.htm",
        "finalLink": "https://www.sec.gov/Archives/edgar/data/1004434/000100443419000034/amg0630201910q.htm"
    },
    {
        "date": "2019-03-31",
        "symbol": "AMG",
        "reportedCurrency": "USD",
        "cik": "0001004434",
        "fillingDate": "2019-05-09",
        "acceptedDate": "2019-05-09 16:39:30",
        "calendarYear": "2019",
        "period": "Q1",
        "revenue": 543100000,
        "costOfRevenue": 228200000,
        "grossProfit": 314900000,
        "grossProfitRatio": 0.5798195544,
        "researchAndDevelopmentExpenses": 0,
        "generalAndAdministrativeExpenses": 95600000,
        "sellingAndMarketingExpenses": 0,
        "sellingGeneralAndAdministrativeExpenses": 95600000,
        "otherExpenses": 219300000,
        "operatingExpenses": 314900000,
        "costAndExpenses": 543100000,
        "interestIncome": 0,
        "interestExpense": 18200000,
        "depreciationAndAmortization": 34800000,
        "ebitda": -141800000,
        "ebitdaratio": -0.2610937212,
        "operatingIncome": 173500000,
        "operatingIncomeRatio": 0.3194623458,
        "totalOtherIncomeExpensesNet": -368300000,
        "incomeBeforeTax": -194800000,
        "incomeBeforeTaxRatio": -0.3586816424,
        "incomeTaxExpense": -61800000,
        "netIncome": -200800000,
        "netIncomeRatio": -0.3697293316,
        "eps": -3.87,
        "epsdiluted": -3.87,
        "weightedAverageShsOut": 51900000,
        "weightedAverageShsOutDil": 51900000,
        "link": "https://www.sec.gov/Archives/edgar/data/1004434/000100443419000022/0001004434-19-000022-index.htm",
        "finalLink": "https://www.sec.gov/Archives/edgar/data/1004434/000100443419000022/amg_03312019x10q.htm"
    },
    {
        "date": "2018-12-31",
        "symbol": "AMG",
        "reportedCurrency": "USD",
        "cik": "0001004434",
        "fillingDate": "2019-02-22",
        "acceptedDate": "2019-02-22 16:21:24",
        "calendarYear": "2018",
        "period": "Q4",
        "revenue": 567300000,
        "costOfRevenue": 225900000,
        "grossProfit": 341400000,
        "grossProfitRatio": 0.6017979905,
        "researchAndDevelopmentExpenses": 0,
        "generalAndAdministrativeExpenses": 103300000,
        "sellingAndMarketingExpenses": 0,
        "sellingGeneralAndAdministrativeExpenses": 103300000,
        "otherExpenses": 235300000,
        "operatingExpenses": 338600000,
        "costAndExpenses": 564500000,
        "interestIncome": 0,
        "interestExpense": 18000000,
        "depreciationAndAmortization": 43800000,
        "ebitda": -1800000,
        "ebitdaratio": -0.0031729244,
        "operatingIncome": 155200000,
        "operatingIncomeRatio": 0.2735765909,
        "totalOtherIncomeExpensesNet": -218800000,
        "incomeBeforeTax": -63600000,
        "incomeBeforeTaxRatio": -0.1121099947,
        "incomeTaxExpense": 35200000,
        "netIncome": -151300000,
        "netIncomeRatio": -0.2667019214,
        "eps": -2.88,
        "epsdiluted": -2.88,
        "weightedAverageShsOut": 52500000,
        "weightedAverageShsOutDil": 52500000,
        "link": "https://www.sec.gov/Archives/edgar/data/1004434/000100443419000008/0001004434-19-000008-index.htm",
        "finalLink": "https://www.sec.gov/Archives/edgar/data/1004434/000100443419000008/amg_10-kx12312018.htm"
    },
    {
        "date": "2018-09-30",
        "symbol": "AMG",
        "reportedCurrency": "USD",
        "cik": "0001004434",
        "fillingDate": "2018-11-01",
        "acceptedDate": "2018-11-01 16:50:03",
        "calendarYear": "2018",
        "period": "Q3",
        "revenue": 601300000,
        "costOfRevenue": 253600000,
        "grossProfit": 347700000,
        "grossProfitRatio": 0.5782471312,
        "researchAndDevelopmentExpenses": 0,
        "generalAndAdministrativeExpenses": 102800000,
        "sellingAndMarketingExpenses": 0,
        "sellingGeneralAndAdministrativeExpenses": 102800000,
        "otherExpenses": 244900000,
        "operatingExpenses": 347700000,
        "costAndExpenses": 601300000,
        "interestIncome": 0,
        "interestExpense": 19600000,
        "depreciationAndAmortization": 35400000,
        "ebitda": 305400000,
        "ebitdaratio": 0.507899551,
        "operatingIncome": 199300000,
        "operatingIncomeRatio": 0.3314485282,
        "totalOtherIncomeExpensesNet": 51100000,
        "incomeBeforeTax": 250400000,
        "incomeBeforeTaxRatio": 0.416431066,
        "incomeTaxExpense": 48500000,
        "netIncome": 124900000,
        "netIncomeRatio": 0.207716614,
        "eps": 2.35,
        "epsdiluted": 2.34,
        "weightedAverageShsOut": 53100000,
        "weightedAverageShsOutDil": 55400000,
        "link": "https://www.sec.gov/Archives/edgar/data/1004434/000100443418000024/0001004434-18-000024-index.htm",
        "finalLink": "https://www.sec.gov/Archives/edgar/data/1004434/000100443418000024/amg_09302018x10q.htm"
    },
    {
        "date": "2018-06-30",
        "symbol": "AMG",
        "reportedCurrency": "USD",
        "cik": "0001004434",
        "fillingDate": "2018-08-02",
        "acceptedDate": "2018-08-02 16:21:11",
        "calendarYear": "2018",
        "period": "Q2",
        "revenue": 600100000,
        "costOfRevenue": 241000000,
        "grossProfit": 359100000,
        "grossProfitRatio": 0.5984002666,
        "researchAndDevelopmentExpenses": 0,
        "generalAndAdministrativeExpenses": 105200000,
        "sellingAndMarketingExpenses": 0,
        "sellingGeneralAndAdministrativeExpenses": 105200000,
        "otherExpenses": 253900000,
        "operatingExpenses": 359100000,
        "costAndExpenses": 600100000,
        "interestIncome": 0,
        "interestExpense": 21400000,
        "depreciationAndAmortization": 28900000,
        "ebitda": 289600000,
        "ebitdaratio": 0.4825862356,
        "operatingIncome": 213900000,
        "operatingIncomeRatio": 0.3564405932,
        "totalOtherIncomeExpensesNet": 25400000,
        "incomeBeforeTax": 239300000,
        "incomeBeforeTaxRatio": 0.3987668722,
        "incomeTaxExpense": 34100000,
        "netIncome": 117000000,
        "netIncomeRatio": 0.1949675054,
        "eps": 2.17,
        "epsdiluted": 2.16,
        "weightedAverageShsOut": 54000000,
        "weightedAverageShsOutDil": 54200000,
        "link": "https://www.sec.gov/Archives/edgar/data/1004434/000100443418000016/0001004434-18-000016-index.htm",
        "finalLink": "https://www.sec.gov/Archives/edgar/data/1004434/000100443418000016/amg_06302018x10q.htm"
    },
    {
        "date": "2018-03-31",
        "symbol": "AMG",
        "reportedCurrency": "USD",
        "cik": "0001004434",
        "fillingDate": "2018-05-04",
        "acceptedDate": "2018-05-04 16:18:23",
        "calendarYear": "2018",
        "period": "Q1",
        "revenue": 612400000,
        "costOfRevenue": 266700000,
        "grossProfit": 345700000,
        "grossProfitRatio": 0.5645003266,
        "researchAndDevelopmentExpenses": 0,
        "generalAndAdministrativeExpenses": 106400000,
        "sellingAndMarketingExpenses": 0,
        "sellingGeneralAndAdministrativeExpenses": 106400000,
        "otherExpenses": 239300000,
        "operatingExpenses": 345700000,
        "costAndExpenses": 612400000,
        "interestIncome": 0,
        "interestExpense": 21600000,
        "depreciationAndAmortization": 28700000,
        "ebitda": 337800000,
        "ebitdaratio": 0.5516002613,
        "operatingIncome": 198600000,
        "operatingIncomeRatio": 0.3242978445,
        "totalOtherIncomeExpensesNet": 88900000,
        "incomeBeforeTax": 287500000,
        "incomeBeforeTaxRatio": 0.4694644024,
        "incomeTaxExpense": 63500000,
        "netIncome": 153000000,
        "netIncomeRatio": 0.249836708,
        "eps": 2.8,
        "epsdiluted": 2.77,
        "weightedAverageShsOut": 54600000,
        "weightedAverageShsOutDil": 57000000,
        "link": "https://www.sec.gov/Archives/edgar/data/1004434/000100443418000013/0001004434-18-000013-index.htm",
        "finalLink": "https://www.sec.gov/Archives/edgar/data/1004434/000100443418000013/amg_03312018x10q.htm"
    },
    {
        "date": "2017-12-31",
        "symbol": "AMG",
        "reportedCurrency": "USD",
        "cik": "0001004434",
        "fillingDate": "2018-03-29",
        "acceptedDate": "2018-03-29 16:42:29",
        "calendarYear": "2017",
        "period": "Q4",
        "revenue": 604100000,
        "costOfRevenue": 256100000,
        "grossProfit": 348000000,
        "grossProfitRatio": 0.5760635656,
        "researchAndDevelopmentExpenses": 0,
        "generalAndAdministrativeExpenses": 103500000,
        "sellingAndMarketingExpenses": -100000,
        "sellingGeneralAndAdministrativeExpenses": 103400000,
        "otherExpenses": -35400000,
        "operatingExpenses": 68000000,
        "costAndExpenses": 324100000,
        "interestIncome": 0,
        "interestExpense": 31300000,
        "depreciationAndAmortization": 26700000,
        "ebitda": 322000000,
        "ebitdaratio": 0.5330243337,
        "operatingIncome": 280000000,
        "operatingIncomeRatio": 0.4634994206,
        "totalOtherIncomeExpensesNet": -16000000,
        "incomeBeforeTax": 264000000,
        "incomeBeforeTaxRatio": 0.4370137394,
        "incomeTaxExpense": -129800000,
        "netIncome": 315300000,
        "netIncomeRatio": 0.5219334547,
        "eps": 5.69,
        "epsdiluted": 5.5,
        "weightedAverageShsOut": 55400000,
        "weightedAverageShsOutDil": 58000000,
        "link": "https://www.sec.gov/Archives/edgar/data/1004434/000100443418000009/0001004434-18-000009-index.htm",
        "finalLink": "https://www.sec.gov/Archives/edgar/data/1004434/000100443418000009/a10-kaxpart1aqr2017.htm"
    },
    {
        "date": "2017-09-30",
        "symbol": "AMG",
        "reportedCurrency": "USD",
        "cik": "0001004434",
        "fillingDate": "2017-11-02",
        "acceptedDate": "2017-11-02 16:52:58",
        "calendarYear": "2017",
        "period": "Q3",
        "revenue": 585700000,
        "costOfRevenue": 238700000,
        "grossProfit": 347000000,
        "grossProfitRatio": 0.5924534745,
        "researchAndDevelopmentExpenses": 0,
        "generalAndAdministrativeExpenses": 91900000,
        "sellingAndMarketingExpenses": 0,
        "sellingGeneralAndAdministrativeExpenses": 91900000,
        "otherExpenses": -34400000,
        "operatingExpenses": 57500000,
        "costAndExpenses": 296200000,
        "interestIncome": 0,
        "interestExpense": 22100000,
        "depreciationAndAmortization": 26000000,
        "ebitda": 331000000,
        "ebitdaratio": 0.565135735,
        "operatingIncome": 289500000,
        "operatingIncomeRatio": 0.4942803483,
        "totalOtherIncomeExpensesNet": -6600000,
        "incomeBeforeTax": 282900000,
        "incomeBeforeTaxRatio": 0.4830117808,
        "incomeTaxExpense": 66100000,
        "netIncome": 125400000,
        "netIncomeRatio": 0.214102783,
        "eps": 2.25,
        "epsdiluted": 2.22,
        "weightedAverageShsOut": 55800000,
        "weightedAverageShsOutDil": 58300000,
        "link": "https://www.sec.gov/Archives/edgar/data/1004434/000100443417000024/0001004434-17-000024-index.htm",
        "finalLink": "https://www.sec.gov/Archives/edgar/data/1004434/000100443417000024/amg_09302017x10q.htm"
    },
    {
        "date": "2017-06-30",
        "symbol": "AMG",
        "reportedCurrency": "USD",
        "cik": "0001004434",
        "fillingDate": "2017-08-03",
        "acceptedDate": "2017-08-03 16:33:55",
        "calendarYear": "2017",
        "period": "Q2",
        "revenue": 570900000,
        "costOfRevenue": 242200000,
        "grossProfit": 328700000,
        "grossProfitRatio": 0.5757575758,
        "researchAndDevelopmentExpenses": 0,
        "generalAndAdministrativeExpenses": 89100000,
        "sellingAndMarketingExpenses": 0,
        "sellingGeneralAndAdministrativeExpenses": 89100000,
        "otherExpenses": -36300000,
        "operatingExpenses": 52800000,
        "costAndExpenses": 295000000,
        "interestIncome": 0,
        "interestExpense": 23100000,
        "depreciationAndAmortization": 26900000,
        "ebitda": 316900000,
        "ebitdaratio": 0.5550884568,
        "operatingIncome": 275900000,
        "operatingIncomeRatio": 0.4832720266,
        "totalOtherIncomeExpensesNet": -9000000,
        "incomeBeforeTax": 266900000,
        "incomeBeforeTaxRatio": 0.4675074444,
        "incomeTaxExpense": 62500000,
        "netIncome": 126300000,
        "netIncomeRatio": 0.2212296374,
        "eps": 2.24,
        "epsdiluted": 2.22,
        "weightedAverageShsOut": 56300000,
        "weightedAverageShsOutDil": 58700000,
        "link": "https://www.sec.gov/Archives/edgar/data/1004434/000100443417000019/0001004434-17-000019-index.htm",
        "finalLink": "https://www.sec.gov/Archives/edgar/data/1004434/000100443417000019/amg_06302017x10q.htm"
    },
    {
        "date": "2017-03-31",
        "symbol": "AMG",
        "reportedCurrency": "USD",
        "cik": "0001004434",
        "fillingDate": "2017-05-05",
        "acceptedDate": "2017-05-05 16:18:40",
        "calendarYear": "2017",
        "period": "Q1",
        "revenue": 544300000,
        "costOfRevenue": 242000000,
        "grossProfit": 302300000,
        "grossProfitRatio": 0.5553922469,
        "researchAndDevelopmentExpenses": 0,
        "generalAndAdministrativeExpenses": 88700000,
        "sellingAndMarketingExpenses": 0,
        "sellingGeneralAndAdministrativeExpenses": 88700000,
        "otherExpenses": 37000000,
        "operatingExpenses": 125700000,
        "costAndExpenses": 367700000,
        "interestIncome": 0,
        "interestExpense": 22500000,
        "depreciationAndAmortization": 27100000,
        "ebitda": 302900000,
        "ebitdaratio": 0.5564945802,
        "operatingIncome": 176600000,
        "operatingIncomeRatio": 0.3244534264,
        "totalOtherIncomeExpensesNet": 76700000,
        "incomeBeforeTax": 253300000,
        "incomeBeforeTaxRatio": 0.465368363,
        "incomeTaxExpense": 59700000,
        "netIncome": 122500000,
        "netIncomeRatio": 0.2250597097,
        "eps": 2.16,
        "epsdiluted": 2.13,
        "weightedAverageShsOut": 56700000,
        "weightedAverageShsOutDil": 59200000,
        "link": "https://www.sec.gov/Archives/edgar/data/1004434/000100443417000011/0001004434-17-000011-index.htm",
        "finalLink": "https://www.sec.gov/Archives/edgar/data/1004434/000100443417000011/amg_03312017x10q.htm"
    },
    {
        "date": "2016-12-31",
        "symbol": "AMG",
        "reportedCurrency": "USD",
        "cik": "0001004434",
        "fillingDate": "2017-03-31",
        "acceptedDate": "2017-03-31 17:05:06",
        "calendarYear": "2016",
        "period": "Q4",
        "revenue": 550400000,
        "costOfRevenue": 229500000,
        "grossProfit": 320900000,
        "grossProfitRatio": 0.5830305233,
        "researchAndDevelopmentExpenses": 0,
        "generalAndAdministrativeExpenses": 111400000,
        "sellingAndMarketingExpenses": 0,
        "sellingGeneralAndAdministrativeExpenses": 111400000,
        "otherExpenses": 35700000,
        "operatingExpenses": 147100000,
        "costAndExpenses": 376600000,
        "interestIncome": 0,
        "interestExpense": 27100000,
        "depreciationAndAmortization": 32500000,
        "ebitda": 341300000,
        "ebitdaratio": 0.6200944767,
        "operatingIncome": 173800000,
        "operatingIncomeRatio": 0.3157703488,
        "totalOtherIncomeExpensesNet": 108100000,
        "incomeBeforeTax": 281900000,
        "incomeBeforeTaxRatio": 0.5121729651,
        "incomeTaxExpense": 76000000,
        "netIncome": 150300000,
        "netIncomeRatio": 0.2730741279,
        "eps": 2.73,
        "epsdiluted": 2.67,
        "weightedAverageShsOut": 55000000,
        "weightedAverageShsOutDil": 57800000,
        "link": "https://www.sec.gov/Archives/edgar/data/1004434/000100443417000007/0001004434-17-000007-index.htm",
        "finalLink": "https://www.sec.gov/Archives/edgar/data/1004434/000100443417000007/a10-kaxpart1aqr2016.htm"
    },
    {
        "date": "2016-09-30",
        "symbol": "AMG",
        "reportedCurrency": "USD",
        "cik": "0001004434",
        "fillingDate": "2016-11-07",
        "acceptedDate": "2016-11-07 16:46:30",
        "calendarYear": "2016",
        "period": "Q3",
        "revenue": 544700000,
        "costOfRevenue": 244200000,
        "grossProfit": 300500000,
        "grossProfitRatio": 0.5516798238,
        "researchAndDevelopmentExpenses": 0,
        "generalAndAdministrativeExpenses": 94200000,
        "sellingAndMarketingExpenses": 0,
        "sellingGeneralAndAdministrativeExpenses": 94200000,
        "otherExpenses": -32200000,
        "operatingExpenses": 62000000,
        "costAndExpenses": 306200000,
        "interestIncome": 0,
        "interestExpense": 23300000,
        "depreciationAndAmortization": 31900000,
        "ebitda": 281400000,
        "ebitdaratio": 0.5166146503,
        "operatingIncome": 238500000,
        "operatingIncomeRatio": 0.4378557004,
        "totalOtherIncomeExpensesNet": -12300000,
        "incomeBeforeTax": 226200000,
        "incomeBeforeTaxRatio": 0.415274463,
        "incomeTaxExpense": 51300000,
        "netIncome": 110200000,
        "netIncomeRatio": 0.2023131999,
        "eps": 2.03,
        "epsdiluted": 2,
        "weightedAverageShsOut": 53900000,
        "weightedAverageShsOutDil": 56600000,
        "link": "https://www.sec.gov/Archives/edgar/data/1004434/000100443416000050/0001004434-16-000050-index.htm",
        "finalLink": "https://www.sec.gov/Archives/edgar/data/1004434/000100443416000050/amg_09302016x10q.htm"
    },
    {
        "date": "2016-06-30",
        "symbol": "AMG",
        "reportedCurrency": "USD",
        "cik": "0001004434",
        "fillingDate": "2016-08-05",
        "acceptedDate": "2016-08-05 16:20:34",
        "calendarYear": "2016",
        "period": "Q2",
        "revenue": 554100000,
        "costOfRevenue": 232100000,
        "grossProfit": 322000000,
        "grossProfitRatio": 0.5811225411,
        "researchAndDevelopmentExpenses": 0,
        "generalAndAdministrativeExpenses": 96600000,
        "sellingAndMarketingExpenses": 0,
        "sellingGeneralAndAdministrativeExpenses": 96600000,
        "otherExpenses": -21600000,
        "operatingExpenses": 75000000,
        "costAndExpenses": 307100000,
        "interestIncome": 0,
        "interestExpense": 22700000,
        "depreciationAndAmortization": 33700000,
        "ebitda": 292300000,
        "ebitdaratio": 0.5275221079,
        "operatingIncome": 247000000,
        "operatingIncomeRatio": 0.4457679119,
        "totalOtherIncomeExpensesNet": -11100000,
        "incomeBeforeTax": 235900000,
        "incomeBeforeTaxRatio": 0.4257354268,
        "incomeTaxExpense": 52300000,
        "netIncome": 108300000,
        "netIncomeRatio": 0.1954520845,
        "eps": 2,
        "epsdiluted": 1.97,
        "weightedAverageShsOut": 53800000,
        "weightedAverageShsOutDil": 56500000,
        "link": "https://www.sec.gov/Archives/edgar/data/1004434/000100443416000047/0001004434-16-000047-index.htm",
        "finalLink": "https://www.sec.gov/Archives/edgar/data/1004434/000100443416000047/amg_06302016x10q.htm"
    },
    {
        "date": "2016-03-31",
        "symbol": "AMG",
        "reportedCurrency": "USD",
        "cik": "0001004434",
        "fillingDate": "2016-05-10",
        "acceptedDate": "2016-05-09 19:26:43",
        "calendarYear": "2016",
        "period": "Q1",
        "revenue": 545400000,
        "costOfRevenue": 226700000,
        "grossProfit": 318700000,
        "grossProfitRatio": 0.5843417675,
        "researchAndDevelopmentExpenses": 0,
        "generalAndAdministrativeExpenses": 95900000,
        "sellingAndMarketingExpenses": 0,
        "sellingGeneralAndAdministrativeExpenses": 95900000,
        "otherExpenses": 44000000,
        "operatingExpenses": 139900000,
        "costAndExpenses": 366600000,
        "interestIncome": 2000000,
        "interestExpense": 22300000,
        "depreciationAndAmortization": 31600000,
        "ebitda": 284400000,
        "ebitdaratio": 0.5214521452,
        "operatingIncome": 178800000,
        "operatingIncomeRatio": 0.3278327833,
        "totalOtherIncomeExpensesNet": 51700000,
        "incomeBeforeTax": 230500000,
        "incomeBeforeTaxRatio": 0.4226255959,
        "incomeTaxExpense": 57000000,
        "netIncome": 104000000,
        "netIncomeRatio": 0.1906857352,
        "eps": 1.94,
        "epsdiluted": 1.92,
        "weightedAverageShsOut": 54000000,
        "weightedAverageShsOutDil": 56500000,
        "link": "https://www.sec.gov/Archives/edgar/data/1004434/000100443416000041/0001004434-16-000041-index.htm",
        "finalLink": "https://www.sec.gov/Archives/edgar/data/1004434/000100443416000041/amg_03312016x10q.htm"
    },
    {
        "date": "2015-12-31",
        "symbol": "AMG",
        "reportedCurrency": "USD",
        "cik": "0001004434",
        "fillingDate": "2016-03-30",
        "acceptedDate": "2016-03-30 16:53:08",
        "calendarYear": "2015",
        "period": "Q4",
        "revenue": 589800000,
        "costOfRevenue": 239000000,
        "grossProfit": 350800000,
        "grossProfitRatio": 0.5947778908,
        "researchAndDevelopmentExpenses": 0,
        "generalAndAdministrativeExpenses": 113300000,
        "sellingAndMarketingExpenses": 0,
        "sellingGeneralAndAdministrativeExpenses": 113300000,
        "otherExpenses": 44300000,
        "operatingExpenses": 157600000,
        "costAndExpenses": 396600000,
        "interestIncome": 200000,
        "interestExpense": 20600000,
        "depreciationAndAmortization": 34300000,
        "ebitda": 344200000,
        "ebitdaratio": 0.5835876568,
        "operatingIncome": 193200000,
        "operatingIncomeRatio": 0.3275686673,
        "totalOtherIncomeExpensesNet": 96000000,
        "incomeBeforeTax": 289200000,
        "incomeBeforeTaxRatio": 0.490335707,
        "incomeTaxExpense": 61200000,
        "netIncome": 147500000,
        "netIncomeRatio": 0.2500847745,
        "eps": 2.79,
        "epsdiluted": 2.72,
        "weightedAverageShsOut": 53900000,
        "weightedAverageShsOutDil": 56700000,
        "link": "https://www.sec.gov/Archives/edgar/data/1004434/000100443416000038/0001004434-16-000038-index.htm",
        "finalLink": "https://www.sec.gov/Archives/edgar/data/1004434/000100443416000038/a10-kaxpart12015.htm"
    },
    {
        "date": "2015-09-30",
        "symbol": "AMG",
        "reportedCurrency": "USD",
        "cik": "0001004434",
        "fillingDate": "2015-11-09",
        "acceptedDate": "2015-11-09 16:30:32",
        "calendarYear": "2015",
        "period": "Q3",
        "revenue": 613100000,
        "costOfRevenue": 243700000,
        "grossProfit": 369400000,
        "grossProfitRatio": 0.6025118252,
        "researchAndDevelopmentExpenses": 0,
        "generalAndAdministrativeExpenses": 107500000,
        "sellingAndMarketingExpenses": 0,
        "sellingGeneralAndAdministrativeExpenses": 107500000,
        "otherExpenses": 46700000,
        "operatingExpenses": 154200000,
        "costAndExpenses": 397900000,
        "interestIncome": 0,
        "interestExpense": 23900000,
        "depreciationAndAmortization": 35000000,
        "ebitda": 308000000,
        "ebitdaratio": 0.5023650302,
        "operatingIncome": 215200000,
        "operatingIncomeRatio": 0.351003099,
        "totalOtherIncomeExpensesNet": 33900000,
        "incomeBeforeTax": 249100000,
        "incomeBeforeTaxRatio": 0.4062958734,
        "incomeTaxExpense": 58100000,
        "netIncome": 107700000,
        "netIncomeRatio": 0.175664655,
        "eps": 1.99,
        "epsdiluted": 1.96,
        "weightedAverageShsOut": 54200000,
        "weightedAverageShsOutDil": 57000000,
        "link": "https://www.sec.gov/Archives/edgar/data/1004434/000100443415000028/0001004434-15-000028-index.htm",
        "finalLink": "https://www.sec.gov/Archives/edgar/data/1004434/000100443415000028/amg_09302015x10q.htm"
    },
    {
        "date": "2015-06-30",
        "symbol": "AMG",
        "reportedCurrency": "USD",
        "cik": "0001004434",
        "fillingDate": "2015-08-04",
        "acceptedDate": "2015-08-04 16:56:44",
        "calendarYear": "2015",
        "period": "Q2",
        "revenue": 646600000,
        "costOfRevenue": 292200000,
        "grossProfit": 354400000,
        "grossProfitRatio": 0.548097742,
        "researchAndDevelopmentExpenses": 0,
        "generalAndAdministrativeExpenses": 114300000,
        "sellingAndMarketingExpenses": 0,
        "sellingGeneralAndAdministrativeExpenses": 114300000,
        "otherExpenses": 44900000,
        "operatingExpenses": 159200000,
        "costAndExpenses": 451400000,
        "interestIncome": 13200000,
        "interestExpense": 22500000,
        "depreciationAndAmortization": 32700000,
        "ebitda": 317200000,
        "ebitdaratio": 0.4905660377,
        "operatingIncome": 195200000,
        "operatingIncomeRatio": 0.3018867925,
        "totalOtherIncomeExpensesNet": 66800000,
        "incomeBeforeTax": 262000000,
        "incomeBeforeTaxRatio": 0.405196412,
        "incomeTaxExpense": 72100000,
        "netIncome": 126300000,
        "netIncomeRatio": 0.1953294154,
        "eps": 2.36,
        "epsdiluted": 2.31,
        "weightedAverageShsOut": 54600000,
        "weightedAverageShsOutDil": 57500000,
        "link": "https://www.sec.gov/Archives/edgar/data/1004434/000100443415000016/0001004434-15-000016-index.htm",
        "finalLink": "https://www.sec.gov/Archives/edgar/data/1004434/000100443415000016/amg_06302015x10q.htm"
    },
    {
        "date": "2015-03-31",
        "symbol": "AMG",
        "reportedCurrency": "USD",
        "cik": "0001004434",
        "fillingDate": "2015-05-05",
        "acceptedDate": "2015-05-05 17:01:45",
        "calendarYear": "2015",
        "period": "Q1",
        "revenue": 635000000,
        "costOfRevenue": 252800000,
        "grossProfit": 382200000,
        "grossProfitRatio": 0.6018897638,
        "researchAndDevelopmentExpenses": 0,
        "generalAndAdministrativeExpenses": 108700000,
        "sellingAndMarketingExpenses": 0,
        "sellingGeneralAndAdministrativeExpenses": 108700000,
        "otherExpenses": 42100000,
        "operatingExpenses": 150800000,
        "costAndExpenses": 403600000,
        "interestIncome": 27200000,
        "interestExpense": 22200000,
        "depreciationAndAmortization": 32200000,
        "ebitda": 344700000,
        "ebitdaratio": 0.5428346457,
        "operatingIncome": 231400000,
        "operatingIncomeRatio": 0.3644094488,
        "totalOtherIncomeExpensesNet": 58900000,
        "incomeBeforeTax": 290300000,
        "incomeBeforeTaxRatio": 0.4571653543,
        "incomeTaxExpense": 69600000,
        "netIncome": 128000000,
        "netIncomeRatio": 0.2015748031,
        "eps": 2.34,
        "epsdiluted": 2.28,
        "weightedAverageShsOut": 54800000,
        "weightedAverageShsOutDil": 57800000,
        "link": "https://www.sec.gov/Archives/edgar/data/1004434/000100443415000011/0001004434-15-000011-index.htm",
        "finalLink": "https://www.sec.gov/Archives/edgar/data/1004434/000100443415000011/amg_03312015x10q.htm"
    },
    {
        "date": "2014-12-31",
        "symbol": "AMG",
        "reportedCurrency": "USD",
        "cik": "0001004434",
        "fillingDate": "2015-02-23",
        "acceptedDate": "2015-02-23 17:19:50",
        "calendarYear": "2014",
        "period": "Q4",
        "revenue": 641200000,
        "costOfRevenue": 264000000,
        "grossProfit": 377200000,
        "grossProfitRatio": 0.58827199,
        "researchAndDevelopmentExpenses": 0,
        "generalAndAdministrativeExpenses": 126000000,
        "sellingAndMarketingExpenses": 0,
        "sellingGeneralAndAdministrativeExpenses": 126000000,
        "otherExpenses": 52600000,
        "operatingExpenses": 178600000,
        "costAndExpenses": 442600000,
        "interestIncome": 0,
        "interestExpense": 22400000,
        "depreciationAndAmortization": 42600000,
        "ebitda": 374400000,
        "ebitdaratio": 0.5839051778,
        "operatingIncome": 198600000,
        "operatingIncomeRatio": 0.309731753,
        "totalOtherIncomeExpensesNet": 110800000,
        "incomeBeforeTax": 309400000,
        "incomeBeforeTaxRatio": 0.4825327511,
        "incomeTaxExpense": 53200000,
        "netIncome": 172600000,
        "netIncomeRatio": 0.2691827823,
        "eps": 3.12,
        "epsdiluted": 3.02,
        "weightedAverageShsOut": 55300000,
        "weightedAverageShsOutDil": 58500000,
        "link": "https://www.sec.gov/Archives/edgar/data/1004434/000100443415000003/0001004434-15-000003-index.htm",
        "finalLink": "https://www.sec.gov/Archives/edgar/data/1004434/000100443415000003/amg_10-kx12312014.htm"
    },
    {
        "date": "2014-09-30",
        "symbol": "AMG",
        "reportedCurrency": "USD",
        "cik": "0001004434",
        "fillingDate": "2014-11-06",
        "acceptedDate": "2014-11-06 09:19:12",
        "calendarYear": "2014",
        "period": "Q3",
        "revenue": 640300000,
        "costOfRevenue": 258100000,
        "grossProfit": 382200000,
        "grossProfitRatio": 0.5969076995,
        "researchAndDevelopmentExpenses": 0,
        "generalAndAdministrativeExpenses": 114400000,
        "sellingAndMarketingExpenses": 0,
        "sellingGeneralAndAdministrativeExpenses": 114400000,
        "otherExpenses": 43600000,
        "operatingExpenses": 158000000,
        "costAndExpenses": 416100000,
        "interestIncome": 0,
        "interestExpense": 21800000,
        "depreciationAndAmortization": 33100000,
        "ebitda": 308400000,
        "ebitdaratio": 0.4816492269,
        "operatingIncome": 224200000,
        "operatingIncomeRatio": 0.350148368,
        "totalOtherIncomeExpensesNet": 29200000,
        "incomeBeforeTax": 253400000,
        "incomeBeforeTaxRatio": 0.3957519913,
        "incomeTaxExpense": 63500000,
        "netIncome": 103200000,
        "netIncomeRatio": 0.1611744495,
        "eps": 1.88,
        "epsdiluted": 1.84,
        "weightedAverageShsOut": 55600000,
        "weightedAverageShsOutDil": 58800000,
        "link": "https://www.sec.gov/Archives/edgar/data/1004434/000100443414000018/0001004434-14-000018-index.htm",
        "finalLink": "https://www.sec.gov/Archives/edgar/data/1004434/000100443414000018/amg_09302014x10q.htm"
    },
    {
        "date": "2014-06-30",
        "symbol": "AMG",
        "reportedCurrency": "USD",
        "cik": "0001004434",
        "fillingDate": "2014-08-06",
        "acceptedDate": "2014-08-06 16:11:39",
        "calendarYear": "2014",
        "period": "Q2",
        "revenue": 636300000,
        "costOfRevenue": 272600000,
        "grossProfit": 363700000,
        "grossProfitRatio": 0.57158573,
        "researchAndDevelopmentExpenses": 0,
        "generalAndAdministrativeExpenses": 122800000,
        "sellingAndMarketingExpenses": 0,
        "sellingGeneralAndAdministrativeExpenses": 122800000,
        "otherExpenses": 42500000,
        "operatingExpenses": 165300000,
        "costAndExpenses": 437900000,
        "interestIncome": 0,
        "interestExpense": 22400000,
        "depreciationAndAmortization": 32200000,
        "ebitda": 293700000,
        "ebitdaratio": 0.4615747289,
        "operatingIncome": 198400000,
        "operatingIncomeRatio": 0.3118026088,
        "totalOtherIncomeExpensesNet": 40700000,
        "incomeBeforeTax": 239100000,
        "incomeBeforeTaxRatio": 0.375766148,
        "incomeTaxExpense": 61100000,
        "netIncome": 99100000,
        "netIncomeRatio": 0.1557441458,
        "eps": 1.81,
        "epsdiluted": 1.77,
        "weightedAverageShsOut": 55400000,
        "weightedAverageShsOutDil": 58700000,
        "link": "https://www.sec.gov/Archives/edgar/data/1004434/000100443414000015/0001004434-14-000015-index.htm",
        "finalLink": "https://www.sec.gov/Archives/edgar/data/1004434/000100443414000015/amg_06302014x10q.htm"
    },
    {
        "date": "2014-03-31",
        "symbol": "AMG",
        "reportedCurrency": "USD",
        "cik": "0001004434",
        "fillingDate": "2014-05-06",
        "acceptedDate": "2014-05-06 17:09:49",
        "calendarYear": "2014",
        "period": "Q1",
        "revenue": 593100000,
        "costOfRevenue": 235700000,
        "grossProfit": 357400000,
        "grossProfitRatio": 0.6025965267,
        "researchAndDevelopmentExpenses": 0,
        "generalAndAdministrativeExpenses": 122300000,
        "sellingAndMarketingExpenses": 0,
        "sellingGeneralAndAdministrativeExpenses": 122300000,
        "otherExpenses": 41100000,
        "operatingExpenses": 163400000,
        "costAndExpenses": 399100000,
        "interestIncome": 0,
        "interestExpense": 40100000,
        "depreciationAndAmortization": 31200000,
        "ebitda": 279600000,
        "ebitdaratio": 0.4714213455,
        "operatingIncome": 194000000,
        "operatingIncomeRatio": 0.327094925,
        "totalOtherIncomeExpensesNet": 14300000,
        "incomeBeforeTax": 208300000,
        "incomeBeforeTaxRatio": 0.3512055303,
        "incomeTaxExpense": 48900000,
        "netIncome": 77200000,
        "netIncomeRatio": 0.1301635475,
        "eps": 1.44,
        "epsdiluted": 1.4,
        "weightedAverageShsOut": 53700000,
        "weightedAverageShsOutDil": 55200000,
        "link": "https://www.sec.gov/Archives/edgar/data/1004434/000100443414000012/0001004434-14-000012-index.htm",
        "finalLink": "https://www.sec.gov/Archives/edgar/data/1004434/000100443414000012/amg_03312014x10q.htm"
    },
    {
        "date": "2013-12-31",
        "symbol": "AMG",
        "reportedCurrency": "USD",
        "cik": "0001004434",
        "fillingDate": "2014-02-27",
        "acceptedDate": "2014-02-27 12:27:41",
        "calendarYear": "2013",
        "period": "Q4",
        "revenue": 594000000,
        "costOfRevenue": 267800000,
        "grossProfit": 326200000,
        "grossProfitRatio": 0.5491582492,
        "researchAndDevelopmentExpenses": 0,
        "generalAndAdministrativeExpenses": 129000000,
        "sellingAndMarketingExpenses": 0,
        "sellingGeneralAndAdministrativeExpenses": 129000000,
        "otherExpenses": 44100000,
        "operatingExpenses": 173100000,
        "costAndExpenses": 440900000,
        "interestIncome": 0,
        "interestExpense": 24000000,
        "depreciationAndAmortization": 33800000,
        "ebitda": 394500000,
        "ebitdaratio": 0.6641414141,
        "operatingIncome": 153100000,
        "operatingIncomeRatio": 0.2577441077,
        "totalOtherIncomeExpensesNet": 183600000,
        "incomeBeforeTax": 336700000,
        "incomeBeforeTaxRatio": 0.5668350168,
        "incomeTaxExpense": 87500000,
        "netIncome": 158200000,
        "netIncomeRatio": 0.2663299663,
        "eps": 2.97,
        "epsdiluted": 2.79,
        "weightedAverageShsOut": 55451161,
        "weightedAverageShsOutDil": 59100000,
        "link": "https://www.sec.gov/Archives/edgar/data/1004434/000100443414000006/0001004434-14-000006-index.htm",
        "finalLink": "https://www.sec.gov/Archives/edgar/data/1004434/000100443414000006/amg_10-kx12312013.htm"
    },
    {
        "date": "2013-09-30",
        "symbol": "AMG",
        "reportedCurrency": "USD",
        "cik": "0001004434",
        "fillingDate": "2013-11-12",
        "acceptedDate": "2013-11-12 12:07:05",
        "calendarYear": "2013",
        "period": "Q3",
        "revenue": 551600000,
        "costOfRevenue": 229800000,
        "grossProfit": 321800000,
        "grossProfitRatio": 0.5833937636,
        "researchAndDevelopmentExpenses": 0,
        "generalAndAdministrativeExpenses": 106400000,
        "sellingAndMarketingExpenses": 0,
        "sellingGeneralAndAdministrativeExpenses": 106400000,
        "otherExpenses": 46300000,
        "operatingExpenses": 152700000,
        "costAndExpenses": 382500000,
        "interestIncome": 0,
        "interestExpense": 23800000,
        "depreciationAndAmortization": 36100000,
        "ebitda": 247300000,
        "ebitdaratio": 0.4483321247,
        "operatingIncome": 169100000,
        "operatingIncomeRatio": 0.3065627266,
        "totalOtherIncomeExpensesNet": 18300000,
        "incomeBeforeTax": 187400000,
        "incomeBeforeTaxRatio": 0.3397389413,
        "incomeTaxExpense": 31000000,
        "netIncome": 75200000,
        "netIncomeRatio": 0.1363306744,
        "eps": 1.41,
        "epsdiluted": 1.37,
        "weightedAverageShsOut": 53200000,
        "weightedAverageShsOutDil": 56900000,
        "link": "https://www.sec.gov/Archives/edgar/data/1004434/000100443413000016/0001004434-13-000016-index.htm",
        "finalLink": "https://www.sec.gov/Archives/edgar/data/1004434/000100443413000016/amg_09302013x10q.htm"
    },
    {
        "date": "2013-06-30",
        "symbol": "AMG",
        "reportedCurrency": "USD",
        "cik": "0001004434",
        "fillingDate": "2013-08-06",
        "acceptedDate": "2013-08-06 14:45:11",
        "calendarYear": "2013",
        "period": "Q2",
        "revenue": 541000000,
        "costOfRevenue": 235400000,
        "grossProfit": 305600000,
        "grossProfitRatio": 0.5648798521,
        "researchAndDevelopmentExpenses": 0,
        "generalAndAdministrativeExpenses": 99500000,
        "sellingAndMarketingExpenses": 0,
        "sellingGeneralAndAdministrativeExpenses": 99500000,
        "otherExpenses": 44700000,
        "operatingExpenses": 144200000,
        "costAndExpenses": 379600000,
        "interestIncome": 0,
        "interestExpense": 32700000,
        "depreciationAndAmortization": 35900000,
        "ebitda": 241000000,
        "ebitdaratio": 0.4454713494,
        "operatingIncome": 161400000,
        "operatingIncomeRatio": 0.298336414,
        "totalOtherIncomeExpensesNet": 11000000,
        "incomeBeforeTax": 172400000,
        "incomeBeforeTaxRatio": 0.3186691312,
        "incomeTaxExpense": 38200000,
        "netIncome": 64700000,
        "netIncomeRatio": 0.1195933457,
        "eps": 1.22,
        "epsdiluted": 1.18,
        "weightedAverageShsOut": 53100000,
        "weightedAverageShsOutDil": 54600000,
        "link": "https://www.sec.gov/Archives/edgar/data/1004434/000100443413000005/0001004434-13-000005-index.htm",
        "finalLink": "https://www.sec.gov/Archives/edgar/data/1004434/000100443413000005/amg_06302013x10q.htm"
    },
    {
        "date": "2013-03-31",
        "symbol": "AMG",
        "reportedCurrency": "USD",
        "cik": "0001004434",
        "fillingDate": "2013-05-07",
        "acceptedDate": "2013-05-07 17:27:16",
        "calendarYear": "2013",
        "period": "Q1",
        "revenue": 502200000,
        "costOfRevenue": 214500000,
        "grossProfit": 287700000,
        "grossProfitRatio": 0.5728793309,
        "researchAndDevelopmentExpenses": 0,
        "generalAndAdministrativeExpenses": 92300000,
        "sellingAndMarketingExpenses": 0,
        "sellingGeneralAndAdministrativeExpenses": 92300000,
        "otherExpenses": 44900000,
        "operatingExpenses": 137200000,
        "costAndExpenses": 351700000,
        "interestIncome": 0,
        "interestExpense": 38400000,
        "depreciationAndAmortization": 36400000,
        "ebitda": 242000000,
        "ebitdaratio": 0.4818797292,
        "operatingIncome": 150500000,
        "operatingIncomeRatio": 0.2996814018,
        "totalOtherIncomeExpensesNet": 16700000,
        "incomeBeforeTax": 167200000,
        "incomeBeforeTaxRatio": 0.3329350856,
        "incomeTaxExpense": 37500000,
        "netIncome": 62400000,
        "netIncomeRatio": 0.1242532855,
        "eps": 1.18,
        "epsdiluted": 1.15,
        "weightedAverageShsOut": 52700000,
        "weightedAverageShsOutDil": 54200000,
        "link": "https://www.sec.gov/Archives/edgar/data/1004434/000104746913005659/0001047469-13-005659-index.htm",
        "finalLink": "https://www.sec.gov/Archives/edgar/data/1004434/000104746913005659/a2214930z10-q.htm"
    },
    {
        "date": "2012-12-31",
        "symbol": "AMG",
        "reportedCurrency": "USD",
        "cik": "0001004434",
        "fillingDate": "2013-02-22",
        "acceptedDate": "2013-02-22 17:22:23",
        "calendarYear": "2012",
        "period": "Q4",
        "revenue": 491000000,
        "costOfRevenue": 218800000,
        "grossProfit": 272200000,
        "grossProfitRatio": 0.5543788187,
        "researchAndDevelopmentExpenses": 0,
        "generalAndAdministrativeExpenses": 99200000,
        "sellingAndMarketingExpenses": 0,
        "sellingGeneralAndAdministrativeExpenses": 99200000,
        "otherExpenses": 46100000,
        "operatingExpenses": 145300000,
        "costAndExpenses": 364100000,
        "interestIncome": 30400000,
        "interestExpense": 24200000,
        "depreciationAndAmortization": 34400000,
        "ebitda": 235800000,
        "ebitdaratio": 0.4802443992,
        "operatingIncome": 126900000,
        "operatingIncomeRatio": 0.2584521385,
        "totalOtherIncomeExpensesNet": 50300000,
        "incomeBeforeTax": 177200000,
        "incomeBeforeTaxRatio": 0.3608961303,
        "incomeTaxExpense": 37800000,
        "netIncome": 75100000,
        "netIncomeRatio": 0.1529531568,
        "eps": 1.44,
        "epsdiluted": 1.4,
        "weightedAverageShsOut": 52100000,
        "weightedAverageShsOutDil": 55500000,
        "link": "https://www.sec.gov/Archives/edgar/data/1004434/000104746913001515/0001047469-13-001515-index.htm",
        "finalLink": "https://www.sec.gov/Archives/edgar/data/1004434/000104746913001515/a2212939z10-k.htm"
    },
    {
        "date": "2012-09-30",
        "symbol": "AMG",
        "reportedCurrency": "USD",
        "cik": "0001004434",
        "fillingDate": "2012-11-06",
        "acceptedDate": "2012-11-06 16:47:33",
        "calendarYear": "2012",
        "period": "Q3",
        "revenue": 467300000,
        "costOfRevenue": 196800000,
        "grossProfit": 270500000,
        "grossProfitRatio": 0.5788572651,
        "researchAndDevelopmentExpenses": 0,
        "generalAndAdministrativeExpenses": 93900000,
        "sellingAndMarketingExpenses": 0,
        "sellingGeneralAndAdministrativeExpenses": 93900000,
        "otherExpenses": 36900000,
        "operatingExpenses": 130800000,
        "costAndExpenses": 327600000,
        "interestIncome": 0,
        "interestExpense": 28500000,
        "depreciationAndAmortization": 27500000,
        "ebitda": 193500000,
        "ebitdaratio": 0.4140808902,
        "operatingIncome": 139700000,
        "operatingIncomeRatio": 0.2989514231,
        "totalOtherIncomeExpensesNet": -2200000,
        "incomeBeforeTax": 137500000,
        "incomeBeforeTaxRatio": 0.2942435266,
        "incomeTaxExpense": 19400000,
        "netIncome": 54900000,
        "netIncomeRatio": 0.1174834154,
        "eps": 1.06,
        "epsdiluted": 1.04,
        "weightedAverageShsOut": 51700000,
        "weightedAverageShsOutDil": 53000000,
        "link": "https://www.sec.gov/Archives/edgar/data/1004434/000104746912010126/0001047469-12-010126-index.htm",
        "finalLink": "https://www.sec.gov/Archives/edgar/data/1004434/000104746912010126/a2211604z10-q.htm"
    },
    {
        "date": "2012-06-30",
        "symbol": "AMG",
        "reportedCurrency": "USD",
        "cik": "0001004434",
        "fillingDate": "2012-08-08",
        "acceptedDate": "2012-08-08 11:09:54",
        "calendarYear": "2012",
        "period": "Q2",
        "revenue": 429600000,
        "costOfRevenue": 188100000,
        "grossProfit": 241500000,
        "grossProfitRatio": 0.562150838,
        "researchAndDevelopmentExpenses": 0,
        "generalAndAdministrativeExpenses": 88800000,
        "sellingAndMarketingExpenses": 0,
        "sellingGeneralAndAdministrativeExpenses": 88800000,
        "otherExpenses": 127700000,
        "operatingExpenses": 216500000,
        "costAndExpenses": 404600000,
        "interestIncome": 40000000,
        "interestExpense": 18500000,
        "depreciationAndAmortization": 118300000,
        "ebitda": 199700000,
        "ebitdaratio": 0.4648510242,
        "operatingIncome": 25000000,
        "operatingIncomeRatio": 0.0581936685,
        "totalOtherIncomeExpensesNet": 37900000,
        "incomeBeforeTax": 62900000,
        "incomeBeforeTaxRatio": 0.14641527,
        "incomeTaxExpense": 2000000,
        "netIncome": 6600000,
        "netIncomeRatio": 0.0153631285,
        "eps": 0.13,
        "epsdiluted": 0.12,
        "weightedAverageShsOut": 51400000,
        "weightedAverageShsOutDil": 52700000,
        "link": "https://www.sec.gov/Archives/edgar/data/1004434/000104746912007943/0001047469-12-007943-index.htm",
        "finalLink": "https://www.sec.gov/Archives/edgar/data/1004434/000104746912007943/a2210481z10-q.htm"
    },
    {
        "date": "2012-03-31",
        "symbol": "AMG",
        "reportedCurrency": "USD",
        "cik": "0001004434",
        "fillingDate": "2012-05-08",
        "acceptedDate": "2012-05-08 16:14:11",
        "calendarYear": "2012",
        "period": "Q1",
        "revenue": 417700000,
        "costOfRevenue": 181100000,
        "grossProfit": 236600000,
        "grossProfitRatio": 0.5664352406,
        "researchAndDevelopmentExpenses": 0,
        "generalAndAdministrativeExpenses": 85000000,
        "sellingAndMarketingExpenses": 0,
        "sellingGeneralAndAdministrativeExpenses": 85000000,
        "otherExpenses": 42800000,
        "operatingExpenses": 127800000,
        "costAndExpenses": 308900000,
        "interestIncome": 2500000,
        "interestExpense": 18600000,
        "depreciationAndAmortization": 33800000,
        "ebitda": 170000000,
        "ebitdaratio": 0.4069906632,
        "operatingIncome": 108800000,
        "operatingIncomeRatio": 0.2604740244,
        "totalOtherIncomeExpensesNet": 8800000,
        "incomeBeforeTax": 117600000,
        "incomeBeforeTaxRatio": 0.2815417764,
        "incomeTaxExpense": 24600000,
        "netIncome": 37400000,
        "netIncomeRatio": 0.0895379459,
        "eps": 0.72,
        "epsdiluted": 0.71,
        "weightedAverageShsOut": 51600000,
        "weightedAverageShsOutDil": 52900000,
        "link": "https://www.sec.gov/Archives/edgar/data/1004434/000104746912005558/0001047469-12-005558-index.htm",
        "finalLink": "https://www.sec.gov/Archives/edgar/data/1004434/000104746912005558/a2208119z10-q.htm"
    },
    {
        "date": "2011-12-31",
        "symbol": "AMG",
        "reportedCurrency": "USD",
        "cik": "0001004434",
        "fillingDate": "2012-02-23",
        "acceptedDate": "2012-02-23 16:19:12",
        "calendarYear": "2011",
        "period": "Q4",
        "revenue": 402400000,
        "costOfRevenue": 173900000,
        "grossProfit": 228500000,
        "grossProfitRatio": 0.5678429423,
        "researchAndDevelopmentExpenses": 0,
        "generalAndAdministrativeExpenses": 89200000,
        "sellingAndMarketingExpenses": 0,
        "sellingGeneralAndAdministrativeExpenses": 89200000,
        "otherExpenses": 44100000,
        "operatingExpenses": 133300000,
        "costAndExpenses": 307200000,
        "interestIncome": 0,
        "interestExpense": 20600000,
        "depreciationAndAmortization": 34800000,
        "ebitda": 164400000,
        "ebitdaratio": 0.4085487078,
        "operatingIncome": 95200000,
        "operatingIncomeRatio": 0.2365805169,
        "totalOtherIncomeExpensesNet": 13800000,
        "incomeBeforeTax": 109000000,
        "incomeBeforeTaxRatio": 0.2708747515,
        "incomeTaxExpense": 19900000,
        "netIncome": 40300000,
        "netIncomeRatio": 0.1001491054,
        "eps": 0.78,
        "epsdiluted": 0.77,
        "weightedAverageShsOut": 51800000,
        "weightedAverageShsOutDil": 52600000,
        "link": "https://www.sec.gov/Archives/edgar/data/1004434/000104746912001372/0001047469-12-001372-index.htm",
        "finalLink": "https://www.sec.gov/Archives/edgar/data/1004434/000104746912001372/a2207296z10-k.htm"
    },
    {
        "date": "2011-09-30",
        "symbol": "AMG",
        "reportedCurrency": "USD",
        "cik": "0001004434",
        "fillingDate": "2011-11-04",
        "acceptedDate": "2011-11-04 14:00:21",
        "calendarYear": "2011",
        "period": "Q3",
        "revenue": 413800000,
        "costOfRevenue": 168900000,
        "grossProfit": 244900000,
        "grossProfitRatio": 0.5918318028,
        "researchAndDevelopmentExpenses": 0,
        "generalAndAdministrativeExpenses": 83500000,
        "sellingAndMarketingExpenses": 0,
        "sellingGeneralAndAdministrativeExpenses": 83500000,
        "otherExpenses": 35400000,
        "operatingExpenses": 118900000,
        "costAndExpenses": 287800000,
        "interestIncome": 0,
        "interestExpense": 18100000,
        "depreciationAndAmortization": 26100000,
        "ebitda": 144100000,
        "ebitdaratio": 0.3482358627,
        "operatingIncome": 126000000,
        "operatingIncomeRatio": 0.3044949251,
        "totalOtherIncomeExpensesNet": -26100000,
        "incomeBeforeTax": 99900000,
        "incomeBeforeTaxRatio": 0.2414209763,
        "incomeTaxExpense": 19800000,
        "netIncome": 40100000,
        "netIncomeRatio": 0.0969067182,
        "eps": 0.77,
        "epsdiluted": 0.76,
        "weightedAverageShsOut": 51900000,
        "weightedAverageShsOutDil": 53000000,
        "link": "https://www.sec.gov/Archives/edgar/data/1004434/000104746911009042/0001047469-11-009042-index.htm",
        "finalLink": "https://www.sec.gov/Archives/edgar/data/1004434/000104746911009042/a2206074z10-q.htm"
    },
    {
        "date": "2011-06-30",
        "symbol": "AMG",
        "reportedCurrency": "USD",
        "cik": "0001004434",
        "fillingDate": "2011-08-09",
        "acceptedDate": "2011-08-09 16:51:56",
        "calendarYear": "2011",
        "period": "Q2",
        "revenue": 462300000,
        "costOfRevenue": 196500000,
        "grossProfit": 265800000,
        "grossProfitRatio": 0.5749513303,
        "researchAndDevelopmentExpenses": 0,
        "generalAndAdministrativeExpenses": 90600000,
        "sellingAndMarketingExpenses": 0,
        "sellingGeneralAndAdministrativeExpenses": 90600000,
        "otherExpenses": 35200000,
        "operatingExpenses": 125800000,
        "costAndExpenses": 322300000,
        "interestIncome": 0,
        "interestExpense": 18100000,
        "depreciationAndAmortization": 25900000,
        "ebitda": 171600000,
        "ebitdaratio": 0.3711875406,
        "operatingIncome": 140000000,
        "operatingIncomeRatio": 0.3028336578,
        "totalOtherIncomeExpensesNet": -12400000,
        "incomeBeforeTax": 127600000,
        "incomeBeforeTaxRatio": 0.2760112481,
        "incomeTaxExpense": 26600000,
        "netIncome": 45500000,
        "netIncomeRatio": 0.0984209388,
        "eps": 0.87,
        "epsdiluted": 0.85,
        "weightedAverageShsOut": 52100000,
        "weightedAverageShsOutDil": 53400000,
        "link": "https://www.sec.gov/Archives/edgar/data/1004434/000104746911007158/0001047469-11-007158-index.htm",
        "finalLink": "https://www.sec.gov/Archives/edgar/data/1004434/000104746911007158/a2205010z10-q.htm"
    },
    {
        "date": "2011-03-31",
        "symbol": "AMG",
        "reportedCurrency": "USD",
        "cik": "0001004434",
        "fillingDate": "2011-05-10",
        "acceptedDate": "2011-05-10 16:51:27",
        "calendarYear": "2011",
        "period": "Q1",
        "revenue": 426300000,
        "costOfRevenue": 179500000,
        "grossProfit": 246800000,
        "grossProfitRatio": 0.5789350223,
        "researchAndDevelopmentExpenses": 0,
        "generalAndAdministrativeExpenses": 87500000,
        "sellingAndMarketingExpenses": 0,
        "sellingGeneralAndAdministrativeExpenses": 87500000,
        "otherExpenses": 34400000,
        "operatingExpenses": 121900000,
        "costAndExpenses": 301400000,
        "interestIncome": 0,
        "interestExpense": 27700000,
        "depreciationAndAmortization": 25900000,
        "ebitda": 169700000,
        "ebitdaratio": 0.398076472,
        "operatingIncome": 124900000,
        "operatingIncomeRatio": 0.29298616,
        "totalOtherIncomeExpensesNet": -8800000,
        "incomeBeforeTax": 116100000,
        "incomeBeforeTaxRatio": 0.2723434201,
        "incomeTaxExpense": 26700000,
        "netIncome": 39100000,
        "netIncomeRatio": 0.0917194464,
        "eps": 0.76,
        "epsdiluted": 0.74,
        "weightedAverageShsOut": 51800000,
        "weightedAverageShsOutDil": 53100000,
        "link": "https://www.sec.gov/Archives/edgar/data/1004434/000104746911004876/0001047469-11-004876-index.htm",
        "finalLink": "https://www.sec.gov/Archives/edgar/data/1004434/000104746911004876/a2203536z10-q.htm"
    },
    {
        "date": "2010-12-31",
        "symbol": "AMG",
        "reportedCurrency": "USD",
        "cik": "0001004434",
        "fillingDate": "2011-03-01",
        "acceptedDate": "2011-03-01 16:13:11",
        "calendarYear": "2010",
        "period": "Q4",
        "revenue": 420768000,
        "costOfRevenue": 180985000,
        "grossProfit": 239783000,
        "grossProfitRatio": 0.569869857,
        "researchAndDevelopmentExpenses": 0,
        "generalAndAdministrativeExpenses": 93852000,
        "sellingAndMarketingExpenses": 0,
        "sellingGeneralAndAdministrativeExpenses": 93852000,
        "otherExpenses": 31858000,
        "operatingExpenses": 125710000,
        "costAndExpenses": 306695000,
        "interestIncome": -2054000,
        "interestExpense": 125000,
        "depreciationAndAmortization": 24980000,
        "ebitda": 196030000,
        "ebitdaratio": 0.4658861891,
        "operatingIncome": 114073000,
        "operatingIncomeRatio": 0.2711066431,
        "totalOtherIncomeExpensesNet": 31893000,
        "incomeBeforeTax": 145966000,
        "incomeBeforeTaxRatio": 0.3469037569,
        "incomeTaxExpense": 38645000,
        "netIncome": 62011000,
        "netIncomeRatio": 0.147375751,
        "eps": 1.2,
        "epsdiluted": 1.17,
        "weightedAverageShsOut": 47428846,
        "weightedAverageShsOutDil": 49398535,
        "link": "https://www.sec.gov/Archives/edgar/data/1004434/000104746911001624/0001047469-11-001624-index.htm",
        "finalLink": "https://www.sec.gov/Archives/edgar/data/1004434/000104746911001624/a2202148z10-k.htm"
    },
    {
        "date": "2010-09-30",
        "symbol": "AMG",
        "reportedCurrency": "USD",
        "cik": "0001004434",
        "fillingDate": "2010-11-09",
        "acceptedDate": "2010-11-09 15:40:54",
        "calendarYear": "2010",
        "period": "Q3",
        "revenue": 354372000,
        "costOfRevenue": 151533000,
        "grossProfit": 202839000,
        "grossProfitRatio": 0.5723900308,
        "researchAndDevelopmentExpenses": 0,
        "generalAndAdministrativeExpenses": 73378000,
        "sellingAndMarketingExpenses": 0,
        "sellingGeneralAndAdministrativeExpenses": 73378000,
        "otherExpenses": 33900000,
        "operatingExpenses": 107300000,
        "costAndExpenses": 258800000,
        "interestIncome": 0,
        "interestExpense": 23500000,
        "depreciationAndAmortization": 24300000,
        "ebitda": 140800000,
        "ebitdaratio": 0.3973225876,
        "operatingIncome": 95600000,
        "operatingIncomeRatio": 0.2697730069,
        "totalOtherIncomeExpensesNet": -2600000,
        "incomeBeforeTax": 93000000,
        "incomeBeforeTaxRatio": 0.2624360841,
        "incomeTaxExpense": 24000000,
        "netIncome": 34000000,
        "netIncomeRatio": 0.0959443748,
        "eps": 0.66,
        "epsdiluted": 0.65,
        "weightedAverageShsOut": 51200000,
        "weightedAverageShsOutDil": 51900000,
        "link": "https://www.sec.gov/Archives/edgar/data/1004434/000104746910009488/0001047469-10-009488-index.htm",
        "finalLink": "https://www.sec.gov/Archives/edgar/data/1004434/000104746910009488/a2200717z10-q.htm"
    },
    {
        "date": "2010-06-30",
        "symbol": "AMG",
        "reportedCurrency": "USD",
        "cik": "0001004434",
        "fillingDate": "2010-08-09",
        "acceptedDate": "2010-08-09 17:12:26",
        "calendarYear": "2010",
        "period": "Q2",
        "revenue": 332080000,
        "costOfRevenue": 142740000,
        "grossProfit": 189340000,
        "grossProfitRatio": 0.5701638159,
        "researchAndDevelopmentExpenses": 0,
        "generalAndAdministrativeExpenses": 72126000,
        "sellingAndMarketingExpenses": 0,
        "sellingGeneralAndAdministrativeExpenses": 72126000,
        "otherExpenses": 21500000,
        "operatingExpenses": 93600000,
        "costAndExpenses": 236300000,
        "interestIncome": 0,
        "interestExpense": 22700000,
        "depreciationAndAmortization": 13000000,
        "ebitda": 110800000,
        "ebitdaratio": 0.3336545411,
        "operatingIncome": 95800000,
        "operatingIncomeRatio": 0.2884847025,
        "totalOtherIncomeExpensesNet": -20700000,
        "incomeBeforeTax": 75100000,
        "incomeBeforeTaxRatio": 0.2261503252,
        "incomeTaxExpense": 16900000,
        "netIncome": 25200000,
        "netIncomeRatio": 0.0758853288,
        "eps": 0.56,
        "epsdiluted": 0.53,
        "weightedAverageShsOut": 44610506,
        "weightedAverageShsOutDil": 47600000,
        "link": "https://www.sec.gov/Archives/edgar/data/1004434/000104746910007257/0001047469-10-007257-index.htm",
        "finalLink": "https://www.sec.gov/Archives/edgar/data/1004434/000104746910007257/a2199614z10-q.htm"
    },
    {
        "date": "2010-03-31",
        "symbol": "AMG",
        "reportedCurrency": "USD",
        "cik": "0001004434",
        "fillingDate": "2010-05-10",
        "acceptedDate": "2010-05-10 17:16:55",
        "calendarYear": "2010",
        "period": "Q1",
        "revenue": 251000000,
        "costOfRevenue": 119200000,
        "grossProfit": 131800000,
        "grossProfitRatio": 0.5250996016,
        "researchAndDevelopmentExpenses": 0,
        "generalAndAdministrativeExpenses": 165288000,
        "sellingAndMarketingExpenses": -119229000,
        "sellingGeneralAndAdministrativeExpenses": 46059000,
        "otherExpenses": 18000000,
        "operatingExpenses": 63300000,
        "costAndExpenses": 182500000,
        "interestIncome": 0,
        "interestExpense": 19800000,
        "depreciationAndAmortization": 11900000,
        "ebitda": 96400000,
        "ebitdaratio": 0.384063745,
        "operatingIncome": 68500000,
        "operatingIncomeRatio": 0.2729083665,
        "totalOtherIncomeExpensesNet": -3800000,
        "incomeBeforeTax": 63926000,
        "incomeBeforeTaxRatio": 0.254685259,
        "incomeTaxExpense": 11900000,
        "netIncome": 17500000,
        "netIncomeRatio": 0.0697211155,
        "eps": 0.41,
        "epsdiluted": 0.38,
        "weightedAverageShsOut": 42400000,
        "weightedAverageShsOutDil": 45421716,
        "link": "https://www.sec.gov/Archives/edgar/data/1004434/000104746910005064/0001047469-10-005064-index.htm",
        "finalLink": "https://www.sec.gov/Archives/edgar/data/1004434/000104746910005064/a2198594z10-q.htm"
    },
    {
        "date": "2009-12-31",
        "symbol": "AMG",
        "reportedCurrency": "USD",
        "cik": "0001004434",
        "fillingDate": "2010-03-01",
        "acceptedDate": "2010-03-01 16:43:05",
        "calendarYear": "2009",
        "period": "Q4",
        "revenue": 244658000,
        "costOfRevenue": 109814000,
        "grossProfit": 134844000,
        "grossProfitRatio": 0.5511530381,
        "researchAndDevelopmentExpenses": 0,
        "generalAndAdministrativeExpenses": 38580000,
        "sellingAndMarketingExpenses": 0,
        "sellingGeneralAndAdministrativeExpenses": 38580000,
        "otherExpenses": 17199000,
        "operatingExpenses": 55779000,
        "costAndExpenses": 165593000,
        "interestIncome": 0,
        "interestExpense": 19448000,
        "depreciationAndAmortization": 11605000,
        "ebitda": 113030000,
        "ebitdaratio": 0.4619918417,
        "operatingIncome": 79065000,
        "operatingIncomeRatio": 0.3231653982,
        "totalOtherIncomeExpensesNet": 2912000,
        "incomeBeforeTax": 81977000,
        "incomeBeforeTaxRatio": 0.3350677272,
        "incomeTaxExpense": 16410000,
        "netIncome": 24600000,
        "netIncomeRatio": 0.1005485208,
        "eps": 0.58,
        "epsdiluted": 0.54,
        "weightedAverageShsOut": 41385359,
        "weightedAverageShsOutDil": 43333355,
        "link": "https://www.sec.gov/Archives/edgar/data/1004434/000104746910001655/0001047469-10-001655-index.htm",
        "finalLink": "https://www.sec.gov/Archives/edgar/data/1004434/000104746910001655/a2196669z10-k.htm"
    },
    {
        "date": "2009-09-30",
        "symbol": "AMG",
        "reportedCurrency": "USD",
        "cik": "0001004434",
        "fillingDate": "2009-11-09",
        "acceptedDate": "2009-11-09 15:39:27",
        "calendarYear": "2009",
        "period": "Q3",
        "revenue": 217461000,
        "costOfRevenue": 105237000,
        "grossProfit": 112224000,
        "grossProfitRatio": 0.5160649496,
        "researchAndDevelopmentExpenses": 0,
        "generalAndAdministrativeExpenses": 28294000,
        "sellingAndMarketingExpenses": 0,
        "sellingGeneralAndAdministrativeExpenses": 28294000,
        "otherExpenses": 22325000,
        "operatingExpenses": 49189000,
        "costAndExpenses": 154426000,
        "interestIncome": 0,
        "interestExpense": 19540000,
        "depreciationAndAmortization": 11459000,
        "ebitda": 104226000,
        "ebitdaratio": 0.4792859409,
        "operatingIncome": 63035000,
        "operatingIncomeRatio": 0.2898680683,
        "totalOtherIncomeExpensesNet": 10191000,
        "incomeBeforeTax": 71796000,
        "incomeBeforeTaxRatio": 0.3301557521,
        "incomeTaxExpense": 3936000,
        "netIncome": 17769000,
        "netIncomeRatio": 0.0817112034,
        "eps": 0.42,
        "epsdiluted": 0.4,
        "weightedAverageShsOut": 41854249,
        "weightedAverageShsOutDil": 44267107,
        "link": "https://www.sec.gov/Archives/edgar/data/1004434/000104746909009817/0001047469-09-009817-index.htm",
        "finalLink": "https://www.sec.gov/Archives/edgar/data/1004434/000104746909009817/a2195264z10-q.htm"
    },
    {
        "date": "2009-06-30",
        "symbol": "AMG",
        "reportedCurrency": "USD",
        "cik": "0001004434",
        "fillingDate": "2009-08-06",
        "acceptedDate": "2009-08-06 16:01:47",
        "calendarYear": "2009",
        "period": "Q2",
        "revenue": 201246000,
        "costOfRevenue": 103373000,
        "grossProfit": 97873000,
        "grossProfitRatio": 0.4863351321,
        "researchAndDevelopmentExpenses": 0,
        "generalAndAdministrativeExpenses": 32157000,
        "sellingAndMarketingExpenses": 0,
        "sellingGeneralAndAdministrativeExpenses": 32157000,
        "otherExpenses": 16023000,
        "operatingExpenses": 46976000,
        "costAndExpenses": 150349000,
        "interestIncome": 7191000,
        "interestExpense": 19193000,
        "depreciationAndAmortization": 11287000,
        "ebitda": 91673000,
        "ebitdaratio": 0.4555270664,
        "operatingIncome": 50897000,
        "operatingIncomeRatio": 0.2529093746,
        "totalOtherIncomeExpensesNet": 10296000,
        "incomeBeforeTax": 59989000,
        "incomeBeforeTaxRatio": 0.2980879123,
        "incomeTaxExpense": 3740000,
        "netIncome": 10979000,
        "netIncomeRatio": 0.0545551216,
        "eps": 0.26,
        "epsdiluted": 0.26,
        "weightedAverageShsOut": 41450659,
        "weightedAverageShsOutDil": 43159140,
        "link": "https://www.sec.gov/Archives/edgar/data/1004434/000104746909007293/0001047469-09-007293-index.htm",
        "finalLink": "https://www.sec.gov/Archives/edgar/data/1004434/000104746909007293/a2193932z10-q.htm"
    },
    {
        "date": "2009-03-31",
        "symbol": "AMG",
        "reportedCurrency": "USD",
        "cik": "0001004434",
        "fillingDate": "2009-05-11",
        "acceptedDate": "2009-05-11 16:43:10",
        "calendarYear": "2009",
        "period": "Q1",
        "revenue": 178475000,
        "costOfRevenue": 84160000,
        "grossProfit": 94315000,
        "grossProfitRatio": 0.5284493627,
        "researchAndDevelopmentExpenses": 0,
        "generalAndAdministrativeExpenses": 32507000,
        "sellingAndMarketingExpenses": 0,
        "sellingGeneralAndAdministrativeExpenses": 32507000,
        "otherExpenses": 17083000,
        "operatingExpenses": 49590000,
        "costAndExpenses": 133750000,
        "interestIncome": 0,
        "interestExpense": 19948000,
        "depreciationAndAmortization": 11333000,
        "ebitda": 58438000,
        "ebitdaratio": 0.327429612,
        "operatingIncome": 44725000,
        "operatingIncomeRatio": 0.2505953215,
        "totalOtherIncomeExpensesNet": -17568000,
        "incomeBeforeTax": 27157000,
        "incomeBeforeTaxRatio": 0.1521613671,
        "incomeTaxExpense": 3917000,
        "netIncome": 6125000,
        "netIncomeRatio": 0.034318532,
        "eps": 0.15,
        "epsdiluted": 0.15,
        "weightedAverageShsOut": 40022423,
        "weightedAverageShsOutDil": 41082130,
        "link": "https://www.sec.gov/Archives/edgar/data/1004434/000104746909005378/0001047469-09-005378-index.htm",
        "finalLink": "https://www.sec.gov/Archives/edgar/data/1004434/000104746909005378/a2192889z10-q.htm"
    },
    {
        "date": "2008-12-31",
        "symbol": "AMG",
        "reportedCurrency": "USD",
        "cik": "0001004434",
        "fillingDate": "2009-03-02",
        "acceptedDate": "2009-03-02 16:28:49",
        "calendarYear": "2008",
        "period": "Q4",
        "revenue": 223395000,
        "costOfRevenue": 101290000,
        "grossProfit": 122105000,
        "grossProfitRatio": 0.5465878825,
        "researchAndDevelopmentExpenses": 0,
        "generalAndAdministrativeExpenses": 63648000,
        "sellingAndMarketingExpenses": 0,
        "sellingGeneralAndAdministrativeExpenses": 63648000,
        "otherExpenses": 12486000,
        "operatingExpenses": 76134000,
        "costAndExpenses": 177424000,
        "interestIncome": 0,
        "interestExpense": 73891000,
        "depreciationAndAmortization": 17212000,
        "ebitda": 63183000,
        "ebitdaratio": 0.2828308601,
        "operatingIncome": 45971000,
        "operatingIncomeRatio": 0.2057834777,
        "totalOtherIncomeExpensesNet": -158473000,
        "incomeBeforeTax": -112502000,
        "incomeBeforeTaxRatio": -0.5036012444,
        "incomeTaxExpense": -42751000,
        "netIncome": -69751000,
        "netIncomeRatio": -0.3122316972,
        "eps": -1.74,
        "epsdiluted": -1.7,
        "weightedAverageShsOut": 38211326,
        "weightedAverageShsOutDil": 40872656,
        "link": "https://www.sec.gov/Archives/edgar/data/1004434/000104746909002123/0001047469-09-002123-index.htm",
        "finalLink": "https://www.sec.gov/Archives/edgar/data/1004434/000104746909002123/a2190957z10-k.htm"
    },
    {
        "date": "2008-09-30",
        "symbol": "AMG",
        "reportedCurrency": "USD",
        "cik": "0001004434",
        "fillingDate": "2008-11-10",
        "acceptedDate": "2008-11-10 16:05:47",
        "calendarYear": "2008",
        "period": "Q3",
        "revenue": 290824000,
        "costOfRevenue": 123703000,
        "grossProfit": 167121000,
        "grossProfitRatio": 0.5746465216,
        "researchAndDevelopmentExpenses": 0,
        "generalAndAdministrativeExpenses": 52808000,
        "sellingAndMarketingExpenses": 0,
        "sellingGeneralAndAdministrativeExpenses": 52808000,
        "otherExpenses": 11558000,
        "operatingExpenses": 64366000,
        "costAndExpenses": 188069000,
        "interestIncome": 0,
        "interestExpense": 17755000,
        "depreciationAndAmortization": 11558000,
        "ebitda": 114313000,
        "ebitdaratio": 0.3930659093,
        "operatingIncome": 102755000,
        "operatingIncomeRatio": 0.3533236597,
        "totalOtherIncomeExpensesNet": -54201000,
        "incomeBeforeTax": 48554000,
        "incomeBeforeTaxRatio": 0.1669532088,
        "incomeTaxExpense": 23706000,
        "netIncome": 24848000,
        "netIncomeRatio": 0.0854399912,
        "eps": 0.63,
        "epsdiluted": 0.59,
        "weightedAverageShsOut": 39522159,
        "weightedAverageShsOutDil": 42063538,
        "link": "https://www.sec.gov/Archives/edgar/data/1004434/000104746908011909/0001047469-08-011909-index.htm",
        "finalLink": "https://www.sec.gov/Archives/edgar/data/1004434/000104746908011909/a2188729z10-q.htm"
    },
    {
        "date": "2008-06-30",
        "symbol": "AMG",
        "reportedCurrency": "USD",
        "cik": "0001004434",
        "fillingDate": "2008-08-11",
        "acceptedDate": "2008-08-11 12:09:25",
        "calendarYear": "2008",
        "period": "Q2",
        "revenue": 308964000,
        "costOfRevenue": 140822000,
        "grossProfit": 168142000,
        "grossProfitRatio": 0.5442122707,
        "researchAndDevelopmentExpenses": 0,
        "generalAndAdministrativeExpenses": 47658000,
        "sellingAndMarketingExpenses": 0,
        "sellingGeneralAndAdministrativeExpenses": 47658000,
        "otherExpenses": 16503000,
        "operatingExpenses": 64681000,
        "costAndExpenses": 205503000,
        "interestIncome": 0,
        "interestExpense": 16927000,
        "depreciationAndAmortization": 11453000,
        "ebitda": 134158000,
        "ebitdaratio": 0.4342188734,
        "operatingIncome": 103461000,
        "operatingIncomeRatio": 0.334864256,
        "totalOtherIncomeExpensesNet": 2317000,
        "incomeBeforeTax": 105778000,
        "incomeBeforeTaxRatio": 0.3423635116,
        "incomeTaxExpense": 20341000,
        "netIncome": 34635000,
        "netIncomeRatio": 0.1121004389,
        "eps": 0.88,
        "epsdiluted": 0.82,
        "weightedAverageShsOut": 39300624,
        "weightedAverageShsOutDil": 42371454,
        "link": "https://www.sec.gov/Archives/edgar/data/1004434/000104746908009109/0001047469-08-009109-index.htm",
        "finalLink": "https://www.sec.gov/Archives/edgar/data/1004434/000104746908009109/a2187165z10-q.htm"
    },
    {
        "date": "2008-03-31",
        "symbol": "AMG",
        "reportedCurrency": "USD",
        "cik": "0001004434",
        "fillingDate": "2008-05-07",
        "acceptedDate": "2008-05-07 10:54:06",
        "calendarYear": "2008",
        "period": "Q1",
        "revenue": 335034000,
        "costOfRevenue": 151080000,
        "grossProfit": 183954000,
        "grossProfitRatio": 0.5490606923,
        "researchAndDevelopmentExpenses": 0,
        "generalAndAdministrativeExpenses": 57419000,
        "sellingAndMarketingExpenses": 0,
        "sellingGeneralAndAdministrativeExpenses": 57419000,
        "otherExpenses": 16537000,
        "operatingExpenses": 69387000,
        "costAndExpenses": 220467000,
        "interestIncome": 0,
        "interestExpense": 22937000,
        "depreciationAndAmortization": 11124000,
        "ebitda": 123406000,
        "ebitdaratio": 0.3683387358,
        "operatingIncome": 114567000,
        "operatingIncomeRatio": 0.3419563388,
        "totalOtherIncomeExpensesNet": -25222000,
        "incomeBeforeTax": 89345000,
        "incomeBeforeTaxRatio": 0.2666744271,
        "incomeTaxExpense": 18337000,
        "netIncome": 31223000,
        "netIncomeRatio": 0.0931935266,
        "eps": 0.91,
        "epsdiluted": 0.81,
        "weightedAverageShsOut": 34470123,
        "weightedAverageShsOutDil": 40821649,
        "link": "https://www.sec.gov/Archives/edgar/data/1004434/000104746908006093/0001047469-08-006093-index.htm",
        "finalLink": "https://www.sec.gov/Archives/edgar/data/1004434/000104746908006093/a2185300z10-q.htm"
    },
    {
        "date": "2007-12-31",
        "symbol": "AMG",
        "reportedCurrency": "USD",
        "cik": "0001004434",
        "fillingDate": "2008-02-29",
        "acceptedDate": "2008-02-29 16:27:00",
        "calendarYear": "2007",
        "period": "Q4",
        "revenue": 382960000,
        "costOfRevenue": 147448000,
        "grossProfit": 235512000,
        "grossProfitRatio": 0.6149780656,
        "researchAndDevelopmentExpenses": 0,
        "generalAndAdministrativeExpenses": 57008000,
        "sellingAndMarketingExpenses": 0,
        "sellingGeneralAndAdministrativeExpenses": 57008000,
        "otherExpenses": 207315000,
        "operatingExpenses": 264323000,
        "costAndExpenses": 411771000,
        "interestIncome": 0,
        "interestExpense": 76919000,
        "depreciationAndAmortization": 11688000,
        "ebitda": -17123000,
        "ebitdaratio": -0.0447122415,
        "operatingIncome": -28811000,
        "operatingIncomeRatio": -0.0752324003,
        "totalOtherIncomeExpensesNet": 125425000,
        "incomeBeforeTax": 96614000,
        "incomeBeforeTaxRatio": 0.2522822227,
        "incomeTaxExpense": 35747000,
        "netIncome": 60867000,
        "netIncomeRatio": 0.1589382703,
        "eps": 1.77,
        "epsdiluted": 1.34,
        "weightedAverageShsOut": 29464764,
        "weightedAverageShsOutDil": 44921784,
        "link": "https://www.sec.gov/Archives/edgar/data/1004434/000104746908002079/0001047469-08-002079-index.htm",
        "finalLink": "https://www.sec.gov/Archives/edgar/data/1004434/000104746908002079/a2183035z10-k.htm"
    },
    {
        "date": "2007-09-30",
        "symbol": "AMG",
        "reportedCurrency": "USD",
        "cik": "0001004434",
        "fillingDate": "2007-11-09",
        "acceptedDate": "2007-11-09 12:35:56",
        "calendarYear": "2007",
        "period": "Q3",
        "revenue": 345605000,
        "costOfRevenue": 149876000,
        "grossProfit": 195729000,
        "grossProfitRatio": 0.5663372926,
        "researchAndDevelopmentExpenses": 0,
        "generalAndAdministrativeExpenses": 57410000,
        "sellingAndMarketingExpenses": 0,
        "sellingGeneralAndAdministrativeExpenses": 57410000,
        "otherExpenses": 10699000,
        "operatingExpenses": 68109000,
        "costAndExpenses": 217985000,
        "interestIncome": 0,
        "interestExpense": 17998000,
        "depreciationAndAmortization": 11481000,
        "ebitda": 139101000,
        "ebitdaratio": 0.4024854964,
        "operatingIncome": 127620000,
        "operatingIncomeRatio": 0.369265491,
        "totalOtherIncomeExpensesNet": -60024000,
        "incomeBeforeTax": 67596000,
        "incomeBeforeTaxRatio": 0.1955874481,
        "incomeTaxExpense": 25011000,
        "netIncome": 42585000,
        "netIncomeRatio": 0.1232187034,
        "eps": 1.43,
        "epsdiluted": 1.07,
        "weightedAverageShsOut": 29857038,
        "weightedAverageShsOutDil": 44672886,
        "link": "https://www.sec.gov/Archives/edgar/data/1004434/000104746907008842/0001047469-07-008842-index.htm",
        "finalLink": "https://www.sec.gov/Archives/edgar/data/1004434/000104746907008842/a2180741z10-q.htm"
    },
    {
        "date": "2007-06-30",
        "symbol": "AMG",
        "reportedCurrency": "USD",
        "cik": "0001004434",
        "fillingDate": "2007-08-09",
        "acceptedDate": "2007-08-09 14:47:06",
        "calendarYear": "2007",
        "period": "Q2",
        "revenue": 331464000,
        "costOfRevenue": 143109000,
        "grossProfit": 188355000,
        "grossProfitRatio": 0.5682517558,
        "researchAndDevelopmentExpenses": 0,
        "generalAndAdministrativeExpenses": 48961000,
        "sellingAndMarketingExpenses": 0,
        "sellingGeneralAndAdministrativeExpenses": 48961000,
        "otherExpenses": 15450000,
        "operatingExpenses": 64411000,
        "costAndExpenses": 207520000,
        "interestIncome": 0,
        "interestExpense": 18378000,
        "depreciationAndAmortization": 11112000,
        "ebitda": 135056000,
        "ebitdaratio": 0.4074529964,
        "operatingIncome": 123944000,
        "operatingIncomeRatio": 0.3739289938,
        "totalOtherIncomeExpensesNet": -57457000,
        "incomeBeforeTax": 66487000,
        "incomeBeforeTaxRatio": 0.2005858856,
        "incomeTaxExpense": 24600000,
        "netIncome": 41887000,
        "netIncomeRatio": 0.1263696812,
        "eps": 1.4,
        "epsdiluted": 1.04,
        "weightedAverageShsOut": 29847093,
        "weightedAverageShsOutDil": 45230844,
        "link": "https://www.sec.gov/Archives/edgar/data/1004434/000110465907060788/0001104659-07-060788-index.htm",
        "finalLink": "https://www.sec.gov/Archives/edgar/data/1004434/000110465907060788/a07-19025_110q.htm"
    },
    {
        "date": "2007-03-31",
        "symbol": "AMG",
        "reportedCurrency": "USD",
        "cik": "0001004434",
        "fillingDate": "2007-05-10",
        "acceptedDate": "2007-05-10 14:07:47",
        "calendarYear": "2007",
        "period": "Q1",
        "revenue": 309837000,
        "costOfRevenue": 141721000,
        "grossProfit": 168116000,
        "grossProfitRatio": 0.5425949774,
        "researchAndDevelopmentExpenses": 0,
        "generalAndAdministrativeExpenses": 45506000,
        "sellingAndMarketingExpenses": 0,
        "sellingGeneralAndAdministrativeExpenses": 45506000,
        "otherExpenses": 10308000,
        "operatingExpenses": 55814000,
        "costAndExpenses": 197535000,
        "interestIncome": 0,
        "interestExpense": 18387000,
        "depreciationAndAmortization": 11066000,
        "ebitda": 123368000,
        "ebitdaratio": 0.398170651,
        "operatingIncome": 112302000,
        "operatingIncomeRatio": 0.3624550974,
        "totalOtherIncomeExpensesNet": -54172000,
        "incomeBeforeTax": 58130000,
        "incomeBeforeTaxRatio": 0.1876147781,
        "incomeTaxExpense": 21508000,
        "netIncome": 36622000,
        "netIncomeRatio": 0.1181976329,
        "eps": 1.23,
        "epsdiluted": 0.93,
        "weightedAverageShsOut": 29698622,
        "weightedAverageShsOutDil": 44600908,
        "link": "https://www.sec.gov/Archives/edgar/data/1004434/000110465907038141/0001104659-07-038141-index.htm",
        "finalLink": "https://www.sec.gov/Archives/edgar/data/1004434/000110465907038141/a07-11018_110q.htm"
    },
    {
        "date": "2006-12-31",
        "symbol": "AMG",
        "reportedCurrency": "USD",
        "cik": "0001004434",
        "fillingDate": "2007-03-01",
        "acceptedDate": "2007-03-01 15:06:42",
        "calendarYear": "2006",
        "period": "Q4",
        "revenue": 328763000,
        "costOfRevenue": 114371000,
        "grossProfit": 214392000,
        "grossProfitRatio": 0.6521171786,
        "researchAndDevelopmentExpenses": 0,
        "generalAndAdministrativeExpenses": 61496000,
        "sellingAndMarketingExpenses": 0,
        "sellingGeneralAndAdministrativeExpenses": 61496000,
        "otherExpenses": 9222000,
        "operatingExpenses": 70718000,
        "costAndExpenses": 185089000,
        "interestIncome": 0,
        "interestExpense": 37426000,
        "depreciationAndAmortization": 9962000,
        "ebitda": 153636000,
        "ebitdaratio": 0.4673153609,
        "operatingIncome": 143674000,
        "operatingIncomeRatio": 0.4370138975,
        "totalOtherIncomeExpensesNet": -65969000,
        "incomeBeforeTax": 77705000,
        "incomeBeforeTaxRatio": 0.2363556726,
        "incomeTaxExpense": 28751000,
        "netIncome": 48954000,
        "netIncomeRatio": 0.1489036175,
        "eps": 1.65,
        "epsdiluted": 1.1,
        "weightedAverageShsOut": 29698622,
        "weightedAverageShsOutDil": 44600908,
        "link": "https://www.sec.gov/Archives/edgar/data/1004434/000110465907015471/0001104659-07-015471-index.htm",
        "finalLink": "https://www.sec.gov/Archives/edgar/data/1004434/000110465907015471/a07-6547_110k.htm"
    },
    {
        "date": "2006-09-30",
        "symbol": "AMG",
        "reportedCurrency": "USD",
        "cik": "0001004434",
        "fillingDate": "2006-11-09",
        "acceptedDate": "2006-11-09 14:46:57",
        "calendarYear": "2006",
        "period": "Q3",
        "revenue": 280440000,
        "costOfRevenue": 122841000,
        "grossProfit": 157599000,
        "grossProfitRatio": 0.561970475,
        "researchAndDevelopmentExpenses": 0,
        "generalAndAdministrativeExpenses": 46462000,
        "sellingAndMarketingExpenses": 0,
        "sellingGeneralAndAdministrativeExpenses": 46462000,
        "otherExpenses": 9078000,
        "operatingExpenses": 55540000,
        "costAndExpenses": 178381000,
        "interestIncome": 0,
        "interestExpense": 16250000,
        "depreciationAndAmortization": 9810000,
        "ebitda": 111869000,
        "ebitdaratio": 0.3989052917,
        "operatingIncome": 102059000,
        "operatingIncomeRatio": 0.3639245471,
        "totalOtherIncomeExpensesNet": -49446000,
        "incomeBeforeTax": 52613000,
        "incomeBeforeTaxRatio": 0.1876087577,
        "incomeTaxExpense": 19467000,
        "netIncome": 33146000,
        "netIncomeRatio": 0.1181928398,
        "eps": 1.09,
        "epsdiluted": 0.87,
        "weightedAverageShsOut": 30371364,
        "weightedAverageShsOutDil": 44399722,
        "link": "https://www.sec.gov/Archives/edgar/data/1004434/000110465906073472/0001104659-06-073472-index.htm",
        "finalLink": "https://www.sec.gov/Archives/edgar/data/1004434/000110465906073472/a06-21902_110q.htm"
    },
    {
        "date": "2006-06-30",
        "symbol": "AMG",
        "reportedCurrency": "USD",
        "cik": "0001004434",
        "fillingDate": "2006-08-09",
        "acceptedDate": "2006-08-09 15:02:29",
        "calendarYear": "2006",
        "period": "Q2",
        "revenue": 283108000,
        "costOfRevenue": 118671000,
        "grossProfit": 164437000,
        "grossProfitRatio": 0.5808278113,
        "researchAndDevelopmentExpenses": 0,
        "generalAndAdministrativeExpenses": 50873000,
        "sellingAndMarketingExpenses": 0,
        "sellingGeneralAndAdministrativeExpenses": 50873000,
        "otherExpenses": 9090000,
        "operatingExpenses": 59963000,
        "costAndExpenses": 178634000,
        "interestIncome": 0,
        "interestExpense": 15102000,
        "depreciationAndAmortization": 9818000,
        "ebitda": 114292000,
        "ebitdaratio": 0.4037045933,
        "operatingIncome": 104474000,
        "operatingIncomeRatio": 0.3690252483,
        "totalOtherIncomeExpensesNet": -52842000,
        "incomeBeforeTax": 51632000,
        "incomeBeforeTaxRatio": 0.1823756305,
        "incomeTaxExpense": 17696000,
        "netIncome": 33936000,
        "netIncomeRatio": 0.1198694491,
        "eps": 1.09,
        "epsdiluted": 0.86,
        "weightedAverageShsOut": 31224354,
        "weightedAverageShsOutDil": 45213524,
        "link": "https://www.sec.gov/Archives/edgar/data/1004434/000110465906053041/0001104659-06-053041-index.htm",
        "finalLink": "https://www.sec.gov/Archives/edgar/data/1004434/000110465906053041/a06-15592_110q.htm"
    },
    {
        "date": "2006-03-31",
        "symbol": "AMG",
        "reportedCurrency": "USD",
        "cik": "0001004434",
        "fillingDate": "2006-05-10",
        "acceptedDate": "2006-05-10 15:41:45",
        "calendarYear": "2006",
        "period": "Q1",
        "revenue": 278042000,
        "costOfRevenue": 5586000,
        "grossProfit": 272456000,
        "grossProfitRatio": 0.9799095101,
        "researchAndDevelopmentExpenses": 0,
        "generalAndAdministrativeExpenses": 160000000,
        "sellingAndMarketingExpenses": 0,
        "sellingGeneralAndAdministrativeExpenses": 160000000,
        "otherExpenses": 8750000,
        "operatingExpenses": 168750000,
        "costAndExpenses": 174336000,
        "interestIncome": 0,
        "interestExpense": 11482000,
        "depreciationAndAmortization": 9413000,
        "ebitda": 113119000,
        "ebitdaratio": 0.4068414124,
        "operatingIncome": 103706000,
        "operatingIncomeRatio": 0.3729868149,
        "totalOtherIncomeExpensesNet": -47769000,
        "incomeBeforeTax": 55937000,
        "incomeBeforeTaxRatio": 0.2011818358,
        "incomeTaxExpense": 20697000,
        "netIncome": 35240000,
        "netIncomeRatio": 0.1267434416,
        "eps": 1.05,
        "epsdiluted": 0.81,
        "weightedAverageShsOut": 33681230,
        "weightedAverageShsOutDil": 46307678,
        "link": "https://www.sec.gov/Archives/edgar/data/1004434/000110465906033243/0001104659-06-033243-index.htm",
        "finalLink": "https://www.sec.gov/Archives/edgar/data/1004434/000110465906033243/a06-9746_110q.htm"
    },
    {
        "date": "2005-12-31",
        "symbol": "AMG",
        "reportedCurrency": "USD",
        "cik": "0001004434",
        "fillingDate": "2006-03-16",
        "acceptedDate": "2006-03-16 12:27:35",
        "calendarYear": "2005",
        "period": "Q4",
        "revenue": 272497000,
        "costOfRevenue": 6426000,
        "grossProfit": 266071000,
        "grossProfitRatio": 0.976418089,
        "researchAndDevelopmentExpenses": 0,
        "generalAndAdministrativeExpenses": 153208000,
        "sellingAndMarketingExpenses": 0,
        "sellingGeneralAndAdministrativeExpenses": 153208000,
        "otherExpenses": 8852000,
        "operatingExpenses": 162060000,
        "costAndExpenses": 168486000,
        "interestIncome": 0,
        "interestExpense": 37426000,
        "depreciationAndAmortization": 9595000,
        "ebitda": 113606000,
        "ebitdaratio": 0.4169073421,
        "operatingIncome": 104011000,
        "operatingIncomeRatio": 0.3816959453,
        "totalOtherIncomeExpensesNet": -42481000,
        "incomeBeforeTax": 61530000,
        "incomeBeforeTaxRatio": 0.225800651,
        "incomeTaxExpense": 22766000,
        "netIncome": 38764000,
        "netIncomeRatio": 0.1422547771,
        "eps": 1.15,
        "epsdiluted": 0.84,
        "weightedAverageShsOut": 33667542,
        "weightedAverageShsOutDil": 44689655,
        "link": "https://www.sec.gov/Archives/edgar/data/1004434/000104746906003533/0001047469-06-003533-index.htm",
        "finalLink": "https://www.sec.gov/Archives/edgar/data/1004434/000104746906003533/a2168119z10-k.htm"
    },
    {
        "date": "2005-09-30",
        "symbol": "AMG",
        "reportedCurrency": "USD",
        "cik": "0001004434",
        "fillingDate": "2005-10-09",
        "acceptedDate": "2005-11-09 17:49:11",
        "calendarYear": "2005",
        "period": "Q3",
        "revenue": 234126000,
        "costOfRevenue": 95474000,
        "grossProfit": 138652000,
        "grossProfitRatio": 0.5922110317,
        "researchAndDevelopmentExpenses": 0,
        "generalAndAdministrativeExpenses": 139483000,
        "sellingAndMarketingExpenses": 0,
        "sellingGeneralAndAdministrativeExpenses": 139483000,
        "otherExpenses": 8560000,
        "operatingExpenses": 57883000,
        "costAndExpenses": 153357000,
        "interestIncome": 0,
        "interestExpense": 10071000,
        "depreciationAndAmortization": 9324000,
        "ebitda": 90093000,
        "ebitdaratio": 0.3848056175,
        "operatingIncome": 80769000,
        "operatingIncomeRatio": 0.3449809077,
        "totalOtherIncomeExpensesNet": -35515000,
        "incomeBeforeTax": 45254000,
        "incomeBeforeTaxRatio": 0.1932890837,
        "incomeTaxExpense": 16744000,
        "netIncome": 28510000,
        "netIncomeRatio": 0.1217720373,
        "eps": 0.84,
        "epsdiluted": 0.67,
        "weightedAverageShsOut": 33926047,
        "weightedAverageShsOutDil": 44908036,
        "link": "https://www.sec.gov/Archives/edgar/data/1004434/000110465905054205/0001104659-05-054205-index.htm",
        "finalLink": "https://www.sec.gov/Archives/edgar/data/1004434/000110465905054205/a05-18540_110q.htm"
    },
    {
        "date": "2005-06-30",
        "symbol": "AMG",
        "reportedCurrency": "USD",
        "cik": "0001004434",
        "fillingDate": "2005-08-09",
        "acceptedDate": "2005-08-09 14:21:44",
        "calendarYear": "2005",
        "period": "Q2",
        "revenue": 208257000,
        "costOfRevenue": 82859000,
        "grossProfit": 125398000,
        "grossProfitRatio": 0.6021310208,
        "researchAndDevelopmentExpenses": 0,
        "generalAndAdministrativeExpenses": 120336000,
        "sellingAndMarketingExpenses": 0,
        "sellingGeneralAndAdministrativeExpenses": 120336000,
        "otherExpenses": 7220000,
        "operatingExpenses": 49615000,
        "costAndExpenses": 132474000,
        "interestIncome": 0,
        "interestExpense": 8541000,
        "depreciationAndAmortization": 7986000,
        "ebitda": 83769000,
        "ebitdaratio": 0.4022385802,
        "operatingIncome": 75783000,
        "operatingIncomeRatio": 0.3638917299,
        "totalOtherIncomeExpensesNet": -34130000,
        "incomeBeforeTax": 41653000,
        "incomeBeforeTaxRatio": 0.2000076828,
        "incomeTaxExpense": 15412000,
        "netIncome": 26241000,
        "netIncomeRatio": 0.1260029675,
        "eps": 0.78,
        "epsdiluted": 0.63,
        "weightedAverageShsOut": 33591741,
        "weightedAverageShsOutDil": 44375152,
        "link": "https://www.sec.gov/Archives/edgar/data/1004434/000110465905037772/0001104659-05-037772-index.htm",
        "finalLink": "https://www.sec.gov/Archives/edgar/data/1004434/000110465905037772/a05-14425_110q.htm"
    },
    {
        "date": "2005-03-31",
        "symbol": "AMG",
        "reportedCurrency": "USD",
        "cik": "0001004434",
        "fillingDate": "2005-05-10",
        "acceptedDate": "2005-05-10 15:47:09",
        "calendarYear": "2005",
        "period": "Q1",
        "revenue": 201612000,
        "costOfRevenue": 4839000,
        "grossProfit": 196773000,
        "grossProfitRatio": 0.9759984525,
        "researchAndDevelopmentExpenses": 0,
        "generalAndAdministrativeExpenses": 115011000,
        "sellingAndMarketingExpenses": 0,
        "sellingGeneralAndAdministrativeExpenses": 115011000,
        "otherExpenses": 7270000,
        "operatingExpenses": 122281000,
        "costAndExpenses": 127120000,
        "interestIncome": 0,
        "interestExpense": 8070000,
        "depreciationAndAmortization": 8015000,
        "ebitda": 82507000,
        "ebitdaratio": 0.4092365534,
        "operatingIncome": 74492000,
        "operatingIncomeRatio": 0.3694819753,
        "totalOtherIncomeExpensesNet": -33277000,
        "incomeBeforeTax": 41215000,
        "incomeBeforeTaxRatio": 0.2044273158,
        "incomeTaxExpense": 15662000,
        "netIncome": 25553000,
        "netIncomeRatio": 0.1267434478,
        "eps": 0.77,
        "epsdiluted": 0.61,
        "weightedAverageShsOut": 33311259,
        "weightedAverageShsOutDil": 44075669,
        "link": "https://www.sec.gov/Archives/edgar/data/1004434/000104746905014172/0001047469-05-014172-index.htm",
        "finalLink": "https://www.sec.gov/Archives/edgar/data/1004434/000104746905014172/a2157752z10-q.htm"
    },
    {
        "date": "2004-12-31",
        "symbol": "AMG",
        "reportedCurrency": "USD",
        "cik": "0001004434",
        "fillingDate": "2005-03-16",
        "acceptedDate": "2005-03-16 17:09:45",
        "calendarYear": "2004",
        "period": "Q4",
        "revenue": 183955000,
        "costOfRevenue": 4359000,
        "grossProfit": 179596000,
        "grossProfitRatio": 0.9763039874,
        "researchAndDevelopmentExpenses": 0,
        "generalAndAdministrativeExpenses": 97435000,
        "sellingAndMarketingExpenses": 0,
        "sellingGeneralAndAdministrativeExpenses": 97435000,
        "otherExpenses": 6748000,
        "operatingExpenses": 104183000,
        "costAndExpenses": 108542000,
        "interestIncome": 0,
        "interestExpense": 31725000,
        "depreciationAndAmortization": 7537000,
        "ebitda": 82950000,
        "ebitdaratio": 0.4509254981,
        "operatingIncome": 75413000,
        "operatingIncomeRatio": 0.4099535212,
        "totalOtherIncomeExpensesNet": -36649000,
        "incomeBeforeTax": 38764000,
        "incomeBeforeTaxRatio": 0.2107254492,
        "incomeTaxExpense": 15506000,
        "netIncome": 23258000,
        "netIncomeRatio": 0.1264330951,
        "eps": 0.7,
        "epsdiluted": 0.53,
        "weightedAverageShsOut": 29994560,
        "weightedAverageShsOutDil": 39644676,
        "link": "https://www.sec.gov/Archives/edgar/data/1004434/000104746905006812/0001047469-05-006812-index.htm",
        "finalLink": "https://www.sec.gov/Archives/edgar/data/1004434/000104746905006812/a2153635z10-k.htm"
    },
    {
        "date": "2004-09-30",
        "symbol": "AMG",
        "reportedCurrency": "USD",
        "cik": "0001004434",
        "fillingDate": "2004-11-09",
        "acceptedDate": "2004-11-09 16:43:18",
        "calendarYear": "2004",
        "period": "Q3",
        "revenue": 165846000,
        "costOfRevenue": 5176000,
        "grossProfit": 160670000,
        "grossProfitRatio": 0.9687903236,
        "researchAndDevelopmentExpenses": 0,
        "generalAndAdministrativeExpenses": 89736000,
        "sellingAndMarketingExpenses": 0,
        "sellingGeneralAndAdministrativeExpenses": 89736000,
        "otherExpenses": 6537000,
        "operatingExpenses": 96273000,
        "costAndExpenses": 101449000,
        "interestIncome": 0,
        "interestExpense": 8193000,
        "depreciationAndAmortization": 7557000,
        "ebitda": 71954000,
        "ebitdaratio": 0.4338603283,
        "operatingIncome": 64397000,
        "operatingIncomeRatio": 0.3882939595,
        "totalOtherIncomeExpensesNet": -36399000,
        "incomeBeforeTax": 27998000,
        "incomeBeforeTaxRatio": 0.1688192661,
        "incomeTaxExpense": 11199000,
        "netIncome": 16799000,
        "netIncomeRatio": 0.1012927656,
        "eps": 0.57,
        "epsdiluted": 0.46,
        "weightedAverageShsOut": 29353068,
        "weightedAverageShsOutDil": 38481044,
        "link": "https://www.sec.gov/Archives/edgar/data/1004434/000104746904033605/0001047469-04-033605-index.htm",
        "finalLink": "https://www.sec.gov/Archives/edgar/data/1004434/000104746904033605/a2146250z10-q.htm"
    },
    {
        "date": "2004-06-30",
        "symbol": "AMG",
        "reportedCurrency": "USD",
        "cik": "0001004434",
        "fillingDate": "2004-08-09",
        "acceptedDate": "2004-08-09 16:19:37",
        "calendarYear": "2004",
        "period": "Q2",
        "revenue": 158562000,
        "costOfRevenue": 3451000,
        "grossProfit": 155111000,
        "grossProfitRatio": 0.9782356428,
        "researchAndDevelopmentExpenses": 0,
        "generalAndAdministrativeExpenses": 82916000,
        "sellingAndMarketingExpenses": 0,
        "sellingGeneralAndAdministrativeExpenses": 82916000,
        "otherExpenses": 5783000,
        "operatingExpenses": 88699000,
        "costAndExpenses": 92150000,
        "interestIncome": 0,
        "interestExpense": 8810000,
        "depreciationAndAmortization": 6711000,
        "ebitda": 73123000,
        "ebitdaratio": 0.4611634566,
        "operatingIncome": 66412000,
        "operatingIncomeRatio": 0.4188393184,
        "totalOtherIncomeExpensesNet": -34878000,
        "incomeBeforeTax": 31534000,
        "incomeBeforeTaxRatio": 0.1988748881,
        "incomeTaxExpense": 12614000,
        "netIncome": 18920000,
        "netIncomeRatio": 0.1193224102,
        "eps": 0.65,
        "epsdiluted": 0.51,
        "weightedAverageShsOut": 28992832,
        "weightedAverageShsOutDil": 38197082,
        "link": "https://www.sec.gov/Archives/edgar/data/1004434/000104746904025834/0001047469-04-025834-index.htm",
        "finalLink": "https://www.sec.gov/Archives/edgar/data/1004434/000104746904025834/a2141612z10-q.htm"
    },
    {
        "date": "2004-03-31",
        "symbol": "AMG",
        "reportedCurrency": "USD",
        "cik": "0001004434",
        "fillingDate": "2004-05-10",
        "acceptedDate": "2004-05-07 20:16:06",
        "calendarYear": "2004",
        "period": "Q1",
        "revenue": 151634000,
        "costOfRevenue": 3722000,
        "grossProfit": 147912000,
        "grossProfitRatio": 0.9754540538,
        "researchAndDevelopmentExpenses": 0,
        "generalAndAdministrativeExpenses": 80612000,
        "sellingAndMarketingExpenses": 0,
        "sellingGeneralAndAdministrativeExpenses": 80612000,
        "otherExpenses": 5640000,
        "operatingExpenses": 86252000,
        "costAndExpenses": 89974000,
        "interestIncome": 0,
        "interestExpense": 7315000,
        "depreciationAndAmortization": 6544000,
        "ebitda": 68204000,
        "ebitdaratio": 0.4497935819,
        "operatingIncome": 61660000,
        "operatingIncomeRatio": 0.4066370339,
        "totalOtherIncomeExpensesNet": -30863000,
        "incomeBeforeTax": 30797000,
        "incomeBeforeTaxRatio": 0.2031008877,
        "incomeTaxExpense": 12627000,
        "netIncome": 18170000,
        "netIncomeRatio": 0.1198280069,
        "eps": 0.6,
        "epsdiluted": 0.57,
        "weightedAverageShsOut": 30310432,
        "weightedAverageShsOutDil": 31955353,
        "link": "https://www.sec.gov/Archives/edgar/data/1004434/000104746904016516/0001047469-04-016516-index.htm",
        "finalLink": "https://www.sec.gov/Archives/edgar/data/1004434/000104746904016516/a2135956z10-q.htm"
    },
    {
        "date": "2003-12-31",
        "symbol": "AMG",
        "reportedCurrency": "USD",
        "cik": "0001004434",
        "fillingDate": "2004-03-15",
        "acceptedDate": "2004-03-15 16:37:36",
        "calendarYear": "2003",
        "period": "Q4",
        "revenue": 139616000,
        "costOfRevenue": 4537000,
        "grossProfit": 135079000,
        "grossProfitRatio": 0.9675037245,
        "researchAndDevelopmentExpenses": 0,
        "generalAndAdministrativeExpenses": 70630000,
        "sellingAndMarketingExpenses": 0,
        "sellingGeneralAndAdministrativeExpenses": 70630000,
        "otherExpenses": 5611000,
        "operatingExpenses": 76241000,
        "costAndExpenses": 80778000,
        "interestIncome": 0,
        "interestExpense": 22976000,
        "depreciationAndAmortization": 6483000,
        "ebitda": 65321000,
        "ebitdaratio": 0.4678618496,
        "operatingIncome": 58838000,
        "operatingIncomeRatio": 0.4214273436,
        "totalOtherIncomeExpensesNet": -29495000,
        "incomeBeforeTax": 29343000,
        "incomeBeforeTaxRatio": 0.2101693216,
        "incomeTaxExpense": 12030000,
        "netIncome": 17313000,
        "netIncomeRatio": 0.1240044121,
        "eps": 0.43,
        "epsdiluted": 0.37,
        "weightedAverageShsOut": 39822676,
        "weightedAverageShsOutDil": 46560696,
        "link": "https://www.sec.gov/Archives/edgar/data/1004434/000104746904008009/0001047469-04-008009-index.htm",
        "finalLink": "https://www.sec.gov/Archives/edgar/data/1004434/000104746904008009/a2130539z10-k.htm"
    },
    {
        "date": "2003-09-30",
        "symbol": "AMG",
        "reportedCurrency": "USD",
        "cik": "0001004434",
        "fillingDate": "2003-11-14",
        "acceptedDate": "2003-11-14 15:38:39",
        "calendarYear": "2003",
        "period": "Q3",
        "revenue": 128465000,
        "costOfRevenue": 3741000,
        "grossProfit": 124724000,
        "grossProfitRatio": 0.9708792278,
        "researchAndDevelopmentExpenses": 0,
        "generalAndAdministrativeExpenses": 68501000,
        "sellingAndMarketingExpenses": 0,
        "sellingGeneralAndAdministrativeExpenses": 68501000,
        "otherExpenses": 5625000,
        "operatingExpenses": 74126000,
        "costAndExpenses": 77867000,
        "interestIncome": 0,
        "interestExpense": 5901000,
        "depreciationAndAmortization": 6583000,
        "ebitda": 57181000,
        "ebitdaratio": 0.4451095629,
        "operatingIncome": 50598000,
        "operatingIncomeRatio": 0.3938660335,
        "totalOtherIncomeExpensesNet": -22810000,
        "incomeBeforeTax": 27788000,
        "incomeBeforeTaxRatio": 0.2163079438,
        "incomeTaxExpense": 11393000,
        "netIncome": 16395000,
        "netIncomeRatio": 0.1276223096,
        "eps": 0.51,
        "epsdiluted": 0.5,
        "weightedAverageShsOut": 31843368,
        "weightedAverageShsOutDil": 32951832,
        "link": "https://www.sec.gov/Archives/edgar/data/1004434/000104746903037493/0001047469-03-037493-index.htm",
        "finalLink": "https://www.sec.gov/Archives/edgar/data/1004434/000104746903037493/a2122629z10-q.htm"
    },
    {
        "date": "2003-06-30",
        "symbol": "AMG",
        "reportedCurrency": "USD",
        "cik": "0001004434",
        "fillingDate": "2003-08-14",
        "acceptedDate": "2003-08-14 15:58:49",
        "calendarYear": "2003",
        "period": "Q2",
        "revenue": 116701000,
        "costOfRevenue": 3810000,
        "grossProfit": 112891000,
        "grossProfitRatio": 0.9673524648,
        "researchAndDevelopmentExpenses": 0,
        "generalAndAdministrativeExpenses": 61091000,
        "sellingAndMarketingExpenses": 0,
        "sellingGeneralAndAdministrativeExpenses": 61091000,
        "otherExpenses": 5643000,
        "operatingExpenses": 66734000,
        "costAndExpenses": 70544000,
        "interestIncome": 0,
        "interestExpense": 5981000,
        "depreciationAndAmortization": 6496000,
        "ebitda": 52653000,
        "ebitdaratio": 0.4511786531,
        "operatingIncome": 46157000,
        "operatingIncomeRatio": 0.3955150341,
        "totalOtherIncomeExpensesNet": -23118000,
        "incomeBeforeTax": 23039000,
        "incomeBeforeTaxRatio": 0.1974190453,
        "incomeTaxExpense": 9216000,
        "netIncome": 13823000,
        "netIncomeRatio": 0.1184479996,
        "eps": 0.44,
        "epsdiluted": 0.43,
        "weightedAverageShsOut": 31566975,
        "weightedAverageShsOutDil": 32228521,
        "link": "https://www.sec.gov/Archives/edgar/data/1004434/000104746903027750/0001047469-03-027750-index.htm",
        "finalLink": "https://www.sec.gov/Archives/edgar/data/1004434/000104746903027750/a2116914z10-q.htm"
    },
    {
        "date": "2003-03-31",
        "symbol": "AMG",
        "reportedCurrency": "USD",
        "cik": "0001004434",
        "fillingDate": "2003-05-15",
        "acceptedDate": "2003-05-15 16:56:10",
        "calendarYear": "2003",
        "period": "Q1",
        "revenue": 110247000,
        "costOfRevenue": 3968000,
        "grossProfit": 106279000,
        "grossProfitRatio": 0.9640080909,
        "researchAndDevelopmentExpenses": 0,
        "generalAndAdministrativeExpenses": 58829000,
        "sellingAndMarketingExpenses": 0,
        "sellingGeneralAndAdministrativeExpenses": 58829000,
        "otherExpenses": 5528000,
        "operatingExpenses": 64357000,
        "costAndExpenses": 68325000,
        "interestIncome": 0,
        "interestExpense": 5441000,
        "depreciationAndAmortization": 6131000,
        "ebitda": 48053000,
        "ebitdaratio": 0.4358667356,
        "operatingIncome": 41922000,
        "operatingIncomeRatio": 0.380255245,
        "totalOtherIncomeExpensesNet": -20260000,
        "incomeBeforeTax": 21662000,
        "incomeBeforeTaxRatio": 0.1964860722,
        "incomeTaxExpense": 8665000,
        "netIncome": 12997000,
        "netIncomeRatio": 0.1178898292,
        "eps": 0.41,
        "epsdiluted": 0.41,
        "weightedAverageShsOut": 32088223,
        "weightedAverageShsOutDil": 32593413,
        "link": "https://www.sec.gov/Archives/edgar/data/1004434/000091205703000223/0000912057-03-000223-index.htm",
        "finalLink": "https://www.sec.gov/Archives/edgar/data/1004434/000091205703000223/a2111266z10-q.htm"
    },
    {
        "date": "2002-12-31",
        "symbol": "AMG",
        "reportedCurrency": "USD",
        "cik": "0001004434",
        "fillingDate": "2003-03-31",
        "acceptedDate": "2003-03-31 16:28:50",
        "calendarYear": "2002",
        "period": "Q4",
        "revenue": 118312000,
        "costOfRevenue": 4691000,
        "grossProfit": 113621000,
        "grossProfitRatio": 0.9603505984,
        "researchAndDevelopmentExpenses": 0,
        "generalAndAdministrativeExpenses": 62788000,
        "sellingAndMarketingExpenses": 0,
        "sellingGeneralAndAdministrativeExpenses": 62788000,
        "otherExpenses": 5528000,
        "operatingExpenses": 68316000,
        "costAndExpenses": 73007000,
        "interestIncome": 0,
        "interestExpense": 25217000,
        "depreciationAndAmortization": 6152000,
        "ebitda": 51457000,
        "ebitdaratio": 0.4349262966,
        "operatingIncome": 45305000,
        "operatingIncomeRatio": 0.3829281899,
        "totalOtherIncomeExpensesNet": -23201000,
        "incomeBeforeTax": 22104000,
        "incomeBeforeTaxRatio": 0.1868280479,
        "incomeTaxExpense": 8842000,
        "netIncome": 13262000,
        "netIncomeRatio": 0.1120934478,
        "eps": 0.4,
        "epsdiluted": 0.39,
        "weightedAverageShsOut": 32945118,
        "weightedAverageShsOutDil": 33659275,
        "link": "https://www.sec.gov/Archives/edgar/data/1004434/000104746903011288/0001047469-03-011288-index.htm",
        "finalLink": "https://www.sec.gov/Archives/edgar/data/1004434/000104746903011288/a2106221z10-k.htm"
    },
    {
        "date": "2002-09-30",
        "symbol": "AMG",
        "reportedCurrency": "USD",
        "cik": "0001004434",
        "fillingDate": "2002-11-14",
        "acceptedDate": "2002-11-14 18:29:08",
        "calendarYear": "2002",
        "period": "Q3",
        "revenue": 115258000,
        "costOfRevenue": 4265000,
        "grossProfit": 110993000,
        "grossProfitRatio": 0.962996061,
        "researchAndDevelopmentExpenses": 0,
        "generalAndAdministrativeExpenses": 60418000,
        "sellingAndMarketingExpenses": 0,
        "sellingGeneralAndAdministrativeExpenses": 60418000,
        "otherExpenses": 5350000,
        "operatingExpenses": 65768000,
        "costAndExpenses": 70033000,
        "interestIncome": 0,
        "interestExpense": 5974000,
        "depreciationAndAmortization": 5666000,
        "ebitda": 50891000,
        "ebitdaratio": 0.4415398497,
        "operatingIncome": 45225000,
        "operatingIncomeRatio": 0.3923805723,
        "totalOtherIncomeExpensesNet": -23859000,
        "incomeBeforeTax": 21366000,
        "incomeBeforeTaxRatio": 0.1853754186,
        "incomeTaxExpense": 8547000,
        "netIncome": 12819000,
        "netIncomeRatio": 0.1112200455,
        "eps": 0.39,
        "epsdiluted": 0.38,
        "weightedAverageShsOut": 32861013,
        "weightedAverageShsOutDil": 33452701,
        "link": "https://www.sec.gov/Archives/edgar/data/1004434/000104746902003154/0001047469-02-003154-index.htm",
        "finalLink": "https://www.sec.gov/Archives/edgar/data/1004434/000104746902003154/a2093371z10-q.htm"
    },
    {
        "date": "2002-06-30",
        "symbol": "AMG",
        "reportedCurrency": "USD",
        "cik": "0001004434",
        "fillingDate": "2002-08-14",
        "acceptedDate": "2002-08-14 08:09:38",
        "calendarYear": "2002",
        "period": "Q2",
        "revenue": 129631000,
        "costOfRevenue": 3148000,
        "grossProfit": 126483000,
        "grossProfitRatio": 0.9757156853,
        "researchAndDevelopmentExpenses": 0,
        "generalAndAdministrativeExpenses": 66107000,
        "sellingAndMarketingExpenses": 0,
        "sellingGeneralAndAdministrativeExpenses": 66107000,
        "otherExpenses": 4816000,
        "operatingExpenses": 70923000,
        "costAndExpenses": 74071000,
        "interestIncome": 0,
        "interestExpense": 7044000,
        "depreciationAndAmortization": 5975000,
        "ebitda": 61535000,
        "ebitdaratio": 0.4746935532,
        "operatingIncome": 55560000,
        "operatingIncomeRatio": 0.4286011834,
        "totalOtherIncomeExpensesNet": -29972000,
        "incomeBeforeTax": 25588000,
        "incomeBeforeTaxRatio": 0.1973910562,
        "incomeTaxExpense": 10235000,
        "netIncome": 15353000,
        "netIncomeRatio": 0.1184361765,
        "eps": 0.46,
        "epsdiluted": 0.45,
        "weightedAverageShsOut": 33294810,
        "weightedAverageShsOutDil": 34294470,
        "link": "https://www.sec.gov/Archives/edgar/data/1004434/000091205702031757/0000912057-02-031757-index.htm",
        "finalLink": "https://www.sec.gov/Archives/edgar/data/1004434/000091205702031757/a2086629z10-q.htm"
    },
    {
        "date": "2002-03-31",
        "symbol": "AMG",
        "reportedCurrency": "USD",
        "cik": "0001004434",
        "fillingDate": "2002-05-15",
        "acceptedDate": "2002-05-15 14:07:49",
        "calendarYear": "2002",
        "period": "Q1",
        "revenue": 119335000,
        "costOfRevenue": 3866000,
        "grossProfit": 115469000,
        "grossProfitRatio": 0.9676038044,
        "researchAndDevelopmentExpenses": 0,
        "generalAndAdministrativeExpenses": 61049000,
        "sellingAndMarketingExpenses": 0,
        "sellingGeneralAndAdministrativeExpenses": 61049000,
        "otherExpenses": 4682000,
        "operatingExpenses": 65731000,
        "costAndExpenses": 69597000,
        "interestIncome": 0,
        "interestExpense": 6536000,
        "depreciationAndAmortization": 6165000,
        "ebitda": 55903000,
        "ebitdaratio": 0.4684543512,
        "operatingIncome": 49738000,
        "operatingIncomeRatio": 0.4167930615,
        "totalOtherIncomeExpensesNet": -25558000,
        "incomeBeforeTax": 24180000,
        "incomeBeforeTaxRatio": 0.2026228684,
        "incomeTaxExpense": 9672000,
        "netIncome": 14508000,
        "netIncomeRatio": 0.121573721,
        "eps": 0.43,
        "epsdiluted": 0.42,
        "weightedAverageShsOut": 33337396,
        "weightedAverageShsOutDil": 34444963,
        "link": "https://www.sec.gov/Archives/edgar/data/1004434/000091205702020661/0000912057-02-020661-index.htm",
        "finalLink": "https://www.sec.gov/Archives/edgar/data/1004434/000091205702020661/a2079996z10-q.htm"
    },
    {
        "date": "2001-12-31",
        "symbol": "AMG",
        "reportedCurrency": "USD",
        "cik": "0001004434",
        "fillingDate": "2002-04-01",
        "acceptedDate": "2002-04-01 00:00:00",
        "calendarYear": "2001",
        "period": "Q4",
        "revenue": 110488000,
        "costOfRevenue": 3277000,
        "grossProfit": 107211000,
        "grossProfitRatio": 0.9703406705,
        "researchAndDevelopmentExpenses": 0,
        "generalAndAdministrativeExpenses": 54709000,
        "sellingAndMarketingExpenses": 0,
        "sellingGeneralAndAdministrativeExpenses": 54709000,
        "otherExpenses": 9091000,
        "operatingExpenses": 63800000,
        "costAndExpenses": 67077000,
        "interestIncome": 0,
        "interestExpense": 0,
        "depreciationAndAmortization": 13453000,
        "ebitda": 56864000,
        "ebitdaratio": 0.5146622258,
        "operatingIncome": 43411000,
        "operatingIncomeRatio": 0.3929023966,
        "totalOtherIncomeExpensesNet": -22410000,
        "incomeBeforeTax": 21001000,
        "incomeBeforeTaxRatio": 0.1900749403,
        "incomeTaxExpense": 8401000,
        "netIncome": 12600000,
        "netIncomeRatio": 0.1140395337,
        "eps": 0.38,
        "epsdiluted": 0.37,
        "weightedAverageShsOut": 33337396,
        "weightedAverageShsOutDil": 34444963,
        "link": "https://www.sec.gov/Archives/edgar/data/1004434/000091205702012931/0000912057-02-012931-index.htm",
        "finalLink": "https://www.sec.gov/Archives/edgar/data/1004434/000091205702012931/a2075179z10-k.txt"
    },
    {
        "date": "2001-09-30",
        "symbol": "AMG",
        "reportedCurrency": "USD",
        "cik": "0001004434",
        "fillingDate": "2001-11-14",
        "acceptedDate": "2001-11-14 00:00:00",
        "calendarYear": "2001",
        "period": "Q3",
        "revenue": 96584000,
        "costOfRevenue": 2578000,
        "grossProfit": 94006000,
        "grossProfitRatio": 0.9733082084,
        "researchAndDevelopmentExpenses": 0,
        "generalAndAdministrativeExpenses": 49950000,
        "sellingAndMarketingExpenses": 0,
        "sellingGeneralAndAdministrativeExpenses": 49950000,
        "otherExpenses": 8382000,
        "operatingExpenses": 58332000,
        "costAndExpenses": 60910000,
        "interestIncome": 0,
        "interestExpense": 0,
        "depreciationAndAmortization": 8382000,
        "ebitda": 44056000,
        "ebitdaratio": 0.456141804,
        "operatingIncome": 35674000,
        "operatingIncomeRatio": 0.3693572434,
        "totalOtherIncomeExpensesNet": -15089000,
        "incomeBeforeTax": 20585000,
        "incomeBeforeTaxRatio": 0.2131305392,
        "incomeTaxExpense": 8233000,
        "netIncome": 12352000,
        "netIncomeRatio": 0.1278886772,
        "eps": 0.37,
        "epsdiluted": 0.36,
        "weightedAverageShsOut": 33270087,
        "weightedAverageShsOutDil": 34262748,
        "link": "https://www.sec.gov/Archives/edgar/data/1004434/000091205701539703/0000912057-01-539703-index.htm",
        "finalLink": "https://www.sec.gov/Archives/edgar/data/1004434/000091205701539703/a2062992z10-q.txt"
    },
    {
        "date": "2001-06-30",
        "symbol": "AMG",
        "reportedCurrency": "USD",
        "cik": "0001004434",
        "fillingDate": "2001-08-14",
        "acceptedDate": "2001-08-14 00:00:00",
        "calendarYear": "2001",
        "period": "Q2",
        "revenue": 100663000,
        "costOfRevenue": 2673000,
        "grossProfit": 97990000,
        "grossProfitRatio": 0.9734460527,
        "researchAndDevelopmentExpenses": 0,
        "generalAndAdministrativeExpenses": 51732000,
        "sellingAndMarketingExpenses": 0,
        "sellingGeneralAndAdministrativeExpenses": 51732000,
        "otherExpenses": 8368000,
        "operatingExpenses": 60100000,
        "costAndExpenses": 62773000,
        "interestIncome": 0,
        "interestExpense": 0,
        "depreciationAndAmortization": 8368000,
        "ebitda": 46258000,
        "ebitdaratio": 0.4595332943,
        "operatingIncome": 37890000,
        "operatingIncomeRatio": 0.3764044386,
        "totalOtherIncomeExpensesNet": -16045000,
        "incomeBeforeTax": 21845000,
        "incomeBeforeTaxRatio": 0.2170112156,
        "incomeTaxExpense": 8738000,
        "netIncome": 13107000,
        "netIncomeRatio": 0.1302067294,
        "eps": 0.39,
        "epsdiluted": 0.39,
        "weightedAverageShsOut": 33163602,
        "weightedAverageShsOutDil": 33982426,
        "link": "https://www.sec.gov/Archives/edgar/data/1004434/000091205701528405/0000912057-01-528405-index.htm",
        "finalLink": "https://www.sec.gov/Archives/edgar/data/1004434/000091205701528405/a2056727z10-q.txt"
    },
    {
        "date": "2001-03-31",
        "symbol": "AMG",
        "reportedCurrency": "USD",
        "cik": "0001004434",
        "fillingDate": "2001-05-15",
        "acceptedDate": "2001-05-15 00:00:00",
        "calendarYear": "2001",
        "period": "Q1",
        "revenue": 100475000,
        "costOfRevenue": 2615000,
        "grossProfit": 97860000,
        "grossProfitRatio": 0.9739736253,
        "researchAndDevelopmentExpenses": 0,
        "generalAndAdministrativeExpenses": 52288000,
        "sellingAndMarketingExpenses": 0,
        "sellingGeneralAndAdministrativeExpenses": 52288000,
        "otherExpenses": 8260000,
        "operatingExpenses": 60548000,
        "costAndExpenses": 63163000,
        "interestIncome": 0,
        "interestExpense": 0,
        "depreciationAndAmortization": 8260000,
        "ebitda": 45572000,
        "ebitdaratio": 0.4535655636,
        "operatingIncome": 37312000,
        "operatingIncomeRatio": 0.3713560587,
        "totalOtherIncomeExpensesNet": -17429000,
        "incomeBeforeTax": 19883000,
        "incomeBeforeTaxRatio": 0.1978900224,
        "incomeTaxExpense": 7953000,
        "netIncome": 11930000,
        "netIncomeRatio": 0.118736004,
        "eps": 0.36,
        "epsdiluted": 0.35,
        "weightedAverageShsOut": 33094749,
        "weightedAverageShsOutDil": 33851728,
        "link": "https://www.sec.gov/Archives/edgar/data/1004434/000091205701515778/0000912057-01-515778-index.htm",
        "finalLink": "https://www.sec.gov/Archives/edgar/data/1004434/000091205701515778/a2049075z10-q.txt"
    },
    {
        "date": "2000-12-31",
        "symbol": "AMG",
        "reportedCurrency": "USD",
        "cik": "0001004434",
        "fillingDate": "2001-04-02",
        "acceptedDate": "2001-04-02 00:00:00",
        "calendarYear": "2000",
        "period": "Q4",
        "revenue": 114810000,
        "costOfRevenue": 2616000,
        "grossProfit": 112194000,
        "grossProfitRatio": 0.9772145284,
        "researchAndDevelopmentExpenses": 0,
        "generalAndAdministrativeExpenses": 59483000,
        "sellingAndMarketingExpenses": 0,
        "sellingGeneralAndAdministrativeExpenses": 59483000,
        "otherExpenses": 8032000,
        "operatingExpenses": 67515000,
        "costAndExpenses": 70131000,
        "interestIncome": 0,
        "interestExpense": 0,
        "depreciationAndAmortization": 8032000,
        "ebitda": 52711000,
        "ebitdaratio": 0.4591150597,
        "operatingIncome": 44679000,
        "operatingIncomeRatio": 0.3891559969,
        "totalOtherIncomeExpensesNet": -20035000,
        "incomeBeforeTax": 24644000,
        "incomeBeforeTaxRatio": 0.2146502918,
        "incomeTaxExpense": 9858000,
        "netIncome": 14786000,
        "netIncomeRatio": 0.1287866911,
        "eps": 0.45,
        "epsdiluted": 0.44,
        "weightedAverageShsOut": 33094749,
        "weightedAverageShsOutDil": 33851728,
        "link": "https://www.sec.gov/Archives/edgar/data/1004434/000091205701506196/0000912057-01-506196-index.htm",
        "finalLink": "https://www.sec.gov/Archives/edgar/data/1004434/000091205701506196/a2043261z10-k.txt"
    },
    {
        "date": "2000-09-30",
        "symbol": "AMG",
        "reportedCurrency": "USD",
        "cik": "0001004434",
        "fillingDate": "2000-11-14",
        "acceptedDate": "2000-11-14 00:00:00",
        "calendarYear": "2000",
        "period": "Q3",
        "revenue": 118205000,
        "costOfRevenue": 2879000,
        "grossProfit": 115326000,
        "grossProfitRatio": 0.9756440083,
        "researchAndDevelopmentExpenses": 0,
        "generalAndAdministrativeExpenses": 63487000,
        "sellingAndMarketingExpenses": 0,
        "sellingGeneralAndAdministrativeExpenses": 63487000,
        "otherExpenses": 7998000,
        "operatingExpenses": 71485000,
        "costAndExpenses": 74364000,
        "interestIncome": 0,
        "interestExpense": 0,
        "depreciationAndAmortization": 7998000,
        "ebitda": 51839000,
        "ebitdaratio": 0.4385516687,
        "operatingIncome": 43841000,
        "operatingIncomeRatio": 0.3708895563,
        "totalOtherIncomeExpensesNet": -19472000,
        "incomeBeforeTax": 24369000,
        "incomeBeforeTaxRatio": 0.2061587919,
        "incomeTaxExpense": 9991000,
        "netIncome": 14378000,
        "netIncomeRatio": 0.1216361406,
        "eps": 0.43,
        "epsdiluted": 0.43,
        "weightedAverageShsOut": 33213291,
        "weightedAverageShsOutDil": 33963517,
        "link": "https://www.sec.gov/Archives/edgar/data/1004434/000091205700049714/0000912057-00-049714-index.htm",
        "finalLink": "https://www.sec.gov/Archives/edgar/data/1004434/000091205700049714/a2029807z10-q.txt"
    },
    {
        "date": "2000-06-30",
        "symbol": "AMG",
        "reportedCurrency": "USD",
        "cik": "0001004434",
        "fillingDate": "2000-08-14",
        "acceptedDate": "2000-08-14 00:00:00",
        "calendarYear": "2000",
        "period": "Q2",
        "revenue": 110895000,
        "costOfRevenue": 2409000,
        "grossProfit": 108486000,
        "grossProfitRatio": 0.9782767483,
        "researchAndDevelopmentExpenses": 0,
        "generalAndAdministrativeExpenses": 58913000,
        "sellingAndMarketingExpenses": 0,
        "sellingGeneralAndAdministrativeExpenses": 58913000,
        "otherExpenses": 7593000,
        "operatingExpenses": 66506000,
        "costAndExpenses": 68915000,
        "interestIncome": 0,
        "interestExpense": 0,
        "depreciationAndAmortization": 7593000,
        "ebitda": 49573000,
        "ebitdaratio": 0.4470264665,
        "operatingIncome": 41980000,
        "operatingIncomeRatio": 0.378556292,
        "totalOtherIncomeExpensesNet": -18800000,
        "incomeBeforeTax": 23180000,
        "incomeBeforeTaxRatio": 0.2090265567,
        "incomeTaxExpense": 9503000,
        "netIncome": 13677000,
        "netIncomeRatio": 0.1233328825,
        "eps": 0.41,
        "epsdiluted": 0.41,
        "weightedAverageShsOut": 33281380,
        "weightedAverageShsOutDil": 33760596,
        "link": "https://www.sec.gov/Archives/edgar/data/1004434/000091205700036762/0000912057-00-036762-index.htm",
        "finalLink": "https://www.sec.gov/Archives/edgar/data/1004434/000091205700036762/a10-q.txt"
    },
    {
        "date": "2000-03-31",
        "symbol": "AMG",
        "reportedCurrency": "USD",
        "cik": "0001004434",
        "fillingDate": "2000-05-15",
        "acceptedDate": "2000-05-15 00:00:00",
        "calendarYear": "2000",
        "period": "Q1",
        "revenue": 114798000,
        "costOfRevenue": 2423000,
        "grossProfit": 112375000,
        "grossProfitRatio": 0.9788933605,
        "researchAndDevelopmentExpenses": 0,
        "generalAndAdministrativeExpenses": 61043000,
        "sellingAndMarketingExpenses": 0,
        "sellingGeneralAndAdministrativeExpenses": 61043000,
        "otherExpenses": 7397000,
        "operatingExpenses": 68440000,
        "costAndExpenses": 70863000,
        "interestIncome": 0,
        "interestExpense": 0,
        "depreciationAndAmortization": 7397000,
        "ebitda": 51332000,
        "ebitdaratio": 0.4471506472,
        "operatingIncome": 43935000,
        "operatingIncomeRatio": 0.3827157268,
        "totalOtherIncomeExpensesNet": -20520000,
        "incomeBeforeTax": 23415000,
        "incomeBeforeTaxRatio": 0.2039669681,
        "incomeTaxExpense": 9600000,
        "netIncome": 13815000,
        "netIncomeRatio": 0.1203418178,
        "eps": 0.41,
        "epsdiluted": 0.4,
        "weightedAverageShsOut": 34083739,
        "weightedAverageShsOutDil": 34649581,
        "link": "https://www.sec.gov/Archives/edgar/data/1004434/000091205700024482/0000912057-00-024482-index.html",
        "finalLink": "https://www.sec.gov/Archives/edgar/data/1004434/000091205700024482/"
    },
    {
        "date": "1999-12-31",
        "symbol": "AMG",
        "reportedCurrency": "USD",
        "cik": "0001004434",
        "fillingDate": "2000-03-30",
        "acceptedDate": "2000-03-30 00:00:00",
        "calendarYear": "1999",
        "period": "Q4",
        "revenue": 286627000,
        "costOfRevenue": 2744000,
        "grossProfit": 283883000,
        "grossProfitRatio": 0.9904265823,
        "researchAndDevelopmentExpenses": 0,
        "generalAndAdministrativeExpenses": 152685000,
        "sellingAndMarketingExpenses": 0,
        "sellingGeneralAndAdministrativeExpenses": 152685000,
        "otherExpenses": 6878000,
        "operatingExpenses": 159563000,
        "costAndExpenses": 162307000,
        "interestIncome": 0,
        "interestExpense": 0,
        "depreciationAndAmortization": 6878000,
        "ebitda": 131198000,
        "ebitdaratio": 0.457730779,
        "operatingIncome": 124320000,
        "operatingIncomeRatio": 0.4337344353,
        "totalOtherIncomeExpensesNet": -42048000,
        "incomeBeforeTax": 82272000,
        "incomeBeforeTaxRatio": 0.2870350665,
        "incomeTaxExpense": 37599000,
        "netIncome": 44673000,
        "netIncomeRatio": 0.1558576129,
        "eps": 1.31,
        "epsdiluted": 1.29,
        "weightedAverageShsOut": 34083739,
        "weightedAverageShsOutDil": 34649581,
        "link": "https://www.sec.gov/Archives/edgar/data/1004434/000091205700015163/0000912057-00-015163-index.html",
        "finalLink": "https://www.sec.gov/Archives/edgar/data/1004434/000091205700015163/"
    },
    {
        "date": "1999-09-30",
        "symbol": "AMG",
        "reportedCurrency": "USD",
        "cik": "0001004434",
        "fillingDate": "1999-11-15",
        "acceptedDate": "1999-11-15 00:00:00",
        "calendarYear": "1999",
        "period": "Q3",
        "revenue": 85395000,
        "costOfRevenue": 2168000,
        "grossProfit": 83227000,
        "grossProfitRatio": 0.9746120967,
        "researchAndDevelopmentExpenses": 0,
        "generalAndAdministrativeExpenses": 44463000,
        "sellingAndMarketingExpenses": 0,
        "sellingGeneralAndAdministrativeExpenses": 44463000,
        "otherExpenses": 6500000,
        "operatingExpenses": 20200000,
        "costAndExpenses": 53200000,
        "interestIncome": 0,
        "interestExpense": 0,
        "depreciationAndAmortization": 6558000,
        "ebitda": 38753000,
        "ebitdaratio": 0.453808771,
        "operatingIncome": 32195000,
        "operatingIncomeRatio": 0.3770127057,
        "totalOtherIncomeExpensesNet": -14395000,
        "incomeBeforeTax": 17800000,
        "incomeBeforeTaxRatio": 0.2084431173,
        "incomeTaxExpense": 7300000,
        "netIncome": 10500000,
        "netIncomeRatio": 0.1229580186,
        "eps": 0.2,
        "epsdiluted": 0.2,
        "weightedAverageShsOut": 47591802,
        "weightedAverageShsOutDil": 49628397,
        "link": "https://www.sec.gov/Archives/edgar/data/1004434/000091205799005536/0000912057-99-005536-index.html",
        "finalLink": "https://www.sec.gov/Archives/edgar/data/1004434/000091205799005536/"
    },
    {
        "date": "1999-06-30",
        "symbol": "AMG",
        "reportedCurrency": "USD",
        "cik": "0001004434",
        "fillingDate": "1999-08-16",
        "acceptedDate": "1999-08-16 00:00:00",
        "calendarYear": "1999",
        "period": "Q2",
        "revenue": 78577000,
        "costOfRevenue": 1995000,
        "grossProfit": 76582000,
        "grossProfitRatio": 0.9746108912,
        "researchAndDevelopmentExpenses": 0,
        "generalAndAdministrativeExpenses": 39604000,
        "sellingAndMarketingExpenses": 0,
        "sellingGeneralAndAdministrativeExpenses": 39604000,
        "otherExpenses": 6740000,
        "operatingExpenses": 20052000,
        "costAndExpenses": 48324000,
        "interestIncome": 0,
        "interestExpense": 0,
        "depreciationAndAmortization": 6742000,
        "ebitda": 36995000,
        "ebitdaratio": 0.4708120697,
        "operatingIncome": 30253000,
        "operatingIncomeRatio": 0.385010881,
        "totalOtherIncomeExpensesNet": -14138000,
        "incomeBeforeTax": 16115000,
        "incomeBeforeTaxRatio": 0.2050854576,
        "incomeTaxExpense": 6612000,
        "netIncome": 9503000,
        "netIncomeRatio": 0.1209386971,
        "eps": 0.18,
        "epsdiluted": 0.18,
        "weightedAverageShsOut": 52350310,
        "weightedAverageShsOutDil": 52684954,
        "link": "https://www.sec.gov/Archives/edgar/data/1004434/000104746999032360/0001047469-99-032360-index.html",
        "finalLink": "https://www.sec.gov/Archives/edgar/data/1004434/000104746999032360/"
    },
    {
        "date": "1999-03-31",
        "symbol": "AMG",
        "reportedCurrency": "USD",
        "cik": "0001004434",
        "fillingDate": "1999-05-14",
        "acceptedDate": "1999-05-14 00:00:00",
        "calendarYear": "1999",
        "period": "Q1",
        "revenue": 68127000,
        "costOfRevenue": 1999000,
        "grossProfit": 66128000,
        "grossProfitRatio": 0.9706577422,
        "researchAndDevelopmentExpenses": 0,
        "generalAndAdministrativeExpenses": 34279000,
        "sellingAndMarketingExpenses": 0,
        "sellingGeneralAndAdministrativeExpenses": 34279000,
        "otherExpenses": 6000000,
        "operatingExpenses": 40300000,
        "costAndExpenses": 42300000,
        "interestIncome": 0,
        "interestExpense": 0,
        "depreciationAndAmortization": 6000000,
        "ebitda": 31827000,
        "ebitdaratio": 0.467171606,
        "operatingIncome": 25827000,
        "operatingIncomeRatio": 0.379100797,
        "totalOtherIncomeExpensesNet": -13127000,
        "incomeBeforeTax": 12700000,
        "incomeBeforeTaxRatio": 0.1864165456,
        "incomeTaxExpense": 5200000,
        "netIncome": 7500000,
        "netIncomeRatio": 0.1100885112,
        "eps": 0.18,
        "epsdiluted": 0.16,
        "weightedAverageShsOut": 42780420,
        "weightedAverageShsOutDil": 46610994,
        "link": "https://www.sec.gov/Archives/edgar/data/1004434/000104746999020675/0001047469-99-020675-index.html",
        "finalLink": "https://www.sec.gov/Archives/edgar/data/1004434/"
    },
    {
        "date": "1998-12-31",
        "symbol": "AMG",
        "reportedCurrency": "USD",
        "cik": "0001004434",
        "fillingDate": "1999-03-31",
        "acceptedDate": "1999-03-31 00:00:00",
        "calendarYear": "1998",
        "period": "Q4",
        "revenue": 80293000,
        "costOfRevenue": 1267000,
        "grossProfit": 79026000,
        "grossProfitRatio": 0.9842202932,
        "researchAndDevelopmentExpenses": 0,
        "generalAndAdministrativeExpenses": 41123000,
        "sellingAndMarketingExpenses": 0,
        "sellingGeneralAndAdministrativeExpenses": 41123000,
        "otherExpenses": 5398000,
        "operatingExpenses": 46521000,
        "costAndExpenses": 47788000,
        "interestIncome": 0,
        "interestExpense": 0,
        "depreciationAndAmortization": 5398000,
        "ebitda": 37903000,
        "ebitdaratio": 0.4720585854,
        "operatingIncome": 32505000,
        "operatingIncomeRatio": 0.4048298108,
        "totalOtherIncomeExpensesNet": -16988000,
        "incomeBeforeTax": 15517000,
        "incomeBeforeTaxRatio": 0.1932547046,
        "incomeTaxExpense": 6207000,
        "netIncome": 9310000,
        "netIncomeRatio": 0.1159503319,
        "eps": 0.22,
        "epsdiluted": 0.2,
        "weightedAverageShsOut": 42780420,
        "weightedAverageShsOutDil": 46610994,
        "link": "https://www.sec.gov/Archives/edgar/data/1004434/000104746999012958/0001047469-99-012958-index.html",
        "finalLink": "https://www.sec.gov/Archives/edgar/data/1004434/"
    },
    {
        "date": "1998-09-30",
        "symbol": "AMG",
        "reportedCurrency": "USD",
        "cik": "0001004434",
        "fillingDate": "1998-11-16",
        "acceptedDate": "1998-11-16 00:00:00",
        "calendarYear": "1998",
        "period": "Q3",
        "revenue": 55892000,
        "costOfRevenue": 1806000,
        "grossProfit": 54086000,
        "grossProfitRatio": 0.9676876834,
        "researchAndDevelopmentExpenses": 0,
        "generalAndAdministrativeExpenses": 27471000,
        "sellingAndMarketingExpenses": 0,
        "sellingGeneralAndAdministrativeExpenses": 27471000,
        "otherExpenses": 5266000,
        "operatingExpenses": 32737000,
        "costAndExpenses": 34543000,
        "interestIncome": 0,
        "interestExpense": 0,
        "depreciationAndAmortization": 5266000,
        "ebitda": 26615000,
        "ebitdaratio": 0.4761862163,
        "operatingIncome": 21349000,
        "operatingIncomeRatio": 0.381968797,
        "totalOtherIncomeExpensesNet": -11576000,
        "incomeBeforeTax": 9773000,
        "incomeBeforeTaxRatio": 0.1748550776,
        "incomeTaxExpense": 3909000,
        "netIncome": 5864000,
        "netIncomeRatio": 0.1049166249,
        "eps": 0.15,
        "epsdiluted": 0.13,
        "weightedAverageShsOut": 39642816,
        "weightedAverageShsOutDil": 43958733,
        "link": "https://www.sec.gov/Archives/edgar/data/1004434/000104746998041354/0001047469-98-041354-index.html",
        "finalLink": "https://www.sec.gov/Archives/edgar/data/1004434/"
    },
    {
        "date": "1998-06-30",
        "symbol": "AMG",
        "reportedCurrency": "USD",
        "cik": "0001004434",
        "fillingDate": "1998-08-13",
        "acceptedDate": "1998-08-13 00:00:00",
        "calendarYear": "1998",
        "period": "Q2",
        "revenue": 56586000,
        "costOfRevenue": 1915000,
        "grossProfit": 54671000,
        "grossProfitRatio": 0.9661577069,
        "researchAndDevelopmentExpenses": 0,
        "generalAndAdministrativeExpenses": 27320000,
        "sellingAndMarketingExpenses": 0,
        "sellingGeneralAndAdministrativeExpenses": 27320000,
        "otherExpenses": 5118000,
        "operatingExpenses": 32438000,
        "costAndExpenses": 34353000,
        "interestIncome": 0,
        "interestExpense": 0,
        "depreciationAndAmortization": 5160000,
        "ebitda": 27393000,
        "ebitdaratio": 0.4840950058,
        "operatingIncome": 22233000,
        "operatingIncomeRatio": 0.3929063726,
        "totalOtherIncomeExpensesNet": -12375000,
        "incomeBeforeTax": 9858000,
        "incomeBeforeTaxRatio": 0.1742127028,
        "incomeTaxExpense": 3943000,
        "netIncome": 5915000,
        "netIncomeRatio": 0.1045311561,
        "eps": 0.15,
        "epsdiluted": 0.13,
        "weightedAverageShsOut": 39628270,
        "weightedAverageShsOutDil": 44339841,
        "link": "https://www.sec.gov/Archives/edgar/data/1004434/000104746998031120/0001047469-98-031120-index.html",
        "finalLink": "https://www.sec.gov/Archives/edgar/data/1004434/"
    },
    {
        "date": "1998-03-31",
        "symbol": "AMG",
        "reportedCurrency": "USD",
        "cik": "0001004434",
        "fillingDate": "1998-05-15",
        "acceptedDate": "1998-05-15 00:00:00",
        "calendarYear": "1998",
        "period": "Q1",
        "revenue": 45723000,
        "costOfRevenue": 1290000,
        "grossProfit": 44433000,
        "grossProfitRatio": 0.9717866282,
        "researchAndDevelopmentExpenses": 0,
        "generalAndAdministrativeExpenses": 23398000,
        "sellingAndMarketingExpenses": 0,
        "sellingGeneralAndAdministrativeExpenses": 23398000,
        "otherExpenses": 4300000,
        "operatingExpenses": 27700000,
        "costAndExpenses": 29000000,
        "interestIncome": 0,
        "interestExpense": 0,
        "depreciationAndAmortization": 4300000,
        "ebitda": 21000000,
        "ebitdaratio": 0.4592874483,
        "operatingIncome": 16700000,
        "operatingIncomeRatio": 0.3652428756,
        "totalOtherIncomeExpensesNet": -9200000,
        "incomeBeforeTax": 7500000,
        "incomeBeforeTaxRatio": 0.1640312315,
        "incomeTaxExpense": 3000000,
        "netIncome": 4500000,
        "netIncomeRatio": 0.0984187389,
        "eps": 0.11,
        "epsdiluted": 0.11,
        "weightedAverageShsOut": 26542729,
        "weightedAverageShsOutDil": 26542729,
        "link": "https://www.sec.gov/Archives/edgar/data/1004434/000104746998020579/0001047469-98-020579-index.html",
        "finalLink": "https://www.sec.gov/Archives/edgar/data/1004434/"
    },
    {
        "date": "1997-12-31",
        "symbol": "AMG",
        "reportedCurrency": "USD",
        "cik": "0001004434",
        "fillingDate": "1998-03-31",
        "acceptedDate": "1998-03-31 00:00:00",
        "calendarYear": "1997",
        "period": "Q4",
        "revenue": 42000000,
        "costOfRevenue": 0,
        "grossProfit": 42000000,
        "grossProfitRatio": 1,
        "researchAndDevelopmentExpenses": 0,
        "generalAndAdministrativeExpenses": 0,
        "sellingAndMarketingExpenses": 0,
        "sellingGeneralAndAdministrativeExpenses": -114700000,
        "otherExpenses": 42000000,
        "operatingExpenses": 42000000,
        "costAndExpenses": 42000000,
        "interestIncome": 0,
        "interestExpense": 0,
        "depreciationAndAmortization": 0,
        "ebitda": -30700000,
        "ebitdaratio": -0.730952381,
        "operatingIncome": -30700000,
        "operatingIncomeRatio": -0.730952381,
        "totalOtherIncomeExpensesNet": 30700000,
        "incomeBeforeTax": 0,
        "incomeBeforeTaxRatio": 0,
        "incomeTaxExpense": -800000,
        "netIncome": -9200000,
        "netIncomeRatio": -0.219047619,
        "eps": -0.23,
        "epsdiluted": -0.23,
        "weightedAverageShsOut": 39567964,
        "weightedAverageShsOutDil": 40876524,
        "link": "https://www.sec.gov/Archives/edgar/data/1004434/000104746998012966/0001047469-98-012966-index.html",
        "finalLink": "https://www.sec.gov/Archives/edgar/data/1004434/"
    },
    {
        "date": "1997-09-30",
        "symbol": "AMG",
        "reportedCurrency": "USD",
        "cik": "0001004434",
        "fillingDate": "1997-09-30",
        "acceptedDate": "1997-09-29 20:00:00",
        "calendarYear": "1997",
        "period": "Q3",
        "revenue": 17800000,
        "costOfRevenue": 0,
        "grossProfit": 17800000,
        "grossProfitRatio": 1,
        "researchAndDevelopmentExpenses": 0,
        "generalAndAdministrativeExpenses": 0,
        "sellingAndMarketingExpenses": 0,
        "sellingGeneralAndAdministrativeExpenses": 17800000,
        "otherExpenses": 17800000,
        "operatingExpenses": 17800000,
        "costAndExpenses": 17800000,
        "interestIncome": 0,
        "interestExpense": 0,
        "depreciationAndAmortization": 0,
        "ebitda": 17800000,
        "ebitdaratio": 1,
        "operatingIncome": 17800000,
        "operatingIncomeRatio": 1,
        "totalOtherIncomeExpensesNet": -17800000,
        "incomeBeforeTax": 0,
        "incomeBeforeTaxRatio": 0,
        "incomeTaxExpense": -300000,
        "netIncome": 300000,
        "netIncomeRatio": 0.0168539326,
        "eps": 0.0178,
        "epsdiluted": 0.0178,
        "weightedAverageShsOut": 14055472,
        "weightedAverageShsOutDil": 14055472,
        "link": "",
        "finalLink": ""
    },
    {
        "date": "1997-06-30",
        "symbol": "AMG",
        "reportedCurrency": "USD",
        "cik": "0001004434",
        "fillingDate": "1997-06-30",
        "acceptedDate": "1997-06-29 20:00:00",
        "calendarYear": "1997",
        "period": "Q2",
        "revenue": 17800000,
        "costOfRevenue": 0,
        "grossProfit": 17800000,
        "grossProfitRatio": 1,
        "researchAndDevelopmentExpenses": 0,
        "generalAndAdministrativeExpenses": 0,
        "sellingAndMarketingExpenses": 0,
        "sellingGeneralAndAdministrativeExpenses": 17800000,
        "otherExpenses": 17800000,
        "operatingExpenses": 17800000,
        "costAndExpenses": 17800000,
        "interestIncome": 0,
        "interestExpense": 0,
        "depreciationAndAmortization": 0,
        "ebitda": 17800000,
        "ebitdaratio": 1,
        "operatingIncome": 17800000,
        "operatingIncomeRatio": 1,
        "totalOtherIncomeExpensesNet": -17800000,
        "incomeBeforeTax": 0,
        "incomeBeforeTaxRatio": 0,
        "incomeTaxExpense": -300000,
        "netIncome": 300000,
        "netIncomeRatio": 0.0168539326,
        "eps": 0.0178,
        "epsdiluted": 0.0178,
        "weightedAverageShsOut": 16866567,
        "weightedAverageShsOutDil": 16866567,
        "link": "",
        "finalLink": ""
    },
    {
        "date": "1997-03-31",
        "symbol": "AMG",
        "reportedCurrency": "USD",
        "cik": "0001004434",
        "fillingDate": "1997-03-31",
        "acceptedDate": "1997-03-30 19:00:00",
        "calendarYear": "1997",
        "period": "Q1",
        "revenue": 17700000,
        "costOfRevenue": 0,
        "grossProfit": 17700000,
        "grossProfitRatio": 1,
        "researchAndDevelopmentExpenses": 0,
        "generalAndAdministrativeExpenses": 0,
        "sellingAndMarketingExpenses": 0,
        "sellingGeneralAndAdministrativeExpenses": 17700000,
        "otherExpenses": 17700000,
        "operatingExpenses": 17700000,
        "costAndExpenses": 17700000,
        "interestIncome": 0,
        "interestExpense": 0,
        "depreciationAndAmortization": 0,
        "ebitda": 17700000,
        "ebitdaratio": 1,
        "operatingIncome": 17700000,
        "operatingIncomeRatio": 1,
        "totalOtherIncomeExpensesNet": -17700000,
        "incomeBeforeTax": 0,
        "incomeBeforeTaxRatio": 0,
        "incomeTaxExpense": -200000,
        "netIncome": 200000,
        "netIncomeRatio": 0.011299435,
        "eps": 0.0178,
        "epsdiluted": 0.0178,
        "weightedAverageShsOut": 11244378,
        "weightedAverageShsOutDil": 11244378,
        "link": "",
        "finalLink": ""
    }
]