[
    {
        "date": "2025-06-27",
        "symbol": "AMTM",
        "reportedCurrency": "USD",
        "cik": "0002011286",
        "fillingDate": "2025-08-06",
        "acceptedDate": "2025-08-06 16:19:58",
        "calendarYear": "2025",
        "period": "Q3",
        "revenue": 3561000000,
        "costOfRevenue": 3311000000,
        "grossProfit": 250000000,
        "grossProfitRatio": 0.0702049986,
        "researchAndDevelopmentExpenses": 0,
        "generalAndAdministrativeExpenses": 0,
        "sellingAndMarketingExpenses": 0,
        "sellingGeneralAndAdministrativeExpenses": 133000000,
        "otherExpenses": 0,
        "operatingExpenses": 133000000,
        "costAndExpenses": 3444000000,
        "interestIncome": 0,
        "interestExpense": 88000000,
        "depreciationAndAmortization": 129000000,
        "ebitda": 229000000,
        "ebitdaratio": 0.0643077787,
        "operatingIncome": 117000000,
        "operatingIncomeRatio": 0.0328559393,
        "totalOtherIncomeExpensesNet": -105000000,
        "incomeBeforeTax": 12000000,
        "incomeBeforeTaxRatio": 0.0033698399,
        "incomeTaxExpense": 13000000,
        "netIncome": 10000000,
        "netIncomeRatio": 0.0028081999,
        "eps": 0.0412,
        "epsdiluted": 0.0412,
        "weightedAverageShsOut": 243000000,
        "weightedAverageShsOutDil": 243000000,
        "link": "https://www.sec.gov/Archives/edgar/data/2011286/000201128625000163/0002011286-25-000163-index.htm",
        "finalLink": "https://www.sec.gov/Archives/edgar/data/2011286/000201128625000163/amtm-20250627.htm"
    },
    {
        "date": "2025-03-28",
        "symbol": "AMTM",
        "reportedCurrency": "USD",
        "cik": "0002011286",
        "fillingDate": "2025-05-07",
        "acceptedDate": "2025-05-07 16:37:47",
        "calendarYear": "2025",
        "period": "Q2",
        "revenue": 3491000000,
        "costOfRevenue": 3244000000,
        "grossProfit": 247000000,
        "grossProfitRatio": 0.0707533658,
        "researchAndDevelopmentExpenses": 0,
        "generalAndAdministrativeExpenses": 0,
        "sellingAndMarketingExpenses": 0,
        "sellingGeneralAndAdministrativeExpenses": 124000000,
        "otherExpenses": 0,
        "operatingExpenses": 124000000,
        "costAndExpenses": 3368000000,
        "interestIncome": 0,
        "interestExpense": 86000000,
        "depreciationAndAmortization": 129000000,
        "ebitda": 239000000,
        "ebitdaratio": 0.0684617588,
        "operatingIncome": 123000000,
        "operatingIncomeRatio": 0.0352334575,
        "totalOtherIncomeExpensesNet": -99000000,
        "incomeBeforeTax": 24000000,
        "incomeBeforeTaxRatio": 0.006874821,
        "incomeTaxExpense": 22000000,
        "netIncome": 4000000,
        "netIncomeRatio": 0.0011458035,
        "eps": 0.0165,
        "epsdiluted": 0.0165,
        "weightedAverageShsOut": 243000000,
        "weightedAverageShsOutDil": 243000000,
        "link": "https://www.sec.gov/Archives/edgar/data/2011286/000201128625000141/0002011286-25-000141-index.htm",
        "finalLink": "https://www.sec.gov/Archives/edgar/data/2011286/000201128625000141/amtm-20250328.htm"
    },
    {
        "date": "2024-12-27",
        "symbol": "AMTM",
        "reportedCurrency": "USD",
        "cik": "0002011286",
        "fillingDate": "2025-02-05",
        "acceptedDate": "2025-02-05 16:36:14",
        "calendarYear": "2025",
        "period": "Q1",
        "revenue": 3416000000,
        "costOfRevenue": 3175000000,
        "grossProfit": 241000000,
        "grossProfitRatio": 0.0705503513,
        "researchAndDevelopmentExpenses": 0,
        "generalAndAdministrativeExpenses": 0,
        "sellingAndMarketingExpenses": 0,
        "sellingGeneralAndAdministrativeExpenses": 121000000,
        "otherExpenses": 0,
        "operatingExpenses": 121000000,
        "costAndExpenses": 3296000000,
        "interestIncome": 0,
        "interestExpense": 87000000,
        "depreciationAndAmortization": 129000000,
        "ebitda": 261000000,
        "ebitdaratio": 0.0764051522,
        "operatingIncome": 120000000,
        "operatingIncomeRatio": 0.0351288056,
        "totalOtherIncomeExpensesNet": -75000000,
        "incomeBeforeTax": 45000000,
        "incomeBeforeTaxRatio": 0.0131733021,
        "incomeTaxExpense": 24000000,
        "netIncome": 12000000,
        "netIncomeRatio": 0.0035128806,
        "eps": 0.0494,
        "epsdiluted": 0.0494,
        "weightedAverageShsOut": 243000000,
        "weightedAverageShsOutDil": 243000000,
        "link": "https://www.sec.gov/Archives/edgar/data/2011286/000201128625000060/0002011286-25-000060-index.htm",
        "finalLink": "https://www.sec.gov/Archives/edgar/data/2011286/000201128625000060/amtm-20241227.htm"
    },
    {
        "date": "2024-09-30",
        "symbol": "AMTM",
        "reportedCurrency": "USD",
        "cik": "0002011286",
        "fillingDate": "2024-12-17",
        "acceptedDate": "2024-12-17 16:35:39",
        "calendarYear": "2024",
        "period": "Q4",
        "revenue": 2212000000,
        "costOfRevenue": 2070000000,
        "grossProfit": 142000000,
        "grossProfitRatio": 0.0641952984,
        "researchAndDevelopmentExpenses": 0,
        "generalAndAdministrativeExpenses": 0,
        "sellingAndMarketingExpenses": 0,
        "sellingGeneralAndAdministrativeExpenses": 137000000,
        "otherExpenses": 0,
        "operatingExpenses": 137000000,
        "costAndExpenses": 2207000000,
        "interestIncome": 0,
        "interestExpense": 108000000,
        "depreciationAndAmortization": 63000000,
        "ebitda": 117000000,
        "ebitdaratio": 0.0528933092,
        "operatingIncome": 5000000,
        "operatingIncomeRatio": 0.0022603978,
        "totalOtherIncomeExpensesNet": -59000000,
        "incomeBeforeTax": -54000000,
        "incomeBeforeTaxRatio": -0.0244122966,
        "incomeTaxExpense": -76000000,
        "netIncome": 26000000,
        "netIncomeRatio": 0.0117540687,
        "eps": 0.11,
        "epsdiluted": 0.11,
        "weightedAverageShsOut": 243302173,
        "weightedAverageShsOutDil": 243302173,
        "link": "https://www.sec.gov/Archives/edgar/data/2011286/000201128624000072/0002011286-24-000072-index.htm",
        "finalLink": "https://www.sec.gov/Archives/edgar/data/2011286/000201128624000072/amtm-20240927.htm"
    },
    {
        "date": "2024-06-30",
        "symbol": "AMTM",
        "reportedCurrency": "USD",
        "cik": "0002011286",
        "fillingDate": "2024-06-30",
        "acceptedDate": "2024-06-30 00:00:00",
        "calendarYear": "2024",
        "period": "Q3",
        "revenue": 2141924000,
        "costOfRevenue": 1993315000,
        "grossProfit": 148609000,
        "grossProfitRatio": 0.0693810798,
        "researchAndDevelopmentExpenses": 0,
        "generalAndAdministrativeExpenses": 0,
        "sellingAndMarketingExpenses": 0,
        "sellingGeneralAndAdministrativeExpenses": 68139000,
        "otherExpenses": 0,
        "operatingExpenses": 68139000,
        "costAndExpenses": 2061454000,
        "interestIncome": 0,
        "interestExpense": 110980000,
        "depreciationAndAmortization": 62443000,
        "ebitda": 151462000,
        "ebitdaratio": 0.0707130598,
        "operatingIncome": 80470000,
        "operatingIncomeRatio": 0.0375690267,
        "totalOtherIncomeExpensesNet": 1000000,
        "incomeBeforeTax": -21961000,
        "incomeBeforeTaxRatio": -0.0102529315,
        "incomeTaxExpense": 2210000,
        "netIncome": -25628000,
        "netIncomeRatio": -0.0119649437,
        "eps": -0.11,
        "epsdiluted": -0.11,
        "weightedAverageShsOut": 243293457,
        "weightedAverageShsOutDil": 243293457,
        "link": null,
        "finalLink": null
    },
    {
        "date": "2024-03-31",
        "symbol": "AMTM",
        "reportedCurrency": "USD",
        "cik": "0002011286",
        "fillingDate": "2024-03-31",
        "acceptedDate": "2024-03-31 00:00:00",
        "calendarYear": "2024",
        "period": "Q2",
        "revenue": 1425000000,
        "costOfRevenue": 1233000000,
        "grossProfit": 192000000,
        "grossProfitRatio": 0.1347368421,
        "researchAndDevelopmentExpenses": 0,
        "generalAndAdministrativeExpenses": 0,
        "sellingAndMarketingExpenses": 0,
        "sellingGeneralAndAdministrativeExpenses": 101000000,
        "otherExpenses": 0,
        "operatingExpenses": 101000000,
        "costAndExpenses": 1334000000,
        "interestIncome": 1000000,
        "interestExpense": 108020000,
        "depreciationAndAmortization": 18000000,
        "ebitda": 109000000,
        "ebitdaratio": 0.0764912281,
        "operatingIncome": 91000000,
        "operatingIncomeRatio": 0.0638596491,
        "totalOtherIncomeExpensesNet": -75569000,
        "incomeBeforeTax": 91000000,
        "incomeBeforeTaxRatio": 0.0638596491,
        "incomeTaxExpense": 23000000,
        "netIncome": 65000000,
        "netIncomeRatio": 0.0456140351,
        "eps": 0.27,
        "epsdiluted": 0.27,
        "weightedAverageShsOut": 243297815,
        "weightedAverageShsOutDil": 243297815,
        "link": null,
        "finalLink": null
    },
    {
        "date": "2023-12-31",
        "symbol": "AMTM",
        "reportedCurrency": "USD",
        "cik": "0002011286",
        "fillingDate": "2023-12-31",
        "acceptedDate": "2023-12-31 00:00:00",
        "calendarYear": "2024",
        "period": "Q1",
        "revenue": 1983000000,
        "costOfRevenue": 1845000000,
        "grossProfit": 138000000,
        "grossProfitRatio": 0.069591528,
        "researchAndDevelopmentExpenses": 0,
        "generalAndAdministrativeExpenses": 0,
        "sellingAndMarketingExpenses": 0,
        "sellingGeneralAndAdministrativeExpenses": 60000000,
        "otherExpenses": 0,
        "operatingExpenses": 60000000,
        "costAndExpenses": 1905000000,
        "interestIncome": 0,
        "interestExpense": 111000000,
        "depreciationAndAmortization": 63000000,
        "ebitda": 149000000,
        "ebitdaratio": 0.0751386788,
        "operatingIncome": 78000000,
        "operatingIncomeRatio": 0.0393343419,
        "totalOtherIncomeExpensesNet": 2000000,
        "incomeBeforeTax": -25000000,
        "incomeBeforeTaxRatio": -0.0126071609,
        "incomeTaxExpense": 14000000,
        "netIncome": -41000000,
        "netIncomeRatio": -0.0206757438,
        "eps": -0.17,
        "epsdiluted": -0.17,
        "weightedAverageShsOut": 243302173,
        "weightedAverageShsOutDil": 243302173,
        "link": null,
        "finalLink": null
    },
    {
        "date": "2023-09-30",
        "symbol": "AMTM",
        "reportedCurrency": "USD",
        "cik": "0002011286",
        "fillingDate": "2023-09-30",
        "acceptedDate": "2023-09-30 00:00:00",
        "calendarYear": "2023",
        "period": "Q4",
        "revenue": 2136773000,
        "costOfRevenue": 1969098000,
        "grossProfit": 167675000,
        "grossProfitRatio": 0.0784711338,
        "researchAndDevelopmentExpenses": 0,
        "generalAndAdministrativeExpenses": 0,
        "sellingAndMarketingExpenses": 0,
        "sellingGeneralAndAdministrativeExpenses": 81202000,
        "otherExpenses": 0,
        "operatingExpenses": 81202000,
        "costAndExpenses": 2050300000,
        "interestIncome": 0,
        "interestExpense": 111492000,
        "depreciationAndAmortization": 82117000,
        "ebitda": 161692000,
        "ebitdaratio": 0.0756711171,
        "operatingIncome": 86473000,
        "operatingIncomeRatio": 0.0404689689,
        "totalOtherIncomeExpensesNet": -118390000,
        "incomeBeforeTax": -31917000,
        "incomeBeforeTaxRatio": -0.0149370102,
        "incomeTaxExpense": -8416000,
        "netIncome": -5917000,
        "netIncomeRatio": -0.002769129,
        "eps": -0.0243,
        "epsdiluted": -0.0243,
        "weightedAverageShsOut": 243293457,
        "weightedAverageShsOutDil": 243293457,
        "link": null,
        "finalLink": null
    },
    {
        "date": "2023-06-30",
        "symbol": "AMTM",
        "reportedCurrency": "USD",
        "cik": "0002011286",
        "fillingDate": "2023-06-30",
        "acceptedDate": "2023-06-30 00:00:00",
        "calendarYear": "2023",
        "period": "Q3",
        "revenue": 1956475000,
        "costOfRevenue": 1854098000,
        "grossProfit": 102377000,
        "grossProfitRatio": 0.0523272723,
        "researchAndDevelopmentExpenses": 0,
        "generalAndAdministrativeExpenses": 0,
        "sellingAndMarketingExpenses": 0,
        "sellingGeneralAndAdministrativeExpenses": 56812000,
        "otherExpenses": 0,
        "operatingExpenses": 56812000,
        "costAndExpenses": 1910910000,
        "interestIncome": 0,
        "interestExpense": 90263000,
        "depreciationAndAmortization": 81434000,
        "ebitda": 140959000,
        "ebitdaratio": 0.0720474322,
        "operatingIncome": 45565000,
        "operatingIncomeRatio": 0.0232893341,
        "totalOtherIncomeExpensesNet": -76303000,
        "incomeBeforeTax": -30738000,
        "incomeBeforeTaxRatio": -0.0157109086,
        "incomeTaxExpense": -707000,
        "netIncome": -32920000,
        "netIncomeRatio": -0.0168261797,
        "eps": -0.1353,
        "epsdiluted": -0.1353,
        "weightedAverageShsOut": 243293457,
        "weightedAverageShsOutDil": 243293457,
        "link": null,
        "finalLink": null
    },
    {
        "date": "2023-03-31",
        "symbol": "AMTM",
        "reportedCurrency": "USD",
        "cik": "0002011286",
        "fillingDate": "2023-03-31",
        "acceptedDate": "2023-03-31 00:00:00",
        "calendarYear": "2023",
        "period": "Q2",
        "revenue": 1391000000,
        "costOfRevenue": 1207000000,
        "grossProfit": 184000000,
        "grossProfitRatio": 0.132278936,
        "researchAndDevelopmentExpenses": 0,
        "generalAndAdministrativeExpenses": 0,
        "sellingAndMarketingExpenses": 0,
        "sellingGeneralAndAdministrativeExpenses": 113000000,
        "otherExpenses": 0,
        "operatingExpenses": 113000000,
        "costAndExpenses": 1320000000,
        "interestIncome": 0,
        "interestExpense": 0,
        "depreciationAndAmortization": 18000000,
        "ebitda": 89000000,
        "ebitdaratio": 0.0639827462,
        "operatingIncome": 71000000,
        "operatingIncomeRatio": 0.0510424155,
        "totalOtherIncomeExpensesNet": 2000000,
        "incomeBeforeTax": 73000000,
        "incomeBeforeTaxRatio": 0.0524802301,
        "incomeTaxExpense": 18000000,
        "netIncome": 52000000,
        "netIncomeRatio": 0.0373831776,
        "eps": 0.21,
        "epsdiluted": 0.21,
        "weightedAverageShsOut": 243293457,
        "weightedAverageShsOutDil": 243293457,
        "link": null,
        "finalLink": null
    },
    {
        "date": "2022-12-30",
        "symbol": "AMTM",
        "reportedCurrency": "USD",
        "cik": "0002011286",
        "fillingDate": "2022-12-30",
        "acceptedDate": "2022-12-30 00:00:00",
        "calendarYear": "2023",
        "period": "Q1",
        "revenue": 1274000000,
        "costOfRevenue": 1096000000,
        "grossProfit": 178000000,
        "grossProfitRatio": 0.1397174254,
        "researchAndDevelopmentExpenses": 0,
        "generalAndAdministrativeExpenses": 0,
        "sellingAndMarketingExpenses": 0,
        "sellingGeneralAndAdministrativeExpenses": 106000000,
        "otherExpenses": 0,
        "operatingExpenses": 106000000,
        "costAndExpenses": 1202000000,
        "interestIncome": 0,
        "interestExpense": 0,
        "depreciationAndAmortization": 19000000,
        "ebitda": 91000000,
        "ebitdaratio": 0.0714285714,
        "operatingIncome": 72000000,
        "operatingIncomeRatio": 0.0565149137,
        "totalOtherIncomeExpensesNet": 0,
        "incomeBeforeTax": 72000000,
        "incomeBeforeTaxRatio": 0.0565149137,
        "incomeTaxExpense": 17000000,
        "netIncome": 52000000,
        "netIncomeRatio": 0.0408163265,
        "eps": 0.21,
        "epsdiluted": 0.21,
        "weightedAverageShsOut": 243293457,
        "weightedAverageShsOutDil": 243293457,
        "link": null,
        "finalLink": null
    }
]