[
    {
        "date": "2025-08-02",
        "symbol": "ANF",
        "reportedCurrency": "USD",
        "cik": "0001018840",
        "fillingDate": "2025-09-05",
        "acceptedDate": "2025-09-05 17:16:11",
        "calendarYear": "2025",
        "period": "Q2",
        "revenue": 1208560000,
        "costOfRevenue": 489014000,
        "grossProfit": 719546000,
        "grossProfitRatio": 0.5953746608,
        "researchAndDevelopmentExpenses": 0,
        "generalAndAdministrativeExpenses": 175325000,
        "sellingAndMarketingExpenses": 375356000,
        "sellingGeneralAndAdministrativeExpenses": 550681000,
        "otherExpenses": -37424000,
        "operatingExpenses": 513257000,
        "costAndExpenses": 1002271000,
        "interestIncome": 3094000,
        "interestExpense": 620000,
        "depreciationAndAmortization": 37424000,
        "ebitda": 246438000,
        "ebitdaratio": 0.2039104389,
        "operatingIncome": 206289000,
        "operatingIncomeRatio": 0.170689912,
        "totalOtherIncomeExpensesNet": 2474000,
        "incomeBeforeTax": 209132000,
        "incomeBeforeTaxRatio": 0.1730422983,
        "incomeTaxExpense": 65744000,
        "netIncome": 141383000,
        "netIncomeRatio": 0.116984676,
        "eps": 2.97,
        "epsdiluted": 2.91,
        "weightedAverageShsOut": 47550000,
        "weightedAverageShsOutDil": 48551000,
        "link": "https://www.sec.gov/Archives/edgar/data/1018840/000101884025000045/0001018840-25-000045-index.htm",
        "finalLink": "https://www.sec.gov/Archives/edgar/data/1018840/000101884025000045/anf-20250802.htm"
    },
    {
        "date": "2025-05-03",
        "symbol": "ANF",
        "reportedCurrency": "USD",
        "cik": "0001018840",
        "fillingDate": "2025-06-06",
        "acceptedDate": "2025-06-06 17:11:14",
        "calendarYear": "2025",
        "period": "Q1",
        "revenue": 1097311000,
        "costOfRevenue": 417133000,
        "grossProfit": 680178000,
        "grossProfitRatio": 0.6198589096,
        "researchAndDevelopmentExpenses": 0,
        "generalAndAdministrativeExpenses": 174925000,
        "sellingAndMarketingExpenses": 399937000,
        "sellingGeneralAndAdministrativeExpenses": 574862000,
        "otherExpenses": 3783000,
        "operatingExpenses": 578645000,
        "costAndExpenses": 995778000,
        "interestIncome": 7444000,
        "interestExpense": 661000,
        "depreciationAndAmortization": 38576000,
        "ebitda": 147553000,
        "ebitdaratio": 0.1344678036,
        "operatingIncome": 101533000,
        "operatingIncomeRatio": 0.0925289184,
        "totalOtherIncomeExpensesNet": 6783000,
        "incomeBeforeTax": 108316000,
        "incomeBeforeTaxRatio": 0.098710393,
        "incomeTaxExpense": 26577000,
        "netIncome": 80413000,
        "netIncomeRatio": 0.0732818681,
        "eps": 1.63,
        "epsdiluted": 1.59,
        "weightedAverageShsOut": 49214000,
        "weightedAverageShsOutDil": 50634000,
        "link": "https://www.sec.gov/Archives/edgar/data/1018840/000101884025000033/0001018840-25-000033-index.htm",
        "finalLink": "https://www.sec.gov/Archives/edgar/data/1018840/000101884025000033/anf-20250503.htm"
    },
    {
        "date": "2025-01-31",
        "symbol": "ANF",
        "reportedCurrency": "USD",
        "cik": "0001018840",
        "fillingDate": "2025-03-31",
        "acceptedDate": "2025-03-31 17:03:55",
        "calendarYear": "2024",
        "period": "Q4",
        "revenue": 1584917000,
        "costOfRevenue": 610907000,
        "grossProfit": 974010000,
        "grossProfitRatio": 0.6145495316,
        "researchAndDevelopmentExpenses": 0,
        "generalAndAdministrativeExpenses": 212133000,
        "sellingAndMarketingExpenses": 508834000,
        "sellingGeneralAndAdministrativeExpenses": 720967000,
        "otherExpenses": -3021000,
        "operatingExpenses": 717946000,
        "costAndExpenses": 1328853000,
        "interestIncome": 9437000,
        "interestExpense": 539000,
        "depreciationAndAmortization": 37163000,
        "ebitda": 302664000,
        "ebitdaratio": 0.1909652051,
        "operatingIncome": 256064000,
        "operatingIncomeRatio": 0.1615630345,
        "totalOtherIncomeExpensesNet": 8898000,
        "incomeBeforeTax": 264962000,
        "incomeBeforeTaxRatio": 0.1671772086,
        "incomeTaxExpense": 75267000,
        "netIncome": 187226000,
        "netIncomeRatio": 0.1181298453,
        "eps": 3.72,
        "epsdiluted": 3.57,
        "weightedAverageShsOut": 50265000,
        "weightedAverageShsOutDil": 52461000,
        "link": "https://www.sec.gov/Archives/edgar/data/1018840/000101884025000013/0001018840-25-000013-index.htm",
        "finalLink": "https://www.sec.gov/Archives/edgar/data/1018840/000101884025000013/anf-20250201.htm"
    },
    {
        "date": "2024-11-02",
        "symbol": "ANF",
        "reportedCurrency": "USD",
        "cik": "0001018840",
        "fillingDate": "2024-12-06",
        "acceptedDate": "2024-12-06 16:47:25",
        "calendarYear": "2024",
        "period": "Q3",
        "revenue": 1208966000,
        "costOfRevenue": 422034000,
        "grossProfit": 786932000,
        "grossProfitRatio": 0.6509132598,
        "researchAndDevelopmentExpenses": 0,
        "generalAndAdministrativeExpenses": 190001000,
        "sellingAndMarketingExpenses": 419235000,
        "sellingGeneralAndAdministrativeExpenses": 609236000,
        "otherExpenses": -1586000,
        "operatingExpenses": 607650000,
        "costAndExpenses": 1029684000,
        "interestIncome": 9302000,
        "interestExpense": 569000,
        "depreciationAndAmortization": 39566000,
        "ebitda": 228150000,
        "ebitdaratio": 0.1887149845,
        "operatingIncome": 179282000,
        "operatingIncomeRatio": 0.1482936658,
        "totalOtherIncomeExpensesNet": 8733000,
        "incomeBeforeTax": 188015000,
        "incomeBeforeTaxRatio": 0.155517194,
        "incomeTaxExpense": 54151000,
        "netIncome": 131979000,
        "netIncomeRatio": 0.1091668417,
        "eps": 2.59,
        "epsdiluted": 2.5,
        "weightedAverageShsOut": 50951000,
        "weightedAverageShsOutDil": 52869000,
        "link": "https://www.sec.gov/Archives/edgar/data/1018840/000101884024000087/0001018840-24-000087-index.htm",
        "finalLink": "https://www.sec.gov/Archives/edgar/data/1018840/000101884024000087/anf-20241102.htm"
    },
    {
        "date": "2024-08-03",
        "symbol": "ANF",
        "reportedCurrency": "USD",
        "cik": "0001018840",
        "fillingDate": "2024-09-06",
        "acceptedDate": "2024-09-06 17:23:09",
        "calendarYear": "2024",
        "period": "Q2",
        "revenue": 1133974000,
        "costOfRevenue": 397712000,
        "grossProfit": 736262000,
        "grossProfitRatio": 0.6492759093,
        "researchAndDevelopmentExpenses": 0,
        "generalAndAdministrativeExpenses": 170471000,
        "sellingAndMarketingExpenses": 390233000,
        "sellingGeneralAndAdministrativeExpenses": 560704000,
        "otherExpenses": -67000,
        "operatingExpenses": 560637000,
        "costAndExpenses": 958349000,
        "interestIncome": 10392000,
        "interestExpense": 5189000,
        "depreciationAndAmortization": 39355000,
        "ebitda": 225372000,
        "ebitdaratio": 0.1987452975,
        "operatingIncome": 175625000,
        "operatingIncomeRatio": 0.154875685,
        "totalOtherIncomeExpensesNet": 5203000,
        "incomeBeforeTax": 180828000,
        "incomeBeforeTaxRatio": 0.1594639736,
        "incomeTaxExpense": 45449000,
        "netIncome": 133168000,
        "netIncomeRatio": 0.1174347913,
        "eps": 2.6,
        "epsdiluted": 2.5,
        "weightedAverageShsOut": 51246000,
        "weightedAverageShsOutDil": 53279000,
        "link": "https://www.sec.gov/Archives/edgar/data/1018840/000101884024000071/0001018840-24-000071-index.htm",
        "finalLink": "https://www.sec.gov/Archives/edgar/data/1018840/000101884024000071/anf-20240803.htm"
    },
    {
        "date": "2024-05-04",
        "symbol": "ANF",
        "reportedCurrency": "USD",
        "cik": "0001018840",
        "fillingDate": "2024-06-07",
        "acceptedDate": "2024-06-07 16:36:11",
        "calendarYear": "2024",
        "period": "Q1",
        "revenue": 1020730000,
        "costOfRevenue": 343273000,
        "grossProfit": 677457000,
        "grossProfitRatio": 0.6636985295,
        "researchAndDevelopmentExpenses": 0,
        "generalAndAdministrativeExpenses": 177880000,
        "sellingAndMarketingExpenses": 371686000,
        "sellingGeneralAndAdministrativeExpenses": 549566000,
        "otherExpenses": -1958000,
        "operatingExpenses": 547608000,
        "costAndExpenses": 890881000,
        "interestIncome": 10803000,
        "interestExpense": 5780000,
        "depreciationAndAmortization": 37689000,
        "ebitda": 178341000,
        "ebitdaratio": 0.1747190736,
        "operatingIncome": 129849000,
        "operatingIncomeRatio": 0.1272118974,
        "totalOtherIncomeExpensesNet": 5023000,
        "incomeBeforeTax": 134872000,
        "incomeBeforeTaxRatio": 0.1321328853,
        "incomeTaxExpense": 19794000,
        "netIncome": 113850000,
        "netIncomeRatio": 0.111537821,
        "eps": 2.24,
        "epsdiluted": 2.14,
        "weightedAverageShsOut": 50893000,
        "weightedAverageShsOutDil": 53276000,
        "link": "https://www.sec.gov/Archives/edgar/data/1018840/000101884024000041/0001018840-24-000041-index.htm",
        "finalLink": "https://www.sec.gov/Archives/edgar/data/1018840/000101884024000041/anf-20240504.htm"
    },
    {
        "date": "2024-01-31",
        "symbol": "ANF",
        "reportedCurrency": "USD",
        "cik": "0001018840",
        "fillingDate": "2024-04-01",
        "acceptedDate": "2024-04-01 17:08:32",
        "calendarYear": "2023",
        "period": "Q4",
        "revenue": 1452907000,
        "costOfRevenue": 539338000,
        "grossProfit": 913569000,
        "grossProfitRatio": 0.6287869767,
        "researchAndDevelopmentExpenses": 0,
        "generalAndAdministrativeExpenses": 0,
        "sellingAndMarketingExpenses": 696745000,
        "sellingGeneralAndAdministrativeExpenses": 696745000,
        "otherExpenses": 0,
        "operatingExpenses": 695204000,
        "costAndExpenses": 1234542000,
        "interestIncome": 11530000,
        "interestExpense": 6691000,
        "depreciationAndAmortization": 35557000,
        "ebitda": 260036000,
        "ebitdaratio": 0.1789763557,
        "operatingIncome": 222801000,
        "operatingIncomeRatio": 0.1533484249,
        "totalOtherIncomeExpensesNet": 4839000,
        "incomeBeforeTax": 227640000,
        "incomeBeforeTaxRatio": 0.1566789891,
        "incomeTaxExpense": 66537000,
        "netIncome": 158447000,
        "netIncomeRatio": 0.1090551563,
        "eps": 3.13,
        "epsdiluted": 2.97,
        "weightedAverageShsOut": 50559000,
        "weightedAverageShsOutDil": 53399000,
        "link": "https://www.sec.gov/Archives/edgar/data/1018840/000101884024000019/0001018840-24-000019-index.htm",
        "finalLink": "https://www.sec.gov/Archives/edgar/data/1018840/000101884024000019/anf-20240203.htm"
    },
    {
        "date": "2023-10-28",
        "symbol": "ANF",
        "reportedCurrency": "USD",
        "cik": "0001018840",
        "fillingDate": "2023-12-04",
        "acceptedDate": "2023-12-04 16:45:40",
        "calendarYear": "2023",
        "period": "Q3",
        "revenue": 1056431000,
        "costOfRevenue": 370762000,
        "grossProfit": 685669000,
        "grossProfitRatio": 0.6490428622,
        "researchAndDevelopmentExpenses": 0,
        "generalAndAdministrativeExpenses": 162510000,
        "sellingAndMarketingExpenses": 383883000,
        "sellingGeneralAndAdministrativeExpenses": 546393000,
        "otherExpenses": 0,
        "operatingExpenses": 547649000,
        "costAndExpenses": 918411000,
        "interestIncome": 7897000,
        "interestExpense": 8568000,
        "depreciationAndAmortization": 33136000,
        "ebitda": 168963000,
        "ebitdaratio": 0.1599375634,
        "operatingIncome": 138020000,
        "operatingIncomeRatio": 0.1306474346,
        "totalOtherIncomeExpensesNet": -671000,
        "incomeBeforeTax": 137349000,
        "incomeBeforeTaxRatio": 0.1300122772,
        "incomeTaxExpense": 39617000,
        "netIncome": 96211000,
        "netIncomeRatio": 0.0910717311,
        "eps": 1.91,
        "epsdiluted": 1.83,
        "weightedAverageShsOut": 50504000,
        "weightedAverageShsOutDil": 52624000,
        "link": "https://www.sec.gov/Archives/edgar/data/1018840/000101884023000091/0001018840-23-000091-index.htm",
        "finalLink": "https://www.sec.gov/Archives/edgar/data/1018840/000101884023000091/anf-20231028.htm"
    },
    {
        "date": "2023-07-29",
        "symbol": "ANF",
        "reportedCurrency": "USD",
        "cik": "0001018840",
        "fillingDate": "2023-09-01",
        "acceptedDate": "2023-09-01 16:32:31",
        "calendarYear": "2023",
        "period": "Q2",
        "revenue": 935345000,
        "costOfRevenue": 350965000,
        "grossProfit": 584380000,
        "grossProfitRatio": 0.6247748157,
        "researchAndDevelopmentExpenses": 0,
        "generalAndAdministrativeExpenses": 144502000,
        "sellingAndMarketingExpenses": 352730000,
        "sellingGeneralAndAdministrativeExpenses": 497232000,
        "otherExpenses": 0,
        "operatingExpenses": 494538000,
        "costAndExpenses": 845503000,
        "interestIncome": 6538000,
        "interestExpense": 7635000,
        "depreciationAndAmortization": 36383000,
        "ebitda": 126765000,
        "ebitdaratio": 0.1355275326,
        "operatingIncome": 89842000,
        "operatingIncomeRatio": 0.0960522588,
        "totalOtherIncomeExpensesNet": -1097000,
        "incomeBeforeTax": 88745000,
        "incomeBeforeTaxRatio": 0.0948794295,
        "incomeTaxExpense": 30014000,
        "netIncome": 56894000,
        "netIncomeRatio": 0.0608267538,
        "eps": 1.13,
        "epsdiluted": 1.1,
        "weightedAverageShsOut": 50322000,
        "weightedAverageShsOutDil": 51548000,
        "link": "https://www.sec.gov/Archives/edgar/data/1018840/000101884023000078/0001018840-23-000078-index.htm",
        "finalLink": "https://www.sec.gov/Archives/edgar/data/1018840/000101884023000078/anf-20230729.htm"
    },
    {
        "date": "2023-04-29",
        "symbol": "ANF",
        "reportedCurrency": "USD",
        "cik": "0001018840",
        "fillingDate": "2023-06-06",
        "acceptedDate": "2023-06-06 17:14:03",
        "calendarYear": "2023",
        "period": "Q1",
        "revenue": 835994000,
        "costOfRevenue": 326200000,
        "grossProfit": 509794000,
        "grossProfitRatio": 0.609805812,
        "researchAndDevelopmentExpenses": 0,
        "generalAndAdministrativeExpenses": 142631000,
        "sellingAndMarketingExpenses": 336049000,
        "sellingGeneralAndAdministrativeExpenses": 478680000,
        "otherExpenses": -2894000,
        "operatingExpenses": 475786000,
        "costAndExpenses": 801986000,
        "interestIncome": 4015000,
        "interestExpense": 7458000,
        "depreciationAndAmortization": 36028000,
        "ebitda": 74351000,
        "ebitdaratio": 0.0889372412,
        "operatingIncome": 34008000,
        "operatingIncomeRatio": 0.0406797178,
        "totalOtherIncomeExpensesNet": -3443000,
        "incomeBeforeTax": 30565000,
        "incomeBeforeTaxRatio": 0.0365612672,
        "incomeTaxExpense": 12718000,
        "netIncome": 16571000,
        "netIncomeRatio": 0.0198219126,
        "eps": 0.33,
        "epsdiluted": 0.32,
        "weightedAverageShsOut": 49574000,
        "weightedAverageShsOutDil": 51467000,
        "link": "https://www.sec.gov/Archives/edgar/data/1018840/000101884023000068/0001018840-23-000068-index.htm",
        "finalLink": "https://www.sec.gov/Archives/edgar/data/1018840/000101884023000068/anf-20230429.htm"
    },
    {
        "date": "2023-01-31",
        "symbol": "ANF",
        "reportedCurrency": "USD",
        "cik": "0001018840",
        "fillingDate": "2023-03-27",
        "acceptedDate": "2023-03-27 17:22:54",
        "calendarYear": "2022",
        "period": "Q4",
        "revenue": 1199814000,
        "costOfRevenue": 531529000,
        "grossProfit": 668285000,
        "grossProfitRatio": 0.5569905002,
        "researchAndDevelopmentExpenses": 0,
        "generalAndAdministrativeExpenses": 138084000,
        "sellingAndMarketingExpenses": 437264000,
        "sellingGeneralAndAdministrativeExpenses": 575348000,
        "otherExpenses": 1220000,
        "operatingExpenses": 576568000,
        "costAndExpenses": 1108097000,
        "interestIncome": 3068000,
        "interestExpense": 7181000,
        "depreciationAndAmortization": 33850000,
        "ebitda": 123940000,
        "ebitdaratio": 0.1032993447,
        "operatingIncome": 87022000,
        "operatingIncomeRatio": 0.0725295754,
        "totalOtherIncomeExpensesNet": -4113000,
        "incomeBeforeTax": 82909000,
        "incomeBeforeTaxRatio": 0.0691015441,
        "incomeTaxExpense": 42218000,
        "netIncome": 38333000,
        "netIncomeRatio": 0.0319491188,
        "eps": 0.78,
        "epsdiluted": 0.75,
        "weightedAverageShsOut": 49216000,
        "weightedAverageShsOutDil": 51217000,
        "link": "https://www.sec.gov/Archives/edgar/data/1018840/000101884023000011/0001018840-23-000011-index.htm",
        "finalLink": "https://www.sec.gov/Archives/edgar/data/1018840/000101884023000011/anf-20230128.htm"
    },
    {
        "date": "2022-10-29",
        "symbol": "ANF",
        "reportedCurrency": "USD",
        "cik": "0001018840",
        "fillingDate": "2022-12-06",
        "acceptedDate": "2022-12-06 16:58:38",
        "calendarYear": "2022",
        "period": "Q3",
        "revenue": 880084000,
        "costOfRevenue": 359268000,
        "grossProfit": 520816000,
        "grossProfitRatio": 0.5917798756,
        "researchAndDevelopmentExpenses": 0,
        "generalAndAdministrativeExpenses": 133201000,
        "sellingAndMarketingExpenses": 367333000,
        "sellingGeneralAndAdministrativeExpenses": 500534000,
        "otherExpenses": -1005000,
        "operatingExpenses": 499529000,
        "costAndExpenses": 858797000,
        "interestIncome": 291000,
        "interestExpense": 7586000,
        "depreciationAndAmortization": 32850000,
        "ebitda": 53633000,
        "ebitdaratio": 0.0609407738,
        "operatingIncome": 17543000,
        "operatingIncomeRatio": 0.0199333245,
        "totalOtherIncomeExpensesNet": -7295000,
        "incomeBeforeTax": 10248000,
        "incomeBeforeTaxRatio": 0.011644343,
        "incomeTaxExpense": 10966000,
        "netIncome": -2214000,
        "netIncomeRatio": -0.002515669,
        "eps": -0.0447,
        "epsdiluted": -0.0447,
        "weightedAverageShsOut": 49486000,
        "weightedAverageShsOutDil": 49486000,
        "link": "https://www.sec.gov/Archives/edgar/data/1018840/000101884022000063/0001018840-22-000063-index.htm",
        "finalLink": "https://www.sec.gov/Archives/edgar/data/1018840/000101884022000063/anf-20221029.htm"
    },
    {
        "date": "2022-07-30",
        "symbol": "ANF",
        "reportedCurrency": "USD",
        "cik": "0001018840",
        "fillingDate": "2022-09-07",
        "acceptedDate": "2022-09-07 16:46:13",
        "calendarYear": "2022",
        "period": "Q2",
        "revenue": 805091000,
        "costOfRevenue": 366731000,
        "grossProfit": 438360000,
        "grossProfitRatio": 0.5444850334,
        "researchAndDevelopmentExpenses": 0,
        "generalAndAdministrativeExpenses": 124168000,
        "sellingAndMarketingExpenses": 340791000,
        "sellingGeneralAndAdministrativeExpenses": 464959000,
        "otherExpenses": 0,
        "operatingExpenses": 433304000,
        "costAndExpenses": 800035000,
        "interestIncome": 743000,
        "interestExpense": 7660000,
        "depreciationAndAmortization": 31655000,
        "ebitda": 30607000,
        "ebitdaratio": 0.0380168205,
        "operatingIncome": 5056000,
        "operatingIncomeRatio": 0.0062800354,
        "totalOtherIncomeExpensesNet": -6917000,
        "incomeBeforeTax": -9108000,
        "incomeBeforeTaxRatio": -0.0113130069,
        "incomeTaxExpense": 5634000,
        "netIncome": -16834000,
        "netIncomeRatio": -0.0209094376,
        "eps": -0.33,
        "epsdiluted": -0.33,
        "weightedAverageShsOut": 50441000,
        "weightedAverageShsOutDil": 50441000,
        "link": "https://www.sec.gov/Archives/edgar/data/1018840/000101884022000051/0001018840-22-000051-index.htm",
        "finalLink": "https://www.sec.gov/Archives/edgar/data/1018840/000101884022000051/anf-20220730.htm"
    },
    {
        "date": "2022-04-30",
        "symbol": "ANF",
        "reportedCurrency": "USD",
        "cik": "0001018840",
        "fillingDate": "2022-06-08",
        "acceptedDate": "2022-06-08 16:59:15",
        "calendarYear": "2022",
        "period": "Q1",
        "revenue": 812762000,
        "costOfRevenue": 363216000,
        "grossProfit": 449546000,
        "grossProfitRatio": 0.5531090282,
        "researchAndDevelopmentExpenses": 0,
        "generalAndAdministrativeExpenses": 122149000,
        "sellingAndMarketingExpenses": 337543000,
        "sellingGeneralAndAdministrativeExpenses": 459692000,
        "otherExpenses": -7307000,
        "operatingExpenses": 455850000,
        "costAndExpenses": 819066000,
        "interestIncome": 502000,
        "interestExpense": 7809000,
        "depreciationAndAmortization": 33888000,
        "ebitda": 25064000,
        "ebitdaratio": 0.0308380559,
        "operatingIncome": -9726000,
        "operatingIncomeRatio": -0.0119666028,
        "totalOtherIncomeExpensesNet": -7307000,
        "incomeBeforeTax": -17033000,
        "incomeBeforeTaxRatio": -0.0209569345,
        "incomeTaxExpense": -2187000,
        "netIncome": -16469000,
        "netIncomeRatio": -0.0202630044,
        "eps": -0.32,
        "epsdiluted": -0.32,
        "weightedAverageShsOut": 52077000,
        "weightedAverageShsOutDil": 52077000,
        "link": "https://www.sec.gov/Archives/edgar/data/1018840/000101884022000031/0001018840-22-000031-index.htm",
        "finalLink": "https://www.sec.gov/Archives/edgar/data/1018840/000101884022000031/anf-20220430.htm"
    },
    {
        "date": "2022-01-31",
        "symbol": "ANF",
        "reportedCurrency": "USD",
        "cik": "0001018840",
        "fillingDate": "2022-03-28",
        "acceptedDate": "2022-03-28 17:26:28",
        "calendarYear": "2021",
        "period": "Q4",
        "revenue": 1161353000,
        "costOfRevenue": 484221000,
        "grossProfit": 677132000,
        "grossProfitRatio": 0.5830544201,
        "researchAndDevelopmentExpenses": 0,
        "generalAndAdministrativeExpenses": 145686000,
        "sellingAndMarketingExpenses": 435129000,
        "sellingGeneralAndAdministrativeExpenses": 580815000,
        "otherExpenses": 0,
        "operatingExpenses": 577098000,
        "costAndExpenses": 1061319000,
        "interestIncome": 494000,
        "interestExpense": 7453000,
        "depreciationAndAmortization": 36248000,
        "ebitda": 118274000,
        "ebitdaratio": 0.1018415589,
        "operatingIncome": 98133000,
        "operatingIncomeRatio": 0.0844988561,
        "totalOtherIncomeExpensesNet": -6959000,
        "incomeBeforeTax": 91174000,
        "incomeBeforeTaxRatio": 0.0785067073,
        "incomeTaxExpense": 23348000,
        "netIncome": 65509000,
        "netIncomeRatio": 0.0564074833,
        "eps": 1.18,
        "epsdiluted": 1.12,
        "weightedAverageShsOut": 55751000,
        "weightedAverageShsOutDil": 59234000,
        "link": "https://www.sec.gov/Archives/edgar/data/1018840/000101884022000011/0001018840-22-000011-index.htm",
        "finalLink": "https://www.sec.gov/Archives/edgar/data/1018840/000101884022000011/anf-20220129.htm"
    },
    {
        "date": "2021-10-30",
        "symbol": "ANF",
        "reportedCurrency": "USD",
        "cik": "0001018840",
        "fillingDate": "2021-12-06",
        "acceptedDate": "2021-12-06 16:40:59",
        "calendarYear": "2021",
        "period": "Q3",
        "revenue": 905160000,
        "costOfRevenue": 328916000,
        "grossProfit": 576244000,
        "grossProfitRatio": 0.6366211499,
        "researchAndDevelopmentExpenses": 0,
        "generalAndAdministrativeExpenses": 146269000,
        "sellingAndMarketingExpenses": 351804000,
        "sellingGeneralAndAdministrativeExpenses": 498073000,
        "otherExpenses": 0,
        "operatingExpenses": 496764000,
        "costAndExpenses": 825680000,
        "interestIncome": 532000,
        "interestExpense": 7802000,
        "depreciationAndAmortization": 35538000,
        "ebitda": 114531000,
        "ebitdaratio": 0.126531221,
        "operatingIncome": 72731000,
        "operatingIncomeRatio": 0.0803515401,
        "totalOtherIncomeExpensesNet": -7270000,
        "incomeBeforeTax": 65461000,
        "incomeBeforeTaxRatio": 0.0723198109,
        "incomeTaxExpense": 16383000,
        "netIncome": 47233000,
        "netIncomeRatio": 0.0521819347,
        "eps": 0.8,
        "epsdiluted": 0.77,
        "weightedAverageShsOut": 58796000,
        "weightedAverageShsOutDil": 61465000,
        "link": "https://www.sec.gov/Archives/edgar/data/1018840/000101884021000073/0001018840-21-000073-index.htm",
        "finalLink": "https://www.sec.gov/Archives/edgar/data/1018840/000101884021000073/anf-20211030.htm"
    },
    {
        "date": "2021-07-31",
        "symbol": "ANF",
        "reportedCurrency": "USD",
        "cik": "0001018840",
        "fillingDate": "2021-09-08",
        "acceptedDate": "2021-09-08 16:38:22",
        "calendarYear": "2021",
        "period": "Q2",
        "revenue": 864850000,
        "costOfRevenue": 301365000,
        "grossProfit": 563485000,
        "grossProfitRatio": 0.6515407296,
        "researchAndDevelopmentExpenses": 0,
        "generalAndAdministrativeExpenses": 123913000,
        "sellingAndMarketingExpenses": 325935000,
        "sellingGeneralAndAdministrativeExpenses": 449848000,
        "otherExpenses": 0,
        "operatingExpenses": 448000000,
        "costAndExpenses": 749365000,
        "interestIncome": 2285000,
        "interestExpense": 13560000,
        "depreciationAndAmortization": 34393000,
        "ebitda": 149662000,
        "ebitdaratio": 0.1730496618,
        "operatingIncome": 114787000,
        "operatingIncomeRatio": 0.13272475,
        "totalOtherIncomeExpensesNet": -11275000,
        "incomeBeforeTax": 103512000,
        "incomeBeforeTaxRatio": 0.1196878071,
        "incomeTaxExpense": -6944000,
        "netIncome": 108500000,
        "netIncomeRatio": 0.1254552813,
        "eps": 1.77,
        "epsdiluted": 1.69,
        "weightedAverageShsOut": 61428000,
        "weightedAverageShsOutDil": 64136000,
        "link": "https://www.sec.gov/Archives/edgar/data/1018840/000101884021000058/0001018840-21-000058-index.htm",
        "finalLink": "https://www.sec.gov/Archives/edgar/data/1018840/000101884021000058/anf-20210731.htm"
    },
    {
        "date": "2021-05-01",
        "symbol": "ANF",
        "reportedCurrency": "USD",
        "cik": "0001018840",
        "fillingDate": "2021-06-09",
        "acceptedDate": "2021-06-09 16:12:15",
        "calendarYear": "2021",
        "period": "Q1",
        "revenue": 781405000,
        "costOfRevenue": 286271000,
        "grossProfit": 495134000,
        "grossProfitRatio": 0.6336458047,
        "researchAndDevelopmentExpenses": 0,
        "generalAndAdministrativeExpenses": 120947000,
        "sellingAndMarketingExpenses": 316608000,
        "sellingGeneralAndAdministrativeExpenses": 437555000,
        "otherExpenses": 0,
        "operatingExpenses": 435037000,
        "costAndExpenses": 721308000,
        "interestIncome": 537000,
        "interestExpense": 9143000,
        "depreciationAndAmortization": 37856000,
        "ebitda": 98421000,
        "ebitdaratio": 0.1259538907,
        "operatingIncome": 57433000,
        "operatingIncomeRatio": 0.0734996577,
        "totalOtherIncomeExpensesNet": -8606000,
        "incomeBeforeTax": 48827000,
        "incomeBeforeTaxRatio": 0.0624861627,
        "incomeTaxExpense": 6121000,
        "netIncome": 41768000,
        "netIncomeRatio": 0.053452435,
        "eps": 0.67,
        "epsdiluted": 0.64,
        "weightedAverageShsOut": 62380000,
        "weightedAverageShsOutDil": 65305000,
        "link": "https://www.sec.gov/Archives/edgar/data/1018840/000101884021000041/0001018840-21-000041-index.htm",
        "finalLink": "https://www.sec.gov/Archives/edgar/data/1018840/000101884021000041/anf-20210501.htm"
    },
    {
        "date": "2021-01-31",
        "symbol": "ANF",
        "reportedCurrency": "USD",
        "cik": "0001018840",
        "fillingDate": "2021-03-29",
        "acceptedDate": "2021-03-29 17:22:25",
        "calendarYear": "2020",
        "period": "Q4",
        "revenue": 1122044000,
        "costOfRevenue": 443025000,
        "grossProfit": 679019000,
        "grossProfitRatio": 0.6051625426,
        "researchAndDevelopmentExpenses": 0,
        "generalAndAdministrativeExpenses": 137334000,
        "sellingAndMarketingExpenses": 412827000,
        "sellingGeneralAndAdministrativeExpenses": 550161000,
        "otherExpenses": 0,
        "operatingExpenses": 547523000,
        "costAndExpenses": 990548000,
        "interestIncome": 487000,
        "interestExpense": 9484000,
        "depreciationAndAmortization": 39033000,
        "ebitda": 119992000,
        "ebitdaratio": 0.1069405478,
        "operatingIncome": 115899000,
        "operatingIncomeRatio": 0.1032927407,
        "totalOtherIncomeExpensesNet": -8997000,
        "incomeBeforeTax": 106902000,
        "incomeBeforeTaxRatio": 0.0952743386,
        "incomeTaxExpense": 21646000,
        "netIncome": 82392000,
        "netIncomeRatio": 0.0734302755,
        "eps": 1.32,
        "epsdiluted": 1.27,
        "weightedAverageShsOut": 62581000,
        "weightedAverageShsOutDil": 62581000,
        "link": "https://www.sec.gov/Archives/edgar/data/1018840/000101884021000023/0001018840-21-000023-index.htm",
        "finalLink": "https://www.sec.gov/Archives/edgar/data/1018840/000101884021000023/anf-20210130.htm"
    },
    {
        "date": "2020-10-31",
        "symbol": "ANF",
        "reportedCurrency": "USD",
        "cik": "0001018840",
        "fillingDate": "2020-12-07",
        "acceptedDate": "2020-12-07 17:03:48",
        "calendarYear": "2020",
        "period": "Q3",
        "revenue": 819653000,
        "costOfRevenue": 295220000,
        "grossProfit": 524433000,
        "grossProfitRatio": 0.6398231935,
        "researchAndDevelopmentExpenses": 0,
        "generalAndAdministrativeExpenses": 121000000,
        "sellingAndMarketingExpenses": 346263000,
        "sellingGeneralAndAdministrativeExpenses": 467263000,
        "otherExpenses": 0,
        "operatingExpenses": 459488000,
        "costAndExpenses": 754708000,
        "interestIncome": 600000,
        "interestExpense": 9408000,
        "depreciationAndAmortization": 44495000,
        "ebitda": 101377000,
        "ebitdaratio": 0.1236828268,
        "operatingIncome": 58616000,
        "operatingIncomeRatio": 0.0715131891,
        "totalOtherIncomeExpensesNet": -8808000,
        "incomeBeforeTax": 49808000,
        "incomeBeforeTaxRatio": 0.0607671783,
        "incomeTaxExpense": 5779000,
        "netIncome": 42271000,
        "netIncomeRatio": 0.0515718237,
        "eps": 0.68,
        "epsdiluted": 0.66,
        "weightedAverageShsOut": 62558000,
        "weightedAverageShsOutDil": 63877000,
        "link": "https://www.sec.gov/Archives/edgar/data/1018840/000101884020000094/0001018840-20-000094-index.htm",
        "finalLink": "https://www.sec.gov/Archives/edgar/data/1018840/000101884020000094/anf-20201031.htm"
    },
    {
        "date": "2020-08-01",
        "symbol": "ANF",
        "reportedCurrency": "USD",
        "cik": "0001018840",
        "fillingDate": "2020-09-08",
        "acceptedDate": "2020-09-08 16:36:28",
        "calendarYear": "2020",
        "period": "Q2",
        "revenue": 698328000,
        "costOfRevenue": 274720000,
        "grossProfit": 423608000,
        "grossProfitRatio": 0.6066032008,
        "researchAndDevelopmentExpenses": 0,
        "generalAndAdministrativeExpenses": 97252000,
        "sellingAndMarketingExpenses": 310370000,
        "sellingGeneralAndAdministrativeExpenses": 407622000,
        "otherExpenses": 0,
        "operatingExpenses": 401382000,
        "costAndExpenses": 676102000,
        "interestIncome": 663000,
        "interestExpense": 7761000,
        "depreciationAndAmortization": 38716000,
        "ebitda": 57058000,
        "ebitdaratio": 0.0817065906,
        "operatingIncome": 14143000,
        "operatingIncomeRatio": 0.0202526606,
        "totalOtherIncomeExpensesNet": -7098000,
        "incomeBeforeTax": 7045000,
        "incomeBeforeTaxRatio": 0.0100883825,
        "incomeTaxExpense": 1253000,
        "netIncome": 5464000,
        "netIncomeRatio": 0.0078244034,
        "eps": 0.09,
        "epsdiluted": 0.09,
        "weightedAverageShsOut": 62527000,
        "weightedAverageShsOutDil": 63286000,
        "link": "https://www.sec.gov/Archives/edgar/data/1018840/000101884020000085/0001018840-20-000085-index.htm",
        "finalLink": "https://www.sec.gov/Archives/edgar/data/1018840/000101884020000085/q22020form10-q.htm"
    },
    {
        "date": "2020-05-02",
        "symbol": "ANF",
        "reportedCurrency": "USD",
        "cik": "0001018840",
        "fillingDate": "2020-06-10",
        "acceptedDate": "2020-06-10 16:18:25",
        "calendarYear": "2020",
        "period": "Q1",
        "revenue": 485359000,
        "costOfRevenue": 221214000,
        "grossProfit": 264145000,
        "grossProfitRatio": 0.5442260265,
        "researchAndDevelopmentExpenses": 0,
        "generalAndAdministrativeExpenses": 108257000,
        "sellingAndMarketingExpenses": 322124000,
        "sellingGeneralAndAdministrativeExpenses": 430381000,
        "otherExpenses": 0,
        "operatingExpenses": 430344000,
        "costAndExpenses": 651558000,
        "interestIncome": 1702000,
        "interestExpense": 5073000,
        "depreciationAndAmortization": 44037000,
        "ebitda": -162788000,
        "ebitdaratio": -0.3353970978,
        "operatingIncome": -209127000,
        "operatingIncomeRatio": -0.4308707575,
        "totalOtherIncomeExpensesNet": -3371000,
        "incomeBeforeTax": -212498000,
        "incomeBeforeTaxRatio": -0.437816132,
        "incomeTaxExpense": 31533000,
        "netIncome": -244148000,
        "netIncomeRatio": -0.5030255955,
        "eps": -3.9,
        "epsdiluted": -3.9,
        "weightedAverageShsOut": 62541000,
        "weightedAverageShsOutDil": 62541000,
        "link": "https://www.sec.gov/Archives/edgar/data/1018840/000101884020000049/0001018840-20-000049-index.htm",
        "finalLink": "https://www.sec.gov/Archives/edgar/data/1018840/000101884020000049/q12020form10-q.htm"
    },
    {
        "date": "2020-01-31",
        "symbol": "ANF",
        "reportedCurrency": "USD",
        "cik": "0001018840",
        "fillingDate": "2020-03-31",
        "acceptedDate": "2020-03-31 08:28:18",
        "calendarYear": "2019",
        "period": "Q4",
        "revenue": 1184551000,
        "costOfRevenue": 495287000,
        "grossProfit": 689264000,
        "grossProfitRatio": 0.5818778592,
        "researchAndDevelopmentExpenses": 0,
        "generalAndAdministrativeExpenses": 122899000,
        "sellingAndMarketingExpenses": 440587000,
        "sellingGeneralAndAdministrativeExpenses": 563486000,
        "otherExpenses": 0,
        "operatingExpenses": 562785000,
        "costAndExpenses": 1058072000,
        "interestIncome": 2561000,
        "interestExpense": 5390000,
        "depreciationAndAmortization": 48715000,
        "ebitda": 175237000,
        "ebitdaratio": 0.147935378,
        "operatingIncome": 122331000,
        "operatingIncomeRatio": 0.1032720415,
        "totalOtherIncomeExpensesNet": -2829000,
        "incomeBeforeTax": 119502000,
        "incomeBeforeTaxRatio": 0.1008837948,
        "incomeTaxExpense": 34302000,
        "netIncome": 83132000,
        "netIncomeRatio": 0.070180178,
        "eps": 1.32,
        "epsdiluted": 1.29,
        "weightedAverageShsOut": 62916000,
        "weightedAverageShsOutDil": 68316000,
        "link": "https://www.sec.gov/Archives/edgar/data/1018840/000101884020000021/0001018840-20-000021-index.htm",
        "finalLink": "https://www.sec.gov/Archives/edgar/data/1018840/000101884020000021/a201910-k.htm"
    },
    {
        "date": "2019-11-02",
        "symbol": "ANF",
        "reportedCurrency": "USD",
        "cik": "0001018840",
        "fillingDate": "2019-12-11",
        "acceptedDate": "2019-12-11 16:29:48",
        "calendarYear": "2019",
        "period": "Q3",
        "revenue": 863472000,
        "costOfRevenue": 344541000,
        "grossProfit": 518931000,
        "grossProfitRatio": 0.60098185,
        "researchAndDevelopmentExpenses": 0,
        "generalAndAdministrativeExpenses": 114075000,
        "sellingAndMarketingExpenses": 377697000,
        "sellingGeneralAndAdministrativeExpenses": 491772000,
        "otherExpenses": 0,
        "operatingExpenses": 491842000,
        "costAndExpenses": 836383000,
        "interestIncome": 2578000,
        "interestExpense": 5500000,
        "depreciationAndAmortization": 43369000,
        "ebitda": 71766000,
        "ebitdaratio": 0.0831132915,
        "operatingIncome": 14479000,
        "operatingIncomeRatio": 0.0167683492,
        "totalOtherIncomeExpensesNet": -2922000,
        "incomeBeforeTax": 11557000,
        "incomeBeforeTaxRatio": 0.0133843367,
        "incomeTaxExpense": 3987000,
        "netIncome": 6523000,
        "netIncomeRatio": 0.0075543851,
        "eps": 0.1,
        "epsdiluted": 0.1,
        "weightedAverageShsOut": 63099000,
        "weightedAverageShsOutDil": 63911000,
        "link": "https://www.sec.gov/Archives/edgar/data/1018840/000101884019000065/0001018840-19-000065-index.htm",
        "finalLink": "https://www.sec.gov/Archives/edgar/data/1018840/000101884019000065/q32019form10-q.htm"
    },
    {
        "date": "2019-08-03",
        "symbol": "ANF",
        "reportedCurrency": "USD",
        "cik": "0001018840",
        "fillingDate": "2019-09-11",
        "acceptedDate": "2019-09-11 16:42:51",
        "calendarYear": "2019",
        "period": "Q2",
        "revenue": 841078000,
        "costOfRevenue": 342445000,
        "grossProfit": 498633000,
        "grossProfitRatio": 0.5928498903,
        "researchAndDevelopmentExpenses": 0,
        "generalAndAdministrativeExpenses": 115694000,
        "sellingAndMarketingExpenses": 376347000,
        "sellingGeneralAndAdministrativeExpenses": 492041000,
        "otherExpenses": 0,
        "operatingExpenses": 537402000,
        "costAndExpenses": 879847000,
        "interestIncome": 3109000,
        "interestExpense": 4479000,
        "depreciationAndAmortization": 40499000,
        "ebitda": 4924000,
        "ebitdaratio": 0.0058543916,
        "operatingIncome": -39484000,
        "operatingIncomeRatio": -0.0469445164,
        "totalOtherIncomeExpensesNet": -1370000,
        "incomeBeforeTax": -40854000,
        "incomeBeforeTaxRatio": -0.0485733785,
        "incomeTaxExpense": -11330000,
        "netIncome": -31142000,
        "netIncomeRatio": -0.0370262924,
        "eps": -0.48,
        "epsdiluted": -0.48,
        "weightedAverageShsOut": 65156000,
        "weightedAverageShsOutDil": 65156000,
        "link": "https://www.sec.gov/Archives/edgar/data/1018840/000101884019000052/0001018840-19-000052-index.htm",
        "finalLink": "https://www.sec.gov/Archives/edgar/data/1018840/000101884019000052/q22019form10-q.htm"
    },
    {
        "date": "2019-05-04",
        "symbol": "ANF",
        "reportedCurrency": "USD",
        "cik": "0001018840",
        "fillingDate": "2019-06-12",
        "acceptedDate": "2019-06-12 16:52:26",
        "calendarYear": "2019",
        "period": "Q1",
        "revenue": 733972000,
        "costOfRevenue": 289882000,
        "grossProfit": 444090000,
        "grossProfitRatio": 0.6050503289,
        "researchAndDevelopmentExpenses": 0,
        "generalAndAdministrativeExpenses": 111947000,
        "sellingAndMarketingExpenses": 358356000,
        "sellingGeneralAndAdministrativeExpenses": 470303000,
        "otherExpenses": 0,
        "operatingExpenses": 469686000,
        "costAndExpenses": 759568000,
        "interestIncome": 3916000,
        "interestExpense": 4532000,
        "depreciationAndAmortization": 41042000,
        "ebitda": 18500000,
        "ebitdaratio": 0.0252053212,
        "operatingIncome": -27258000,
        "operatingIncomeRatio": -0.0371376565,
        "totalOtherIncomeExpensesNet": -616000,
        "incomeBeforeTax": -27874000,
        "incomeBeforeTaxRatio": -0.0379769256,
        "incomeTaxExpense": -9588000,
        "netIncome": -19155000,
        "netIncomeRatio": -0.0260977258,
        "eps": -0.29,
        "epsdiluted": -0.29,
        "weightedAverageShsOut": 66540000,
        "weightedAverageShsOutDil": 66540000,
        "link": "https://www.sec.gov/Archives/edgar/data/1018840/000101884019000033/0001018840-19-000033-index.htm",
        "finalLink": "https://www.sec.gov/Archives/edgar/data/1018840/000101884019000033/q12019form10-q.htm"
    },
    {
        "date": "2019-01-31",
        "symbol": "ANF",
        "reportedCurrency": "USD",
        "cik": "0001018840",
        "fillingDate": "2019-04-01",
        "acceptedDate": "2019-04-01 17:08:33",
        "calendarYear": "2018",
        "period": "Q4",
        "revenue": 1155602000,
        "costOfRevenue": 472745000,
        "grossProfit": 682857000,
        "grossProfitRatio": 0.5909101923,
        "researchAndDevelopmentExpenses": 0,
        "generalAndAdministrativeExpenses": 118902000,
        "sellingAndMarketingExpenses": 434456000,
        "sellingGeneralAndAdministrativeExpenses": 553358000,
        "otherExpenses": 0,
        "operatingExpenses": 551994000,
        "costAndExpenses": 1024739000,
        "interestIncome": 3687000,
        "interestExpense": 5788000,
        "depreciationAndAmortization": 41767000,
        "ebitda": 175920000,
        "ebitdaratio": 0.152232343,
        "operatingIncome": 129666000,
        "operatingIncomeRatio": 0.1122064517,
        "totalOtherIncomeExpensesNet": -2101000,
        "incomeBeforeTax": 127565000,
        "incomeBeforeTaxRatio": 0.1103883517,
        "incomeTaxExpense": 29201000,
        "netIncome": 96936000,
        "netIncomeRatio": 0.0838835516,
        "eps": 1.47,
        "epsdiluted": 1.42,
        "weightedAverageShsOut": 66075000,
        "weightedAverageShsOutDil": 73223000,
        "link": "https://www.sec.gov/Archives/edgar/data/1018840/000101884019000018/0001018840-19-000018-index.htm",
        "finalLink": "https://www.sec.gov/Archives/edgar/data/1018840/000101884019000018/a201810-k.htm"
    },
    {
        "date": "2018-11-03",
        "symbol": "ANF",
        "reportedCurrency": "USD",
        "cik": "0001018840",
        "fillingDate": "2018-12-12",
        "acceptedDate": "2018-12-12 16:57:28",
        "calendarYear": "2018",
        "period": "Q3",
        "revenue": 861194000,
        "costOfRevenue": 333375000,
        "grossProfit": 527819000,
        "grossProfitRatio": 0.612892101,
        "researchAndDevelopmentExpenses": 0,
        "generalAndAdministrativeExpenses": 117181000,
        "sellingAndMarketingExpenses": 371859000,
        "sellingGeneralAndAdministrativeExpenses": 489040000,
        "otherExpenses": 0,
        "operatingExpenses": 487483000,
        "costAndExpenses": 820858000,
        "interestIncome": 2786000,
        "interestExpense": 5643000,
        "depreciationAndAmortization": 43110000,
        "ebitda": 82353000,
        "ebitdaratio": 0.0956265371,
        "operatingIncome": 39680000,
        "operatingIncomeRatio": 0.0460755649,
        "totalOtherIncomeExpensesNet": -2857000,
        "incomeBeforeTax": 36823000,
        "incomeBeforeTaxRatio": 0.0427580777,
        "incomeTaxExpense": 12047000,
        "netIncome": 23919000,
        "netIncomeRatio": 0.0277742297,
        "eps": 0.36,
        "epsdiluted": 0.35,
        "weightedAverageShsOut": 66818000,
        "weightedAverageShsOutDil": 68308000,
        "link": "https://www.sec.gov/Archives/edgar/data/1018840/000101884018000060/0001018840-18-000060-index.htm",
        "finalLink": "https://www.sec.gov/Archives/edgar/data/1018840/000101884018000060/q32018form10-q.htm"
    },
    {
        "date": "2018-08-04",
        "symbol": "ANF",
        "reportedCurrency": "USD",
        "cik": "0001018840",
        "fillingDate": "2018-09-10",
        "acceptedDate": "2018-09-10 16:56:23",
        "calendarYear": "2018",
        "period": "Q2",
        "revenue": 842414000,
        "costOfRevenue": 335519000,
        "grossProfit": 506895000,
        "grossProfitRatio": 0.6017172079,
        "researchAndDevelopmentExpenses": 0,
        "generalAndAdministrativeExpenses": 123883000,
        "sellingAndMarketingExpenses": 374552000,
        "sellingGeneralAndAdministrativeExpenses": 498435000,
        "otherExpenses": 0,
        "operatingExpenses": 498001000,
        "costAndExpenses": 833520000,
        "interestIncome": 2672000,
        "interestExpense": 5695000,
        "depreciationAndAmortization": 45506000,
        "ebitda": 52506000,
        "ebitdaratio": 0.062328024,
        "operatingIncome": 223000,
        "operatingIncomeRatio": 0.0002647154,
        "totalOtherIncomeExpensesNet": -3023000,
        "incomeBeforeTax": -2800000,
        "incomeBeforeTaxRatio": -0.0033237814,
        "incomeTaxExpense": 24000,
        "netIncome": -3853000,
        "netIncomeRatio": -0.0045737606,
        "eps": -0.0567,
        "epsdiluted": -0.0567,
        "weightedAverageShsOut": 68008000,
        "weightedAverageShsOutDil": 68008000,
        "link": "https://www.sec.gov/Archives/edgar/data/1018840/000101884018000045/0001018840-18-000045-index.htm",
        "finalLink": "https://www.sec.gov/Archives/edgar/data/1018840/000101884018000045/q22018form10-q.htm"
    },
    {
        "date": "2018-05-05",
        "symbol": "ANF",
        "reportedCurrency": "USD",
        "cik": "0001018840",
        "fillingDate": "2018-06-08",
        "acceptedDate": "2018-06-08 16:42:15",
        "calendarYear": "2018",
        "period": "Q1",
        "revenue": 730899000,
        "costOfRevenue": 288554000,
        "grossProfit": 442345000,
        "grossProfitRatio": 0.6052067386,
        "researchAndDevelopmentExpenses": 0,
        "generalAndAdministrativeExpenses": 124897000,
        "sellingAndMarketingExpenses": 361155000,
        "sellingGeneralAndAdministrativeExpenses": 486052000,
        "otherExpenses": 0,
        "operatingExpenses": 483492000,
        "costAndExpenses": 772046000,
        "interestIncome": 2644000,
        "interestExpense": 5662000,
        "depreciationAndAmortization": 47647000,
        "ebitda": 8888000,
        "ebitdaratio": 0.0121603669,
        "operatingIncome": -42203000,
        "operatingIncomeRatio": -0.0577412201,
        "totalOtherIncomeExpensesNet": -3018000,
        "incomeBeforeTax": -45221000,
        "incomeBeforeTaxRatio": -0.0618703815,
        "incomeTaxExpense": -3713000,
        "netIncome": -42461000,
        "netIncomeRatio": -0.05809421,
        "eps": -0.62,
        "epsdiluted": -0.62,
        "weightedAverageShsOut": 68500000,
        "weightedAverageShsOutDil": 68500000,
        "link": "https://www.sec.gov/Archives/edgar/data/1018840/000101884018000031/0001018840-18-000031-index.htm",
        "finalLink": "https://www.sec.gov/Archives/edgar/data/1018840/000101884018000031/q12018form10-q.htm"
    },
    {
        "date": "2018-01-31",
        "symbol": "ANF",
        "reportedCurrency": "USD",
        "cik": "0001018840",
        "fillingDate": "2018-04-02",
        "acceptedDate": "2018-04-02 17:22:33",
        "calendarYear": "2017",
        "period": "Q4",
        "revenue": 1193158000,
        "costOfRevenue": 495763000,
        "grossProfit": 697395000,
        "grossProfitRatio": 0.5844950962,
        "researchAndDevelopmentExpenses": 0,
        "generalAndAdministrativeExpenses": 128135000,
        "sellingAndMarketingExpenses": 437257000,
        "sellingGeneralAndAdministrativeExpenses": 565392000,
        "otherExpenses": 0,
        "operatingExpenses": 553009000,
        "costAndExpenses": 1048772000,
        "interestIncome": 2083000,
        "interestExpense": 6192000,
        "depreciationAndAmortization": 48402000,
        "ebitda": 192007000,
        "ebitdaratio": 0.1609233647,
        "operatingIncome": 140340000,
        "operatingIncomeRatio": 0.1176206336,
        "totalOtherIncomeExpensesNet": -4109000,
        "incomeBeforeTax": 136231000,
        "incomeBeforeTaxRatio": 0.1141768316,
        "incomeTaxExpense": 60698000,
        "netIncome": 74210000,
        "netIncomeRatio": 0.0621962892,
        "eps": 1.08,
        "epsdiluted": 1.05,
        "weightedAverageShsOut": 68523000,
        "weightedAverageShsOutDil": 72571000,
        "link": "https://www.sec.gov/Archives/edgar/data/1018840/000101884018000018/0001018840-18-000018-index.htm",
        "finalLink": "https://www.sec.gov/Archives/edgar/data/1018840/000101884018000018/a201710-k.htm"
    },
    {
        "date": "2017-10-28",
        "symbol": "ANF",
        "reportedCurrency": "USD",
        "cik": "0001018840",
        "fillingDate": "2017-12-04",
        "acceptedDate": "2017-12-04 16:16:41",
        "calendarYear": "2017",
        "period": "Q3",
        "revenue": 859112000,
        "costOfRevenue": 332485000,
        "grossProfit": 526627000,
        "grossProfitRatio": 0.6129899245,
        "researchAndDevelopmentExpenses": 0,
        "generalAndAdministrativeExpenses": 124533000,
        "sellingAndMarketingExpenses": 375944000,
        "sellingGeneralAndAdministrativeExpenses": 500477000,
        "otherExpenses": 0,
        "operatingExpenses": 500407000,
        "costAndExpenses": 832892000,
        "interestIncome": 1543000,
        "interestExpense": 6114000,
        "depreciationAndAmortization": 50645000,
        "ebitda": 86326000,
        "ebitdaratio": 0.1004828241,
        "operatingIncome": 22740000,
        "operatingIncomeRatio": 0.0264691914,
        "totalOtherIncomeExpensesNet": -4571000,
        "incomeBeforeTax": 18169000,
        "incomeBeforeTaxRatio": 0.0211485813,
        "incomeTaxExpense": 7553000,
        "netIncome": 10075000,
        "netIncomeRatio": 0.0117272253,
        "eps": 0.15,
        "epsdiluted": 0.15,
        "weightedAverageShsOut": 68512000,
        "weightedAverageShsOutDil": 69425000,
        "link": "https://www.sec.gov/Archives/edgar/data/1018840/000101884017000059/0001018840-17-000059-index.htm",
        "finalLink": "https://www.sec.gov/Archives/edgar/data/1018840/000101884017000059/q32017form10-q.htm"
    },
    {
        "date": "2017-07-29",
        "symbol": "ANF",
        "reportedCurrency": "USD",
        "cik": "0001018840",
        "fillingDate": "2017-09-05",
        "acceptedDate": "2017-09-05 16:39:43",
        "calendarYear": "2017",
        "period": "Q2",
        "revenue": 779321000,
        "costOfRevenue": 318426000,
        "grossProfit": 460895000,
        "grossProfitRatio": 0.591405852,
        "researchAndDevelopmentExpenses": 0,
        "generalAndAdministrativeExpenses": 109353000,
        "sellingAndMarketingExpenses": 369295000,
        "sellingGeneralAndAdministrativeExpenses": 478648000,
        "otherExpenses": 0,
        "operatingExpenses": 475849000,
        "costAndExpenses": 794275000,
        "interestIncome": 1245000,
        "interestExpense": 5334000,
        "depreciationAndAmortization": 46713000,
        "ebitda": 27669000,
        "ebitdaratio": 0.0355039836,
        "operatingIncome": -21089000,
        "operatingIncomeRatio": -0.0270607362,
        "totalOtherIncomeExpensesNet": -4089000,
        "incomeBeforeTax": -25178000,
        "incomeBeforeTaxRatio": -0.0323076114,
        "incomeTaxExpense": -10563000,
        "netIncome": -15491000,
        "netIncomeRatio": -0.0198775601,
        "eps": -0.23,
        "epsdiluted": -0.23,
        "weightedAverageShsOut": 68456000,
        "weightedAverageShsOutDil": 68456000,
        "link": "https://www.sec.gov/Archives/edgar/data/1018840/000101884017000045/0001018840-17-000045-index.htm",
        "finalLink": "https://www.sec.gov/Archives/edgar/data/1018840/000101884017000045/q22017form10-q.htm"
    },
    {
        "date": "2017-04-29",
        "symbol": "ANF",
        "reportedCurrency": "USD",
        "cik": "0001018840",
        "fillingDate": "2017-06-05",
        "acceptedDate": "2017-06-05 16:13:57",
        "calendarYear": "2017",
        "period": "Q1",
        "revenue": 661099000,
        "costOfRevenue": 262174000,
        "grossProfit": 398925000,
        "grossProfitRatio": 0.6034270208,
        "researchAndDevelopmentExpenses": 0,
        "generalAndAdministrativeExpenses": 109893000,
        "sellingAndMarketingExpenses": 359929000,
        "sellingGeneralAndAdministrativeExpenses": 469822000,
        "otherExpenses": 0,
        "operatingExpenses": 468136000,
        "costAndExpenses": 730310000,
        "interestIncome": 1213000,
        "interestExpense": 5333000,
        "depreciationAndAmortization": 48789000,
        "ebitda": -19139000,
        "ebitdaratio": -0.0289502782,
        "operatingIncome": -69941000,
        "operatingIncomeRatio": -0.1057950473,
        "totalOtherIncomeExpensesNet": -4120000,
        "incomeBeforeTax": -74061000,
        "incomeBeforeTaxRatio": -0.1120270943,
        "incomeTaxExpense": -13052000,
        "netIncome": -61700000,
        "netIncomeRatio": -0.0933294408,
        "eps": -0.91,
        "epsdiluted": -0.91,
        "weightedAverageShsOut": 68073000,
        "weightedAverageShsOutDil": 68073000,
        "link": "https://www.sec.gov/Archives/edgar/data/1018840/000101884017000022/0001018840-17-000022-index.htm",
        "finalLink": "https://www.sec.gov/Archives/edgar/data/1018840/000101884017000022/q12017form10-q.htm"
    },
    {
        "date": "2017-01-31",
        "symbol": "ANF",
        "reportedCurrency": "USD",
        "cik": "0001018840",
        "fillingDate": "2017-03-27",
        "acceptedDate": "2017-03-27 17:19:28",
        "calendarYear": "2016",
        "period": "Q4",
        "revenue": 1036363000,
        "costOfRevenue": 421362000,
        "grossProfit": 615001000,
        "grossProfitRatio": 0.5934223819,
        "researchAndDevelopmentExpenses": 0,
        "generalAndAdministrativeExpenses": 121729000,
        "sellingAndMarketingExpenses": 439816000,
        "sellingGeneralAndAdministrativeExpenses": 561545000,
        "otherExpenses": 0,
        "operatingExpenses": 552168000,
        "costAndExpenses": 973530000,
        "interestIncome": 1169000,
        "interestExpense": 5979000,
        "depreciationAndAmortization": 48748000,
        "ebitda": 112784000,
        "ebitdaratio": 0.1088267335,
        "operatingIncome": 61259000,
        "operatingIncomeRatio": 0.0591095977,
        "totalOtherIncomeExpensesNet": -4810000,
        "incomeBeforeTax": 56449000,
        "incomeBeforeTaxRatio": 0.0544683668,
        "incomeTaxExpense": 6344000,
        "netIncome": 48791000,
        "netIncomeRatio": 0.047079064,
        "eps": 0.72,
        "epsdiluted": 0.71,
        "weightedAverageShsOut": 67968000,
        "weightedAverageShsOutDil": 69592000,
        "link": "https://www.sec.gov/Archives/edgar/data/1018840/000101884017000013/0001018840-17-000013-index.htm",
        "finalLink": "https://www.sec.gov/Archives/edgar/data/1018840/000101884017000013/a201610-k.htm"
    },
    {
        "date": "2016-10-29",
        "symbol": "ANF",
        "reportedCurrency": "USD",
        "cik": "0001018840",
        "fillingDate": "2016-12-05",
        "acceptedDate": "2016-12-05 16:12:25",
        "calendarYear": "2016",
        "period": "Q3",
        "revenue": 821734000,
        "costOfRevenue": 310995000,
        "grossProfit": 510739000,
        "grossProfitRatio": 0.6215381133,
        "researchAndDevelopmentExpenses": 0,
        "generalAndAdministrativeExpenses": 105307000,
        "sellingAndMarketingExpenses": 386609000,
        "sellingGeneralAndAdministrativeExpenses": 491916000,
        "otherExpenses": 0,
        "operatingExpenses": 491094000,
        "costAndExpenses": 802089000,
        "interestIncome": 1142000,
        "interestExpense": 5751000,
        "depreciationAndAmortization": 46733000,
        "ebitda": 59531000,
        "ebitdaratio": 0.0724455846,
        "operatingIncome": 19645000,
        "operatingIncomeRatio": 0.023906763,
        "totalOtherIncomeExpensesNet": -4609000,
        "incomeBeforeTax": 15036000,
        "incomeBeforeTaxRatio": 0.018297892,
        "incomeTaxExpense": 6762000,
        "netIncome": 7881000,
        "netIncomeRatio": 0.0095906948,
        "eps": 0.12,
        "epsdiluted": 0.12,
        "weightedAverageShsOut": 67975000,
        "weightedAverageShsOutDil": 68277000,
        "link": "https://www.sec.gov/Archives/edgar/data/1018840/000101884016000123/0001018840-16-000123-index.htm",
        "finalLink": "https://www.sec.gov/Archives/edgar/data/1018840/000101884016000123/q32016form10-q.htm"
    },
    {
        "date": "2016-07-30",
        "symbol": "ANF",
        "reportedCurrency": "USD",
        "cik": "0001018840",
        "fillingDate": "2016-09-06",
        "acceptedDate": "2016-09-06 17:11:58",
        "calendarYear": "2016",
        "period": "Q2",
        "revenue": 783160000,
        "costOfRevenue": 306053000,
        "grossProfit": 477107000,
        "grossProfitRatio": 0.6092075693,
        "researchAndDevelopmentExpenses": 0,
        "generalAndAdministrativeExpenses": 111719000,
        "sellingAndMarketingExpenses": 382917000,
        "sellingGeneralAndAdministrativeExpenses": 494636000,
        "otherExpenses": 0,
        "operatingExpenses": 481556000,
        "costAndExpenses": 787609000,
        "interestIncome": 993000,
        "interestExpense": 5734000,
        "depreciationAndAmortization": 49067000,
        "ebitda": 39255000,
        "ebitdaratio": 0.0501238572,
        "operatingIncome": -10805000,
        "operatingIncomeRatio": -0.0137966699,
        "totalOtherIncomeExpensesNet": -4741000,
        "incomeBeforeTax": -15546000,
        "incomeBeforeTaxRatio": -0.0198503499,
        "incomeTaxExpense": -3515000,
        "netIncome": -13129000,
        "netIncomeRatio": -0.016764135,
        "eps": -0.19,
        "epsdiluted": -0.19,
        "weightedAverageShsOut": 67944000,
        "weightedAverageShsOutDil": 67944000,
        "link": "https://www.sec.gov/Archives/edgar/data/1018840/000101884016000115/0001018840-16-000115-index.htm",
        "finalLink": "https://www.sec.gov/Archives/edgar/data/1018840/000101884016000115/q22016form10-q.htm"
    },
    {
        "date": "2016-04-30",
        "symbol": "ANF",
        "reportedCurrency": "USD",
        "cik": "0001018840",
        "fillingDate": "2016-06-06",
        "acceptedDate": "2016-06-06 16:09:41",
        "calendarYear": "2016",
        "period": "Q1",
        "revenue": 685483000,
        "costOfRevenue": 259762000,
        "grossProfit": 425721000,
        "grossProfitRatio": 0.6210526009,
        "researchAndDevelopmentExpenses": 0,
        "generalAndAdministrativeExpenses": 114447000,
        "sellingAndMarketingExpenses": 369118000,
        "sellingGeneralAndAdministrativeExpenses": 483565000,
        "otherExpenses": 0,
        "operatingExpenses": 480632000,
        "costAndExpenses": 740394000,
        "interestIncome": 1107000,
        "interestExpense": 4506000,
        "depreciationAndAmortization": 50866000,
        "ebitda": -2623000,
        "ebitdaratio": -0.003826499,
        "operatingIncome": -54911000,
        "operatingIncomeRatio": -0.0801055606,
        "totalOtherIncomeExpensesNet": -4506000,
        "incomeBeforeTax": -59417000,
        "incomeBeforeTaxRatio": -0.0866790278,
        "incomeTaxExpense": -20787000,
        "netIncome": -39587000,
        "netIncomeRatio": -0.0577505204,
        "eps": -0.59,
        "epsdiluted": -0.59,
        "weightedAverageShsOut": 67625000,
        "weightedAverageShsOutDil": 67625000,
        "link": "https://www.sec.gov/Archives/edgar/data/1018840/000101884016000092/0001018840-16-000092-index.htm",
        "finalLink": "https://www.sec.gov/Archives/edgar/data/1018840/000101884016000092/q12016form10-q.htm"
    },
    {
        "date": "2016-01-31",
        "symbol": "ANF",
        "reportedCurrency": "USD",
        "cik": "0001018840",
        "fillingDate": "2016-03-28",
        "acceptedDate": "2016-03-28 16:25:31",
        "calendarYear": "2015",
        "period": "Q4",
        "revenue": 1112930000,
        "costOfRevenue": 436585000,
        "grossProfit": 676345000,
        "grossProfitRatio": 0.6077156694,
        "researchAndDevelopmentExpenses": 0,
        "generalAndAdministrativeExpenses": 125244000,
        "sellingAndMarketingExpenses": 430441000,
        "sellingGeneralAndAdministrativeExpenses": 555685000,
        "otherExpenses": 0,
        "operatingExpenses": 556262000,
        "costAndExpenses": 992847000,
        "interestIncome": 1169000,
        "interestExpense": 4456000,
        "depreciationAndAmortization": 53316000,
        "ebitda": 173430000,
        "ebitdaratio": 0.1558319032,
        "operatingIncome": 120083000,
        "operatingIncomeRatio": 0.1078980709,
        "totalOtherIncomeExpensesNet": -4456000,
        "incomeBeforeTax": 115627000,
        "incomeBeforeTaxRatio": 0.1038942252,
        "incomeTaxExpense": 56719000,
        "netIncome": 57741000,
        "netIncomeRatio": 0.0518819692,
        "eps": 0.86,
        "epsdiluted": 0.85,
        "weightedAverageShsOut": 67431000,
        "weightedAverageShsOutDil": 69579000,
        "link": "https://www.sec.gov/Archives/edgar/data/1018840/000101884016000080/0001018840-16-000080-index.htm",
        "finalLink": "https://www.sec.gov/Archives/edgar/data/1018840/000101884016000080/a201510-k.htm"
    },
    {
        "date": "2015-10-31",
        "symbol": "ANF",
        "reportedCurrency": "USD",
        "cik": "0001018840",
        "fillingDate": "2015-12-07",
        "acceptedDate": "2015-12-07 16:12:11",
        "calendarYear": "2015",
        "period": "Q3",
        "revenue": 878572000,
        "costOfRevenue": 318785000,
        "grossProfit": 559787000,
        "grossProfitRatio": 0.6371555205,
        "researchAndDevelopmentExpenses": 0,
        "generalAndAdministrativeExpenses": 117698000,
        "sellingAndMarketingExpenses": 392942000,
        "sellingGeneralAndAdministrativeExpenses": 510640000,
        "otherExpenses": 0,
        "operatingExpenses": 506721000,
        "costAndExpenses": 825506000,
        "interestIncome": 1067000,
        "interestExpense": 4586000,
        "depreciationAndAmortization": 52005000,
        "ebitda": 105003000,
        "ebitdaratio": 0.119515532,
        "operatingIncome": 40990000,
        "operatingIncomeRatio": 0.0466552542,
        "totalOtherIncomeExpensesNet": -4586000,
        "incomeBeforeTax": 36404000,
        "incomeBeforeTaxRatio": 0.0414354202,
        "incomeTaxExpense": -5881000,
        "netIncome": 41891000,
        "netIncomeRatio": 0.047680782,
        "eps": 0.61,
        "epsdiluted": 0.6,
        "weightedAverageShsOut": 68866000,
        "weightedAverageShsOutDil": 69265000,
        "link": "https://www.sec.gov/Archives/edgar/data/1018840/000101884015000065/0001018840-15-000065-index.htm",
        "finalLink": "https://www.sec.gov/Archives/edgar/data/1018840/000101884015000065/q32015form10-q.htm"
    },
    {
        "date": "2015-08-01",
        "symbol": "ANF",
        "reportedCurrency": "USD",
        "cik": "0001018840",
        "fillingDate": "2015-09-10",
        "acceptedDate": "2015-09-10 16:16:35",
        "calendarYear": "2015",
        "period": "Q2",
        "revenue": 817756000,
        "costOfRevenue": 307894000,
        "grossProfit": 509862000,
        "grossProfitRatio": 0.6234891581,
        "researchAndDevelopmentExpenses": 0,
        "generalAndAdministrativeExpenses": 119846000,
        "sellingAndMarketingExpenses": 389193000,
        "sellingGeneralAndAdministrativeExpenses": 509039000,
        "otherExpenses": 0,
        "operatingExpenses": 507900000,
        "costAndExpenses": 815794000,
        "interestIncome": 1090000,
        "interestExpense": 4567000,
        "depreciationAndAmortization": 55068000,
        "ebitda": 72315000,
        "ebitdaratio": 0.0884310234,
        "operatingIncome": 1962000,
        "operatingIncomeRatio": 0.0023992487,
        "totalOtherIncomeExpensesNet": -4567000,
        "incomeBeforeTax": -2605000,
        "incomeBeforeTaxRatio": -0.0031855468,
        "incomeTaxExpense": -3217000,
        "netIncome": -810000,
        "netIncomeRatio": -0.0009905155,
        "eps": -0.0116,
        "epsdiluted": -0.0116,
        "weightedAverageShsOut": 69713000,
        "weightedAverageShsOutDil": 69713000,
        "link": "https://www.sec.gov/Archives/edgar/data/1018840/000101884015000052/0001018840-15-000052-index.htm",
        "finalLink": "https://www.sec.gov/Archives/edgar/data/1018840/000101884015000052/q22015form10q.htm"
    },
    {
        "date": "2015-05-02",
        "symbol": "ANF",
        "reportedCurrency": "USD",
        "cik": "0001018840",
        "fillingDate": "2015-06-08",
        "acceptedDate": "2015-06-08 17:14:36",
        "calendarYear": "2015",
        "period": "Q1",
        "revenue": 709422000,
        "costOfRevenue": 297873000,
        "grossProfit": 411549000,
        "grossProfitRatio": 0.5801187446,
        "researchAndDevelopmentExpenses": 0,
        "generalAndAdministrativeExpenses": 107533000,
        "sellingAndMarketingExpenses": 391638000,
        "sellingGeneralAndAdministrativeExpenses": 499171000,
        "otherExpenses": 0,
        "operatingExpenses": 497211000,
        "costAndExpenses": 795084000,
        "interestIncome": 1028000,
        "interestExpense": 4639000,
        "depreciationAndAmortization": 53291000,
        "ebitda": -30992000,
        "ebitdaratio": -0.0436862685,
        "operatingIncome": -90197000,
        "operatingIncomeRatio": -0.1271415321,
        "totalOtherIncomeExpensesNet": -4639000,
        "incomeBeforeTax": -94836000,
        "incomeBeforeTaxRatio": -0.1336806583,
        "incomeTaxExpense": -31590000,
        "netIncome": -63246000,
        "netIncomeRatio": -0.0891514501,
        "eps": -0.91,
        "epsdiluted": -0.91,
        "weightedAverageShsOut": 69510000,
        "weightedAverageShsOutDil": 69510000,
        "link": "https://www.sec.gov/Archives/edgar/data/1018840/000101884015000036/0001018840-15-000036-index.htm",
        "finalLink": "https://www.sec.gov/Archives/edgar/data/1018840/000101884015000036/q12015form10q.htm"
    },
    {
        "date": "2015-01-31",
        "symbol": "ANF",
        "reportedCurrency": "USD",
        "cik": "0001018840",
        "fillingDate": "2015-03-30",
        "acceptedDate": "2015-03-30 16:19:31",
        "calendarYear": "2014",
        "period": "Q4",
        "revenue": 1119544000,
        "costOfRevenue": 437659000,
        "grossProfit": 681885000,
        "grossProfitRatio": 0.6090738729,
        "researchAndDevelopmentExpenses": 0,
        "generalAndAdministrativeExpenses": 119225000,
        "sellingAndMarketingExpenses": 445629000,
        "sellingGeneralAndAdministrativeExpenses": 564854000,
        "otherExpenses": 0,
        "operatingExpenses": 559059000,
        "costAndExpenses": 996718000,
        "interestIncome": 0,
        "interestExpense": 4776000,
        "depreciationAndAmortization": 51455000,
        "ebitda": 175295000,
        "ebitdaratio": 0.1565771421,
        "operatingIncome": 92166000,
        "operatingIncomeRatio": 0.0823245893,
        "totalOtherIncomeExpensesNet": -4776000,
        "incomeBeforeTax": 87390000,
        "incomeBeforeTaxRatio": 0.0780585667,
        "incomeTaxExpense": 43002000,
        "netIncome": 44388000,
        "netIncomeRatio": 0.0396482854,
        "eps": 0.64,
        "epsdiluted": 0.63,
        "weightedAverageShsOut": 69409000,
        "weightedAverageShsOutDil": 70138000,
        "link": "https://www.sec.gov/Archives/edgar/data/1018840/000101884015000020/0001018840-15-000020-index.htm",
        "finalLink": "https://www.sec.gov/Archives/edgar/data/1018840/000101884015000020/a201410-k.htm"
    },
    {
        "date": "2014-11-01",
        "symbol": "ANF",
        "reportedCurrency": "USD",
        "cik": "0001018840",
        "fillingDate": "2014-12-11",
        "acceptedDate": "2014-12-11 16:03:18",
        "calendarYear": "2014",
        "period": "Q3",
        "revenue": 911453000,
        "costOfRevenue": 344383000,
        "grossProfit": 567070000,
        "grossProfitRatio": 0.6221604405,
        "researchAndDevelopmentExpenses": 0,
        "generalAndAdministrativeExpenses": 104981000,
        "sellingAndMarketingExpenses": 413551000,
        "sellingGeneralAndAdministrativeExpenses": 518532000,
        "otherExpenses": 0,
        "operatingExpenses": 516998000,
        "costAndExpenses": 861381000,
        "interestIncome": 0,
        "interestExpense": 5572000,
        "depreciationAndAmortization": 56204000,
        "ebitda": 104576000,
        "ebitdaratio": 0.1147354828,
        "operatingIncome": 33366000,
        "operatingIncomeRatio": 0.0366074828,
        "totalOtherIncomeExpensesNet": -5572000,
        "incomeBeforeTax": 27794000,
        "incomeBeforeTaxRatio": 0.030494167,
        "incomeTaxExpense": 9567000,
        "netIncome": 18227000,
        "netIncomeRatio": 0.0199977399,
        "eps": 0.26,
        "epsdiluted": 0.25,
        "weightedAverageShsOut": 70814000,
        "weightedAverageShsOutDil": 72128000,
        "link": "https://www.sec.gov/Archives/edgar/data/1018840/000101884014000080/0001018840-14-000080-index.htm",
        "finalLink": "https://www.sec.gov/Archives/edgar/data/1018840/000101884014000080/q32014form10q.htm"
    },
    {
        "date": "2014-08-02",
        "symbol": "ANF",
        "reportedCurrency": "USD",
        "cik": "0001018840",
        "fillingDate": "2014-09-05",
        "acceptedDate": "2014-09-05 16:52:09",
        "calendarYear": "2014",
        "period": "Q2",
        "revenue": 890605000,
        "costOfRevenue": 337649000,
        "grossProfit": 552956000,
        "grossProfitRatio": 0.6208768197,
        "researchAndDevelopmentExpenses": 0,
        "generalAndAdministrativeExpenses": 111033000,
        "sellingAndMarketingExpenses": 426301000,
        "sellingGeneralAndAdministrativeExpenses": 537334000,
        "otherExpenses": 0,
        "operatingExpenses": 533044000,
        "costAndExpenses": 870693000,
        "interestIncome": 0,
        "interestExpense": 2020000,
        "depreciationAndAmortization": 59865000,
        "ebitda": 78115000,
        "ebitdaratio": 0.0877100398,
        "operatingIncome": 19493000,
        "operatingIncomeRatio": 0.0218873687,
        "totalOtherIncomeExpensesNet": -2020000,
        "incomeBeforeTax": 17473000,
        "incomeBeforeTaxRatio": 0.0196192476,
        "incomeTaxExpense": 4596000,
        "netIncome": 12877000,
        "netIncomeRatio": 0.0144587107,
        "eps": 0.18,
        "epsdiluted": 0.17,
        "weightedAverageShsOut": 72436000,
        "weightedAverageShsOutDil": 73756000,
        "link": "https://www.sec.gov/Archives/edgar/data/1018840/000101884014000060/0001018840-14-000060-index.htm",
        "finalLink": "https://www.sec.gov/Archives/edgar/data/1018840/000101884014000060/anf-20140802x10q.htm"
    },
    {
        "date": "2014-05-03",
        "symbol": "ANF",
        "reportedCurrency": "USD",
        "cik": "0001018840",
        "fillingDate": "2014-06-09",
        "acceptedDate": "2014-06-09 17:28:43",
        "calendarYear": "2014",
        "period": "Q1",
        "revenue": 822428000,
        "costOfRevenue": 310769000,
        "grossProfit": 511659000,
        "grossProfitRatio": 0.6221322718,
        "researchAndDevelopmentExpenses": 0,
        "generalAndAdministrativeExpenses": 123581000,
        "sellingAndMarketingExpenses": 417571000,
        "sellingGeneralAndAdministrativeExpenses": 541152000,
        "otherExpenses": 0,
        "operatingExpenses": 537532000,
        "costAndExpenses": 848301000,
        "interestIncome": 0,
        "interestExpense": 1997000,
        "depreciationAndAmortization": 58897000,
        "ebitda": 33671000,
        "ebitdaratio": 0.0409409699,
        "operatingIncome": -31506000,
        "operatingIncomeRatio": -0.0383085206,
        "totalOtherIncomeExpensesNet": -1997000,
        "incomeBeforeTax": -33503000,
        "incomeBeforeTaxRatio": -0.0407366967,
        "incomeTaxExpense": -9832000,
        "netIncome": -23671000,
        "netIncomeRatio": -0.0287818508,
        "eps": -0.32,
        "epsdiluted": -0.32,
        "weightedAverageShsOut": 74483000,
        "weightedAverageShsOutDil": 74483000,
        "link": "https://www.sec.gov/Archives/edgar/data/1018840/000101884014000042/0001018840-14-000042-index.htm",
        "finalLink": "https://www.sec.gov/Archives/edgar/data/1018840/000101884014000042/anf-2014503x10q.htm"
    },
    {
        "date": "2014-01-31",
        "symbol": "ANF",
        "reportedCurrency": "USD",
        "cik": "0001018840",
        "fillingDate": "2014-03-31",
        "acceptedDate": "2014-03-31 17:00:29",
        "calendarYear": "2013",
        "period": "Q4",
        "revenue": 1299137000,
        "costOfRevenue": 532030000,
        "grossProfit": 767107000,
        "grossProfitRatio": 0.5904742918,
        "researchAndDevelopmentExpenses": 0,
        "generalAndAdministrativeExpenses": 118608000,
        "sellingAndMarketingExpenses": 505607000,
        "sellingGeneralAndAdministrativeExpenses": 624215000,
        "otherExpenses": 0,
        "operatingExpenses": 616221000,
        "costAndExpenses": 1148251000,
        "interestIncome": 0,
        "interestExpense": 2513000,
        "depreciationAndAmortization": 54631000,
        "ebitda": 206940000,
        "ebitdaratio": 0.1592903597,
        "operatingIncome": 110950000,
        "operatingIncomeRatio": 0.0854028482,
        "totalOtherIncomeExpensesNet": -2514000,
        "incomeBeforeTax": 108437000,
        "incomeBeforeTaxRatio": 0.0834684872,
        "incomeTaxExpense": 42331000,
        "netIncome": 66106000,
        "netIncomeRatio": 0.0508845487,
        "eps": 0.86,
        "epsdiluted": 0.85,
        "weightedAverageShsOut": 76467000,
        "weightedAverageShsOutDil": 82503000,
        "link": "https://www.sec.gov/Archives/edgar/data/1018840/000101884014000033/0001018840-14-000033-index.htm",
        "finalLink": "https://www.sec.gov/Archives/edgar/data/1018840/000101884014000033/anf-20140201x10k.htm"
    },
    {
        "date": "2013-11-02",
        "symbol": "ANF",
        "reportedCurrency": "USD",
        "cik": "0001018840",
        "fillingDate": "2013-12-10",
        "acceptedDate": "2013-12-10 16:06:12",
        "calendarYear": "2013",
        "period": "Q3",
        "revenue": 1033293000,
        "costOfRevenue": 382253000,
        "grossProfit": 651040000,
        "grossProfitRatio": 0.6300633025,
        "researchAndDevelopmentExpenses": 0,
        "generalAndAdministrativeExpenses": 131326000,
        "sellingAndMarketingExpenses": 564935000,
        "sellingGeneralAndAdministrativeExpenses": 696261000,
        "otherExpenses": 0,
        "operatingExpenses": 686410000,
        "costAndExpenses": 1068663000,
        "interestIncome": 0,
        "interestExpense": 1655000,
        "depreciationAndAmortization": 60296000,
        "ebitda": 115619000,
        "ebitdaratio": 0.1118937223,
        "operatingIncome": -35370000,
        "operatingIncomeRatio": -0.0342303683,
        "totalOtherIncomeExpensesNet": -1655000,
        "incomeBeforeTax": -37025000,
        "incomeBeforeTaxRatio": -0.0358320438,
        "incomeTaxExpense": -21381000,
        "netIncome": -15644000,
        "netIncomeRatio": -0.0151399458,
        "eps": -0.2,
        "epsdiluted": -0.2,
        "weightedAverageShsOut": 76456000,
        "weightedAverageShsOutDil": 76456000,
        "link": "https://www.sec.gov/Archives/edgar/data/1018840/000101884013000050/0001018840-13-000050-index.htm",
        "finalLink": "https://www.sec.gov/Archives/edgar/data/1018840/000101884013000050/anf-20131102x10q.htm"
    },
    {
        "date": "2013-08-03",
        "symbol": "ANF",
        "reportedCurrency": "USD",
        "cik": "0001018840",
        "fillingDate": "2013-09-09",
        "acceptedDate": "2013-09-09 16:14:06",
        "calendarYear": "2013",
        "period": "Q2",
        "revenue": 945698000,
        "costOfRevenue": 341576000,
        "grossProfit": 604122000,
        "grossProfitRatio": 0.6388106986,
        "researchAndDevelopmentExpenses": 0,
        "generalAndAdministrativeExpenses": 117646000,
        "sellingAndMarketingExpenses": 471722000,
        "sellingGeneralAndAdministrativeExpenses": 589368000,
        "otherExpenses": 0,
        "operatingExpenses": 584957000,
        "costAndExpenses": 926533000,
        "interestIncome": 0,
        "interestExpense": 1750000,
        "depreciationAndAmortization": 60854000,
        "ebitda": 79584000,
        "ebitdaratio": 0.084153715,
        "operatingIncome": 19165000,
        "operatingIncomeRatio": 0.0202654547,
        "totalOtherIncomeExpensesNet": -1315000,
        "incomeBeforeTax": 17415000,
        "incomeBeforeTaxRatio": 0.0184149697,
        "incomeTaxExpense": 6045000,
        "netIncome": 11370000,
        "netIncomeRatio": 0.0120228657,
        "eps": 0.15,
        "epsdiluted": 0.14,
        "weightedAverageShsOut": 77382000,
        "weightedAverageShsOutDil": 79267000,
        "link": "https://www.sec.gov/Archives/edgar/data/1018840/000101884013000029/0001018840-13-000029-index.htm",
        "finalLink": "https://www.sec.gov/Archives/edgar/data/1018840/000101884013000029/anf-20130803x10q.htm"
    },
    {
        "date": "2013-05-04",
        "symbol": "ANF",
        "reportedCurrency": "USD",
        "cik": "0001018840",
        "fillingDate": "2013-06-11",
        "acceptedDate": "2013-06-11 16:24:08",
        "calendarYear": "2013",
        "period": "Q1",
        "revenue": 838769000,
        "costOfRevenue": 285603000,
        "grossProfit": 553166000,
        "grossProfitRatio": 0.6594974302,
        "researchAndDevelopmentExpenses": 0,
        "generalAndAdministrativeExpenses": 118780000,
        "sellingAndMarketingExpenses": 449125000,
        "sellingGeneralAndAdministrativeExpenses": 567905000,
        "otherExpenses": 0,
        "operatingExpenses": 567087000,
        "costAndExpenses": 852690000,
        "interestIncome": 0,
        "interestExpense": 1628000,
        "depreciationAndAmortization": 59459000,
        "ebitda": 45538000,
        "ebitdaratio": 0.0542914676,
        "operatingIncome": -13921000,
        "operatingIncomeRatio": -0.0165969415,
        "totalOtherIncomeExpensesNet": -1628000,
        "incomeBeforeTax": -15549000,
        "incomeBeforeTaxRatio": -0.0185378811,
        "incomeTaxExpense": -8346000,
        "netIncome": -7203000,
        "netIncomeRatio": -0.0085875849,
        "eps": -0.092,
        "epsdiluted": -0.092,
        "weightedAverageShsOut": 78324000,
        "weightedAverageShsOutDil": 78324000,
        "link": "https://www.sec.gov/Archives/edgar/data/1018840/000101884013000018/0001018840-13-000018-index.htm",
        "finalLink": "https://www.sec.gov/Archives/edgar/data/1018840/000101884013000018/anf-20130504x10q.htm"
    },
    {
        "date": "2013-01-31",
        "symbol": "ANF",
        "reportedCurrency": "USD",
        "cik": "0001018840",
        "fillingDate": "2013-04-02",
        "acceptedDate": "2013-04-02 16:54:55",
        "calendarYear": "2012",
        "period": "Q4",
        "revenue": 1468531000,
        "costOfRevenue": 509009000,
        "grossProfit": 959522000,
        "grossProfitRatio": 0.6533889989,
        "researchAndDevelopmentExpenses": 0,
        "generalAndAdministrativeExpenses": 122321000,
        "sellingAndMarketingExpenses": 577167000,
        "sellingGeneralAndAdministrativeExpenses": 699488000,
        "otherExpenses": 0,
        "operatingExpenses": 685825000,
        "costAndExpenses": 1194834000,
        "interestIncome": 0,
        "interestExpense": 3069000,
        "depreciationAndAmortization": 58729000,
        "ebitda": 303315000,
        "ebitdaratio": 0.2065431373,
        "operatingIncome": 273697000,
        "operatingIncomeRatio": 0.1863746833,
        "totalOtherIncomeExpensesNet": -19105000,
        "incomeBeforeTax": 270628000,
        "incomeBeforeTaxRatio": 0.1842848397,
        "incomeTaxExpense": 97447000,
        "netIncome": 173181000,
        "netIncomeRatio": 0.1179280519,
        "eps": 2.19,
        "epsdiluted": 2.15,
        "weightedAverageShsOut": 78943000,
        "weightedAverageShsOutDil": 80553000,
        "link": "https://www.sec.gov/Archives/edgar/data/1018840/000101884013000012/0001018840-13-000012-index.htm",
        "finalLink": "https://www.sec.gov/Archives/edgar/data/1018840/000101884013000012/anf-20130202x10k.htm"
    },
    {
        "date": "2012-10-27",
        "symbol": "ANF",
        "reportedCurrency": "USD",
        "cik": "0001018840",
        "fillingDate": "2012-12-04",
        "acceptedDate": "2012-12-04 15:22:35",
        "calendarYear": "2012",
        "period": "Q3",
        "revenue": 1169649000,
        "costOfRevenue": 438082000,
        "grossProfit": 731567000,
        "grossProfitRatio": 0.6254585777,
        "researchAndDevelopmentExpenses": 0,
        "generalAndAdministrativeExpenses": 123381000,
        "sellingAndMarketingExpenses": 496942000,
        "sellingGeneralAndAdministrativeExpenses": 620323000,
        "otherExpenses": 0,
        "operatingExpenses": 619169000,
        "costAndExpenses": 1057251000,
        "interestIncome": 1016000,
        "interestExpense": 1584000,
        "depreciationAndAmortization": 56169000,
        "ebitda": 168567000,
        "ebitdaratio": 0.1441175943,
        "operatingIncome": 112398000,
        "operatingIncomeRatio": 0.0960954953,
        "totalOtherIncomeExpensesNet": -2923000,
        "incomeBeforeTax": 110814000,
        "incomeBeforeTaxRatio": 0.0947412429,
        "incomeTaxExpense": 39307000,
        "netIncome": 71507000,
        "netIncomeRatio": 0.0611354346,
        "eps": 1.03,
        "epsdiluted": 1.02,
        "weightedAverageShsOut": 81669000,
        "weightedAverageShsOutDil": 82522000,
        "link": "https://www.sec.gov/Archives/edgar/data/1018840/000101884012000012/0001018840-12-000012-index.htm",
        "finalLink": "https://www.sec.gov/Archives/edgar/data/1018840/000101884012000012/anf-20121027x10q.htm"
    },
    {
        "date": "2012-07-28",
        "symbol": "ANF",
        "reportedCurrency": "USD",
        "cik": "0001018840",
        "fillingDate": "2012-09-05",
        "acceptedDate": "2012-09-05 15:04:28",
        "calendarYear": "2012",
        "period": "Q2",
        "revenue": 951407000,
        "costOfRevenue": 357000000,
        "grossProfit": 594407000,
        "grossProfitRatio": 0.6247662672,
        "researchAndDevelopmentExpenses": 0,
        "generalAndAdministrativeExpenses": 111293000,
        "sellingAndMarketingExpenses": 458085000,
        "sellingGeneralAndAdministrativeExpenses": 569378000,
        "otherExpenses": 0,
        "operatingExpenses": 567445000,
        "costAndExpenses": 924445000,
        "interestIncome": 1000000,
        "interestExpense": 1546000,
        "depreciationAndAmortization": 54800000,
        "ebitda": 26962000,
        "ebitdaratio": 0.028339081,
        "operatingIncome": 26962000,
        "operatingIncomeRatio": 0.028339081,
        "totalOtherIncomeExpensesNet": -1546000,
        "incomeBeforeTax": 25416000,
        "incomeBeforeTaxRatio": 0.0267141192,
        "incomeTaxExpense": 9897000,
        "netIncome": 15519000,
        "netIncomeRatio": 0.0163116311,
        "eps": 0.21,
        "epsdiluted": 0.2,
        "weightedAverageShsOut": 82555000,
        "weightedAverageShsOutDil": 83441000,
        "link": "https://www.sec.gov/Archives/edgar/data/1018840/000119312512380735/0001193125-12-380735-index.htm",
        "finalLink": "https://www.sec.gov/Archives/edgar/data/1018840/000119312512380735/d405387d10q.htm"
    },
    {
        "date": "2012-04-28",
        "symbol": "ANF",
        "reportedCurrency": "USD",
        "cik": "0001018840",
        "fillingDate": "2012-06-05",
        "acceptedDate": "2012-06-05 17:06:18",
        "calendarYear": "2012",
        "period": "Q1",
        "revenue": 921218000,
        "costOfRevenue": 344859000,
        "grossProfit": 576359000,
        "grossProfitRatio": 0.6256488692,
        "researchAndDevelopmentExpenses": 0,
        "generalAndAdministrativeExpenses": 116889000,
        "sellingAndMarketingExpenses": 455732000,
        "sellingGeneralAndAdministrativeExpenses": 572621000,
        "otherExpenses": 0,
        "operatingExpenses": 570037000,
        "costAndExpenses": 914896000,
        "interestIncome": 1111000,
        "interestExpense": 1089000,
        "depreciationAndAmortization": 54547000,
        "ebitda": 25602000,
        "ebitdaratio": 0.0277914674,
        "operatingIncome": 6322000,
        "operatingIncomeRatio": 0.0068626536,
        "totalOtherIncomeExpensesNet": -1089000,
        "incomeBeforeTax": 5233000,
        "incomeBeforeTaxRatio": 0.005680523,
        "incomeTaxExpense": 2248000,
        "netIncome": 2985000,
        "netIncomeRatio": 0.0032402754,
        "eps": -0.25,
        "epsdiluted": -0.25,
        "weightedAverageShsOut": 84593000,
        "weightedAverageShsOutDil": 84593000,
        "link": "https://www.sec.gov/Archives/edgar/data/1018840/000119312512260342/0001193125-12-260342-index.htm",
        "finalLink": "https://www.sec.gov/Archives/edgar/data/1018840/000119312512260342/d359946d10q.htm"
    },
    {
        "date": "2012-01-31",
        "symbol": "ANF",
        "reportedCurrency": "USD",
        "cik": "0001018840",
        "fillingDate": "2012-03-27",
        "acceptedDate": "2012-03-27 16:33:22",
        "calendarYear": "2011",
        "period": "Q4",
        "revenue": 1328766000,
        "costOfRevenue": 583120000,
        "grossProfit": 745646000,
        "grossProfitRatio": 0.5611567424,
        "researchAndDevelopmentExpenses": 0,
        "generalAndAdministrativeExpenses": 111627000,
        "sellingAndMarketingExpenses": 602140000,
        "sellingGeneralAndAdministrativeExpenses": 713767000,
        "otherExpenses": 0,
        "operatingExpenses": 721386000,
        "costAndExpenses": 1304506000,
        "interestIncome": 600000,
        "interestExpense": 1108000,
        "depreciationAndAmortization": 59387000,
        "ebitda": 87947000,
        "ebitdaratio": 0.0661869735,
        "operatingIncome": 24260000,
        "operatingIncomeRatio": 0.0182575412,
        "totalOtherIncomeExpensesNet": -1108000,
        "incomeBeforeTax": 23152000,
        "incomeBeforeTaxRatio": 0.0174236848,
        "incomeTaxExpense": 3572000,
        "netIncome": 19580000,
        "netIncomeRatio": 0.0147354764,
        "eps": 0.23,
        "epsdiluted": 0.22,
        "weightedAverageShsOut": 85882000,
        "weightedAverageShsOutDil": 87647000,
        "link": "https://www.sec.gov/Archives/edgar/data/1018840/000119312512134456/0001193125-12-134456-index.htm",
        "finalLink": "https://www.sec.gov/Archives/edgar/data/1018840/000119312512134456/d284845d10k.htm"
    },
    {
        "date": "2011-10-29",
        "symbol": "ANF",
        "reportedCurrency": "USD",
        "cik": "0001018840",
        "fillingDate": "2011-12-06",
        "acceptedDate": "2011-12-06 16:00:44",
        "calendarYear": "2011",
        "period": "Q3",
        "revenue": 1075856000,
        "costOfRevenue": 429334000,
        "grossProfit": 646522000,
        "grossProfitRatio": 0.6009373002,
        "researchAndDevelopmentExpenses": 0,
        "generalAndAdministrativeExpenses": 107844000,
        "sellingAndMarketingExpenses": 461683000,
        "sellingGeneralAndAdministrativeExpenses": 569527000,
        "otherExpenses": 0,
        "operatingExpenses": 566672000,
        "costAndExpenses": 996006000,
        "interestIncome": 1200000,
        "interestExpense": 533000,
        "depreciationAndAmortization": 57172000,
        "ebitda": 79850000,
        "ebitdaratio": 0.07421997,
        "operatingIncome": 79850000,
        "operatingIncomeRatio": 0.07421997,
        "totalOtherIncomeExpensesNet": -533000,
        "incomeBeforeTax": 79317000,
        "incomeBeforeTaxRatio": 0.0737245505,
        "incomeTaxExpense": 28412000,
        "netIncome": 50905000,
        "netIncomeRatio": 0.0473158118,
        "eps": 0.59,
        "epsdiluted": 0.57,
        "weightedAverageShsOut": 86962000,
        "weightedAverageShsOutDil": 89707000,
        "link": "https://www.sec.gov/Archives/edgar/data/1018840/000095012311102138/0000950123-11-102138-index.htm",
        "finalLink": "https://www.sec.gov/Archives/edgar/data/1018840/000095012311102138/c25597e10vq.htm"
    },
    {
        "date": "2011-07-30",
        "symbol": "ANF",
        "reportedCurrency": "USD",
        "cik": "0001018840",
        "fillingDate": "2011-09-07",
        "acceptedDate": "2011-09-07 13:06:30",
        "calendarYear": "2011",
        "period": "Q2",
        "revenue": 916763000,
        "costOfRevenue": 333721000,
        "grossProfit": 583042000,
        "grossProfitRatio": 0.6359789826,
        "researchAndDevelopmentExpenses": 0,
        "generalAndAdministrativeExpenses": 109999000,
        "sellingAndMarketingExpenses": 425325000,
        "sellingGeneralAndAdministrativeExpenses": 535324000,
        "otherExpenses": 0,
        "operatingExpenses": 535868000,
        "costAndExpenses": 869589000,
        "interestIncome": 1200000,
        "interestExpense": 985000,
        "depreciationAndAmortization": 59179000,
        "ebitda": 47174000,
        "ebitdaratio": 0.0514571378,
        "operatingIncome": 47174000,
        "operatingIncomeRatio": 0.0514571378,
        "totalOtherIncomeExpensesNet": -985000,
        "incomeBeforeTax": 46189000,
        "incomeBeforeTaxRatio": 0.0503827052,
        "incomeTaxExpense": 14158000,
        "netIncome": 32031000,
        "netIncomeRatio": 0.0349392373,
        "eps": 0.37,
        "epsdiluted": 0.35,
        "weightedAverageShsOut": 87267000,
        "weightedAverageShsOutDil": 90353000,
        "link": "https://www.sec.gov/Archives/edgar/data/1018840/000095012311082951/0000950123-11-082951-index.htm",
        "finalLink": "https://www.sec.gov/Archives/edgar/data/1018840/000095012311082951/c20376e10vq.htm"
    },
    {
        "date": "2011-04-30",
        "symbol": "ANF",
        "reportedCurrency": "USD",
        "cik": "0001018840",
        "fillingDate": "2011-06-08",
        "acceptedDate": "2011-06-08 16:21:52",
        "calendarYear": "2011",
        "period": "Q1",
        "revenue": 836674000,
        "costOfRevenue": 293013000,
        "grossProfit": 543661000,
        "grossProfitRatio": 0.6497883285,
        "researchAndDevelopmentExpenses": 0,
        "generalAndAdministrativeExpenses": 107651000,
        "sellingAndMarketingExpenses": 399101000,
        "sellingGeneralAndAdministrativeExpenses": 506752000,
        "otherExpenses": 0,
        "operatingExpenses": 504916000,
        "costAndExpenses": 797929000,
        "interestIncome": 1250000,
        "interestExpense": 950000,
        "depreciationAndAmortization": 57218000,
        "ebitda": 38745000,
        "ebitdaratio": 0.0463083591,
        "operatingIncome": 38745000,
        "operatingIncomeRatio": 0.0463083591,
        "totalOtherIncomeExpensesNet": -950000,
        "incomeBeforeTax": 37795000,
        "incomeBeforeTaxRatio": 0.0451729108,
        "incomeTaxExpense": 13450000,
        "netIncome": 25141000,
        "netIncomeRatio": 0.0300487406,
        "eps": 0.29,
        "epsdiluted": 0.28,
        "weightedAverageShsOut": 87282000,
        "weightedAverageShsOutDil": 90441000,
        "link": "https://www.sec.gov/Archives/edgar/data/1018840/000095012311057559/0000950123-11-057559-index.htm",
        "finalLink": "https://www.sec.gov/Archives/edgar/data/1018840/000095012311057559/c18444e10vq.htm"
    },
    {
        "date": "2011-01-31",
        "symbol": "ANF",
        "reportedCurrency": "USD",
        "cik": "0001018840",
        "fillingDate": "2011-03-29",
        "acceptedDate": "2011-03-29 16:03:13",
        "calendarYear": "2010",
        "period": "Q4",
        "revenue": 1149396000,
        "costOfRevenue": 418410000,
        "grossProfit": 730986000,
        "grossProfitRatio": 0.6359740246,
        "researchAndDevelopmentExpenses": 0,
        "generalAndAdministrativeExpenses": 106354000,
        "sellingAndMarketingExpenses": 485475000,
        "sellingGeneralAndAdministrativeExpenses": 591829000,
        "otherExpenses": 0,
        "operatingExpenses": 586280000,
        "costAndExpenses": 1004690000,
        "interestIncome": 1038000,
        "interestExpense": 1058000,
        "depreciationAndAmortization": 61397000,
        "ebitda": 206104000,
        "ebitdaratio": 0.1793150489,
        "operatingIncome": 144706000,
        "operatingIncomeRatio": 0.1258974279,
        "totalOtherIncomeExpensesNet": -1058000,
        "incomeBeforeTax": 143648000,
        "incomeBeforeTaxRatio": 0.1249769444,
        "incomeTaxExpense": 51055000,
        "netIncome": 92593000,
        "netIncomeRatio": 0.0805579626,
        "eps": 1.06,
        "epsdiluted": 1.03,
        "weightedAverageShsOut": 87692000,
        "weightedAverageShsOutDil": 90211000,
        "link": "https://www.sec.gov/Archives/edgar/data/1018840/000095012311030172/0000950123-11-030172-index.htm",
        "finalLink": "https://www.sec.gov/Archives/edgar/data/1018840/000095012311030172/l41654e10vk.htm"
    },
    {
        "date": "2010-10-30",
        "symbol": "ANF",
        "reportedCurrency": "USD",
        "cik": "0001018840",
        "fillingDate": "2010-12-07",
        "acceptedDate": "2010-12-07 16:04:55",
        "calendarYear": "2010",
        "period": "Q3",
        "revenue": 885778000,
        "costOfRevenue": 321346000,
        "grossProfit": 564432000,
        "grossProfitRatio": 0.637216097,
        "researchAndDevelopmentExpenses": 0,
        "generalAndAdministrativeExpenses": 102612000,
        "sellingAndMarketingExpenses": 385135000,
        "sellingGeneralAndAdministrativeExpenses": 487747000,
        "otherExpenses": 0,
        "operatingExpenses": 486055000,
        "costAndExpenses": 807401000,
        "interestIncome": 1200000,
        "interestExpense": 671000,
        "depreciationAndAmortization": 55353000,
        "ebitda": 78377000,
        "ebitdaratio": 0.0884837962,
        "operatingIncome": -78377000,
        "operatingIncomeRatio": -0.0884837962,
        "totalOtherIncomeExpensesNet": -671000,
        "incomeBeforeTax": 77706000,
        "incomeBeforeTaxRatio": 0.08772627,
        "incomeTaxExpense": 27666000,
        "netIncome": 50040000,
        "netIncomeRatio": 0.0564927104,
        "eps": 0.57,
        "epsdiluted": 0.56,
        "weightedAverageShsOut": 88236000,
        "weightedAverageShsOutDil": 90069000,
        "link": "https://www.sec.gov/Archives/edgar/data/1018840/000095012310111536/0000950123-10-111536-index.htm",
        "finalLink": "https://www.sec.gov/Archives/edgar/data/1018840/000095012310111536/c09362e10vq.htm"
    },
    {
        "date": "2010-07-31",
        "symbol": "ANF",
        "reportedCurrency": "USD",
        "cik": "0001018840",
        "fillingDate": "2010-09-08",
        "acceptedDate": "2010-09-08 16:05:37",
        "calendarYear": "2010",
        "period": "Q2",
        "revenue": 745798000,
        "costOfRevenue": 260450000,
        "grossProfit": 485348000,
        "grossProfitRatio": 0.6507767519,
        "researchAndDevelopmentExpenses": 0,
        "generalAndAdministrativeExpenses": 95206000,
        "sellingAndMarketingExpenses": 364482000,
        "sellingGeneralAndAdministrativeExpenses": 459688000,
        "otherExpenses": 0,
        "operatingExpenses": 457788000,
        "costAndExpenses": 718238000,
        "interestIncome": 1093000,
        "interestExpense": 807000,
        "depreciationAndAmortization": 55666000,
        "ebitda": 27560000,
        "ebitdaratio": 0.036953706,
        "operatingIncome": 27560000,
        "operatingIncomeRatio": 0.036953706,
        "totalOtherIncomeExpensesNet": -807000,
        "incomeBeforeTax": 26753000,
        "incomeBeforeTaxRatio": 0.0358716435,
        "incomeTaxExpense": 7274000,
        "netIncome": 19479000,
        "netIncomeRatio": 0.0261183323,
        "eps": 0.22,
        "epsdiluted": 0.22,
        "weightedAverageShsOut": 88220000,
        "weightedAverageShsOutDil": 89386000,
        "link": "https://www.sec.gov/Archives/edgar/data/1018840/000095012310084557/0000950123-10-084557-index.htm",
        "finalLink": "https://www.sec.gov/Archives/edgar/data/1018840/000095012310084557/c05304e10vq.htm"
    },
    {
        "date": "2010-05-01",
        "symbol": "ANF",
        "reportedCurrency": "USD",
        "cik": "0001018840",
        "fillingDate": "2010-06-08",
        "acceptedDate": "2010-06-08 16:00:48",
        "calendarYear": "2010",
        "period": "Q1",
        "revenue": 687804000,
        "costOfRevenue": 256388000,
        "grossProfit": 431416000,
        "grossProfitRatio": 0.6272368291,
        "researchAndDevelopmentExpenses": 0,
        "generalAndAdministrativeExpenses": 96632000,
        "sellingAndMarketingExpenses": 354410000,
        "sellingGeneralAndAdministrativeExpenses": 451042000,
        "otherExpenses": 0,
        "operatingExpenses": 450128000,
        "costAndExpenses": 706516000,
        "interestIncome": 1100000,
        "interestExpense": 825000,
        "depreciationAndAmortization": 56737000,
        "ebitda": 38025000,
        "ebitdaratio": 0.055284645,
        "operatingIncome": -18712000,
        "operatingIncomeRatio": -0.0272054248,
        "totalOtherIncomeExpensesNet": -825000,
        "incomeBeforeTax": -19537000,
        "incomeBeforeTaxRatio": -0.0284048944,
        "incomeTaxExpense": -7709000,
        "netIncome": -11828000,
        "netIncomeRatio": -0.0171967595,
        "eps": -0.13,
        "epsdiluted": -0.13,
        "weightedAverageShsOut": 88095000,
        "weightedAverageShsOutDil": 88095000,
        "link": "https://www.sec.gov/Archives/edgar/data/1018840/000095012310056607/0000950123-10-056607-index.htm",
        "finalLink": "https://www.sec.gov/Archives/edgar/data/1018840/000095012310056607/c02088e10vq.htm"
    },
    {
        "date": "2010-01-31",
        "symbol": "ANF",
        "reportedCurrency": "USD",
        "cik": "0001018840",
        "fillingDate": "2010-03-29",
        "acceptedDate": "2010-03-29 16:03:20",
        "calendarYear": "2009",
        "period": "Q4",
        "revenue": 935991000,
        "costOfRevenue": 341449000,
        "grossProfit": 594542000,
        "grossProfitRatio": 0.6352005521,
        "researchAndDevelopmentExpenses": 0,
        "generalAndAdministrativeExpenses": 92390000,
        "sellingAndMarketingExpenses": 413983000,
        "sellingGeneralAndAdministrativeExpenses": 506373000,
        "otherExpenses": 0,
        "operatingExpenses": 499105000,
        "costAndExpenses": 840554000,
        "interestIncome": 1000000,
        "interestExpense": 1093000,
        "depreciationAndAmortization": 60059000,
        "ebitda": 262270000,
        "ebitdaratio": 0.2802056857,
        "operatingIncome": 95437000,
        "operatingIncomeRatio": 0.1019635873,
        "totalOtherIncomeExpensesNet": -1093000,
        "incomeBeforeTax": 94344000,
        "incomeBeforeTaxRatio": 0.100795841,
        "incomeTaxExpense": 33319000,
        "netIncome": 47459000,
        "netIncomeRatio": 0.0507045474,
        "eps": 0.54,
        "epsdiluted": 0.53,
        "weightedAverageShsOut": 87979000,
        "weightedAverageShsOutDil": 90919000,
        "link": "https://www.sec.gov/Archives/edgar/data/1018840/000095012310029409/0000950123-10-029409-index.htm",
        "finalLink": "https://www.sec.gov/Archives/edgar/data/1018840/000095012310029409/l38903e10vk.htm"
    },
    {
        "date": "2009-10-31",
        "symbol": "ANF",
        "reportedCurrency": "USD",
        "cik": "0001018840",
        "fillingDate": "2009-12-08",
        "acceptedDate": "2009-12-08 16:00:21",
        "calendarYear": "2009",
        "period": "Q3",
        "revenue": 765401000,
        "costOfRevenue": 278471000,
        "grossProfit": 486930000,
        "grossProfitRatio": 0.6361763311,
        "researchAndDevelopmentExpenses": 0,
        "generalAndAdministrativeExpenses": 88123000,
        "sellingAndMarketingExpenses": 370064000,
        "sellingGeneralAndAdministrativeExpenses": 458187000,
        "otherExpenses": 0,
        "operatingExpenses": 456578000,
        "costAndExpenses": 735049000,
        "interestIncome": 1339000,
        "interestExpense": 461000,
        "depreciationAndAmortization": 60302000,
        "ebitda": 30352000,
        "ebitdaratio": 0.0396550305,
        "operatingIncome": 30352000,
        "operatingIncomeRatio": 0.0396550305,
        "totalOtherIncomeExpensesNet": 16654000,
        "incomeBeforeTax": 29891000,
        "incomeBeforeTaxRatio": 0.0390527318,
        "incomeTaxExpense": -8892000,
        "netIncome": 38783000,
        "netIncomeRatio": 0.0506701716,
        "eps": 0.44,
        "epsdiluted": 0.44,
        "weightedAverageShsOut": 87943000,
        "weightedAverageShsOutDil": 88730000,
        "link": "https://www.sec.gov/Archives/edgar/data/1018840/000095012309069172/0000950123-09-069172-index.htm",
        "finalLink": "https://www.sec.gov/Archives/edgar/data/1018840/000095012309069172/c93304e10vq.htm"
    },
    {
        "date": "2009-08-01",
        "symbol": "ANF",
        "reportedCurrency": "USD",
        "cik": "0001018840",
        "fillingDate": "2009-09-08",
        "acceptedDate": "2009-09-08 16:00:36",
        "calendarYear": "2009",
        "period": "Q2",
        "revenue": 648459000,
        "costOfRevenue": 217456000,
        "grossProfit": 431003000,
        "grossProfitRatio": 0.6646572875,
        "researchAndDevelopmentExpenses": 0,
        "generalAndAdministrativeExpenses": 88671000,
        "sellingAndMarketingExpenses": 367199000,
        "sellingGeneralAndAdministrativeExpenses": 455870000,
        "otherExpenses": 0,
        "operatingExpenses": 452537000,
        "costAndExpenses": 669993000,
        "interestIncome": 3800000,
        "interestExpense": 2000000,
        "depreciationAndAmortization": 58715000,
        "ebitda": -21534000,
        "ebitdaratio": -0.0332079592,
        "operatingIncome": -21534000,
        "operatingIncomeRatio": -0.0332079592,
        "totalOtherIncomeExpensesNet": 1779000,
        "incomeBeforeTax": -19756000,
        "incomeBeforeTaxRatio": -0.0304660742,
        "incomeTaxExpense": 6991000,
        "netIncome": -26747000,
        "netIncomeRatio": -0.0412470179,
        "eps": -0.3,
        "epsdiluted": -0.3,
        "weightedAverageShsOut": 87878000,
        "weightedAverageShsOutDil": 87878000,
        "link": "https://www.sec.gov/Archives/edgar/data/1018840/000095012309041653/0000950123-09-041653-index.htm",
        "finalLink": "https://www.sec.gov/Archives/edgar/data/1018840/000095012309041653/c89946e10vq.htm"
    },
    {
        "date": "2009-05-02",
        "symbol": "ANF",
        "reportedCurrency": "USD",
        "cik": "0001018840",
        "fillingDate": "2009-06-09",
        "acceptedDate": "2009-06-09 16:00:36",
        "calendarYear": "2009",
        "period": "Q1",
        "revenue": 612136000,
        "costOfRevenue": 224452000,
        "grossProfit": 387684000,
        "grossProfitRatio": 0.6333298483,
        "researchAndDevelopmentExpenses": 0,
        "generalAndAdministrativeExpenses": 0,
        "sellingAndMarketingExpenses": 0,
        "sellingGeneralAndAdministrativeExpenses": 482136000,
        "otherExpenses": 0,
        "operatingExpenses": 480801000,
        "costAndExpenses": 705253000,
        "interestIncome": 2100000,
        "interestExpense": 726000,
        "depreciationAndAmortization": 59676000,
        "ebitda": 25798000,
        "ebitdaratio": 0.0421442294,
        "operatingIncome": -93117000,
        "operatingIncomeRatio": -0.1521181567,
        "totalOtherIncomeExpensesNet": 1374000,
        "incomeBeforeTax": -91743000,
        "incomeBeforeTaxRatio": -0.1498735575,
        "incomeTaxExpense": -32503000,
        "netIncome": -59240000,
        "netIncomeRatio": -0.0967758799,
        "eps": -0.68,
        "epsdiluted": -0.68,
        "weightedAverageShsOut": 87697000,
        "weightedAverageShsOutDil": 87697000,
        "link": "https://www.sec.gov/Archives/edgar/data/1018840/000095012309012571/0000950123-09-012571-index.htm",
        "finalLink": "https://www.sec.gov/Archives/edgar/data/1018840/000095012309012571/c86504e10vq.htm"
    },
    {
        "date": "2009-01-31",
        "symbol": "ANF",
        "reportedCurrency": "USD",
        "cik": "0001018840",
        "fillingDate": "2009-03-27",
        "acceptedDate": "2009-03-27 16:09:10",
        "calendarYear": "2008",
        "period": "Q4",
        "revenue": 997955000,
        "costOfRevenue": 355341000,
        "grossProfit": 642614000,
        "grossProfitRatio": 0.6439308386,
        "researchAndDevelopmentExpenses": 0,
        "generalAndAdministrativeExpenses": 0,
        "sellingAndMarketingExpenses": 0,
        "sellingGeneralAndAdministrativeExpenses": 523437000,
        "otherExpenses": 0,
        "operatingExpenses": 517969000,
        "costAndExpenses": 873310000,
        "interestIncome": 0,
        "interestExpense": 0,
        "depreciationAndAmortization": 92026000,
        "ebitda": 216671000,
        "ebitdaratio": 0.2171150002,
        "operatingIncome": 124645000,
        "operatingIncomeRatio": 0.1249004214,
        "totalOtherIncomeExpensesNet": 1419000,
        "incomeBeforeTax": 126064000,
        "incomeBeforeTaxRatio": 0.1263223292,
        "incomeTaxExpense": 57657000,
        "netIncome": 68407000,
        "netIncomeRatio": 0.068547179,
        "eps": 0.79,
        "epsdiluted": 0.78,
        "weightedAverageShsOut": 87053000,
        "weightedAverageShsOutDil": 88256000,
        "link": "https://www.sec.gov/Archives/edgar/data/1018840/000095015209003195/0000950152-09-003195-index.htm",
        "finalLink": "https://www.sec.gov/Archives/edgar/data/1018840/000095015209003195/l35389ae10vk.htm"
    },
    {
        "date": "2008-11-01",
        "symbol": "ANF",
        "reportedCurrency": "USD",
        "cik": "0001018840",
        "fillingDate": "2008-12-05",
        "acceptedDate": "2008-12-05 16:01:15",
        "calendarYear": "2008",
        "period": "Q3",
        "revenue": 896344000,
        "costOfRevenue": 304401000,
        "grossProfit": 591943000,
        "grossProfitRatio": 0.6603971243,
        "researchAndDevelopmentExpenses": 0,
        "generalAndAdministrativeExpenses": 0,
        "sellingAndMarketingExpenses": 0,
        "sellingGeneralAndAdministrativeExpenses": 491504000,
        "otherExpenses": 0,
        "operatingExpenses": 491803000,
        "costAndExpenses": 796204000,
        "interestIncome": 0,
        "interestExpense": 0,
        "depreciationAndAmortization": 46218000,
        "ebitda": 157315000,
        "ebitdaratio": 0.1755073945,
        "operatingIncome": 100140000,
        "operatingIncomeRatio": 0.1117205002,
        "totalOtherIncomeExpensesNet": 560000,
        "incomeBeforeTax": 100700000,
        "incomeBeforeTaxRatio": 0.1123452603,
        "incomeTaxExpense": 36800000,
        "netIncome": 63900000,
        "netIncomeRatio": 0.0712895942,
        "eps": 0.73,
        "epsdiluted": 0.72,
        "weightedAverageShsOut": 87034000,
        "weightedAverageShsOutDil": 88806000,
        "link": "https://www.sec.gov/Archives/edgar/data/1018840/000095015208010019/0000950152-08-010019-index.htm",
        "finalLink": "https://www.sec.gov/Archives/edgar/data/1018840/000095015208010019/l34737ae10vq.htm"
    },
    {
        "date": "2008-08-02",
        "symbol": "ANF",
        "reportedCurrency": "USD",
        "cik": "0001018840",
        "fillingDate": "2008-09-08",
        "acceptedDate": "2008-09-08 16:05:48",
        "calendarYear": "2008",
        "period": "Q2",
        "revenue": 845799000,
        "costOfRevenue": 252830000,
        "grossProfit": 592969000,
        "grossProfitRatio": 0.701075551,
        "researchAndDevelopmentExpenses": 0,
        "generalAndAdministrativeExpenses": 0,
        "sellingAndMarketingExpenses": 0,
        "sellingGeneralAndAdministrativeExpenses": 469743000,
        "otherExpenses": 0,
        "operatingExpenses": 468989000,
        "costAndExpenses": 721819000,
        "interestIncome": 2600000,
        "interestExpense": 800000,
        "depreciationAndAmortization": 44478000,
        "ebitda": 182205000,
        "ebitdaratio": 0.2154235226,
        "operatingIncome": 123980000,
        "operatingIncomeRatio": 0.1465832899,
        "totalOtherIncomeExpensesNet": 1757000,
        "incomeBeforeTax": 125737000,
        "incomeBeforeTaxRatio": 0.1486606156,
        "incomeTaxExpense": 47905000,
        "netIncome": 77832000,
        "netIncomeRatio": 0.0920218634,
        "eps": 0.9,
        "epsdiluted": 0.87,
        "weightedAverageShsOut": 86842000,
        "weightedAverageShsOutDil": 89963000,
        "link": "https://www.sec.gov/Archives/edgar/data/1018840/000095015208007062/0000950152-08-007062-index.htm",
        "finalLink": "https://www.sec.gov/Archives/edgar/data/1018840/000095015208007062/l33113ae10vq.htm"
    },
    {
        "date": "2008-05-03",
        "symbol": "ANF",
        "reportedCurrency": "USD",
        "cik": "0001018840",
        "fillingDate": "2008-06-11",
        "acceptedDate": "2008-06-11 09:00:51",
        "calendarYear": "2008",
        "period": "Q1",
        "revenue": 800178000,
        "costOfRevenue": 266012000,
        "grossProfit": 534166000,
        "grossProfitRatio": 0.6675589681,
        "researchAndDevelopmentExpenses": 0,
        "generalAndAdministrativeExpenses": 0,
        "sellingAndMarketingExpenses": 0,
        "sellingGeneralAndAdministrativeExpenses": 446486000,
        "otherExpenses": 0,
        "operatingExpenses": 443545000,
        "costAndExpenses": 709557000,
        "interestIncome": 7946000,
        "interestExpense": 300000,
        "depreciationAndAmortization": 42612000,
        "ebitda": 151316000,
        "ebitdaratio": 0.1891029246,
        "operatingIncome": 90621000,
        "operatingIncomeRatio": 0.1132510516,
        "totalOtherIncomeExpensesNet": 7646000,
        "incomeBeforeTax": 98267000,
        "incomeBeforeTaxRatio": 0.1228064256,
        "incomeTaxExpense": 36151000,
        "netIncome": 62116000,
        "netIncomeRatio": 0.0776277278,
        "eps": 0.72,
        "epsdiluted": 0.69,
        "weightedAverageShsOut": 86335000,
        "weightedAverageShsOutDil": 90138000,
        "link": "https://www.sec.gov/Archives/edgar/data/1018840/000095015208004539/0000950152-08-004539-index.htm",
        "finalLink": "https://www.sec.gov/Archives/edgar/data/1018840/000095015208004539/l31956ae10vq.htm"
    },
    {
        "date": "2008-01-31",
        "symbol": "ANF",
        "reportedCurrency": "USD",
        "cik": "0001018840",
        "fillingDate": "2008-03-28",
        "acceptedDate": "2008-03-28 16:01:29",
        "calendarYear": "2007",
        "period": "Q4",
        "revenue": 1228969000,
        "costOfRevenue": 403352000,
        "grossProfit": 825617000,
        "grossProfitRatio": 0.6717964408,
        "researchAndDevelopmentExpenses": 0,
        "generalAndAdministrativeExpenses": 0,
        "sellingAndMarketingExpenses": 0,
        "sellingGeneralAndAdministrativeExpenses": 491568000,
        "otherExpenses": 0,
        "operatingExpenses": 488549000,
        "costAndExpenses": 891901000,
        "interestIncome": 0,
        "interestExpense": 0,
        "depreciationAndAmortization": 40054000,
        "ebitda": 377122000,
        "ebitdaratio": 0.306860466,
        "operatingIncome": 337068000,
        "operatingIncomeRatio": 0.2742689197,
        "totalOtherIncomeExpensesNet": 6356000,
        "incomeBeforeTax": 343424000,
        "incomeBeforeTaxRatio": 0.2794407345,
        "incomeTaxExpense": 126668000,
        "netIncome": 216756000,
        "netIncomeRatio": 0.1763722275,
        "eps": 2.49,
        "epsdiluted": 2.38,
        "weightedAverageShsOut": 86123000,
        "weightedAverageShsOutDil": 90281000,
        "link": "https://www.sec.gov/Archives/edgar/data/1018840/000095015208002415/0000950152-08-002415-index.htm",
        "finalLink": "https://www.sec.gov/Archives/edgar/data/1018840/000095015208002415/l30737ae10vk.htm"
    },
    {
        "date": "2007-11-03",
        "symbol": "ANF",
        "reportedCurrency": "USD",
        "cik": "0001018840",
        "fillingDate": "2007-12-11",
        "acceptedDate": "2007-12-11 16:13:13",
        "calendarYear": "2007",
        "period": "Q3",
        "revenue": 973930000,
        "costOfRevenue": 328887000,
        "grossProfit": 645043000,
        "grossProfitRatio": 0.6623094062,
        "researchAndDevelopmentExpenses": 0,
        "generalAndAdministrativeExpenses": 0,
        "sellingAndMarketingExpenses": 0,
        "sellingGeneralAndAdministrativeExpenses": 459766000,
        "otherExpenses": 0,
        "operatingExpenses": 458456000,
        "costAndExpenses": 787343000,
        "interestIncome": 0,
        "interestExpense": 0,
        "depreciationAndAmortization": 36917000,
        "ebitda": 223504000,
        "ebitdaratio": 0.2294867188,
        "operatingIncome": 186587000,
        "operatingIncomeRatio": 0.1915815305,
        "totalOtherIncomeExpensesNet": 4618000,
        "incomeBeforeTax": 191205000,
        "incomeBeforeTaxRatio": 0.1963231444,
        "incomeTaxExpense": 73620000,
        "netIncome": 117585000,
        "netIncomeRatio": 0.1207324962,
        "eps": 1.35,
        "epsdiluted": 1.29,
        "weightedAverageShsOut": 86895000,
        "weightedAverageShsOutDil": 91133000,
        "link": "https://www.sec.gov/Archives/edgar/data/1018840/000095015207009543/0000950152-07-009543-index.htm",
        "finalLink": "https://www.sec.gov/Archives/edgar/data/1018840/000095015207009543/l29121ae10vq.htm"
    },
    {
        "date": "2007-08-04",
        "symbol": "ANF",
        "reportedCurrency": "USD",
        "cik": "0001018840",
        "fillingDate": "2007-09-11",
        "acceptedDate": "2007-09-11 16:03:18",
        "calendarYear": "2007",
        "period": "Q2",
        "revenue": 804538000,
        "costOfRevenue": 251100000,
        "grossProfit": 553438000,
        "grossProfitRatio": 0.6878954133,
        "researchAndDevelopmentExpenses": 0,
        "generalAndAdministrativeExpenses": 0,
        "sellingAndMarketingExpenses": 0,
        "sellingGeneralAndAdministrativeExpenses": 432857000,
        "otherExpenses": 0,
        "operatingExpenses": 429306000,
        "costAndExpenses": 680406000,
        "interestIncome": 0,
        "interestExpense": 0,
        "depreciationAndAmortization": 35962000,
        "ebitda": 160094000,
        "ebitdaratio": 0.1989887364,
        "operatingIncome": 124132000,
        "operatingIncomeRatio": 0.1542897912,
        "totalOtherIncomeExpensesNet": 4143000,
        "incomeBeforeTax": 128275000,
        "incomeBeforeTaxRatio": 0.1594393304,
        "incomeTaxExpense": 47000000,
        "netIncome": 81275000,
        "netIncomeRatio": 0.10102071,
        "eps": 0.92,
        "epsdiluted": 0.88,
        "weightedAverageShsOut": 88090000,
        "weightedAverageShsOutDil": 92294000,
        "link": "https://www.sec.gov/Archives/edgar/data/1018840/000095015207007478/0000950152-07-007478-index.htm",
        "finalLink": "https://www.sec.gov/Archives/edgar/data/1018840/000095015207007478/l27916ae10vq.htm"
    },
    {
        "date": "2007-05-05",
        "symbol": "ANF",
        "reportedCurrency": "USD",
        "cik": "0001018840",
        "fillingDate": "2007-06-12",
        "acceptedDate": "2007-06-12 17:21:33",
        "calendarYear": "2007",
        "period": "Q1",
        "revenue": 742410000,
        "costOfRevenue": 255141000,
        "grossProfit": 487269000,
        "grossProfitRatio": 0.6563341011,
        "researchAndDevelopmentExpenses": 0,
        "generalAndAdministrativeExpenses": 0,
        "sellingAndMarketingExpenses": 0,
        "sellingGeneralAndAdministrativeExpenses": 398413000,
        "otherExpenses": 0,
        "operatingExpenses": 394559000,
        "costAndExpenses": 649700000,
        "interestIncome": 0,
        "interestExpense": 0,
        "depreciationAndAmortization": 33365000,
        "ebitda": 126075000,
        "ebitdaratio": 0.1698185639,
        "operatingIncome": 92710000,
        "operatingIncomeRatio": 0.1248770895,
        "totalOtherIncomeExpensesNet": 3711000,
        "incomeBeforeTax": 96421000,
        "incomeBeforeTaxRatio": 0.1298756752,
        "incomeTaxExpense": 36340000,
        "netIncome": 60081000,
        "netIncomeRatio": 0.080926981,
        "eps": 0.68,
        "epsdiluted": 0.65,
        "weightedAverageShsOut": 87746000,
        "weightedAverageShsOutDil": 92292000,
        "link": "https://www.sec.gov/Archives/edgar/data/1018840/000095015207005076/0000950152-07-005076-index.htm",
        "finalLink": "https://www.sec.gov/Archives/edgar/data/1018840/000095015207005076/l26540ae10vq.htm"
    },
    {
        "date": "2007-01-31",
        "symbol": "ANF",
        "reportedCurrency": "USD",
        "cik": "0001018840",
        "fillingDate": "2007-03-30",
        "acceptedDate": "2007-03-30 16:07:43",
        "calendarYear": "2006",
        "period": "Q4",
        "revenue": 1138743000,
        "costOfRevenue": 383109000,
        "grossProfit": 755634000,
        "grossProfitRatio": 0.6635685137,
        "researchAndDevelopmentExpenses": 0,
        "generalAndAdministrativeExpenses": 0,
        "sellingAndMarketingExpenses": 0,
        "sellingGeneralAndAdministrativeExpenses": 451391000,
        "otherExpenses": 0,
        "operatingExpenses": 446800000,
        "costAndExpenses": 829909000,
        "interestIncome": 0,
        "interestExpense": 0,
        "depreciationAndAmortization": 32202000,
        "ebitda": 341036000,
        "ebitdaratio": 0.2994846072,
        "operatingIncome": 308834000,
        "operatingIncomeRatio": 0.2712060579,
        "totalOtherIncomeExpensesNet": 4713000,
        "incomeBeforeTax": 313547000,
        "incomeBeforeTaxRatio": 0.275344832,
        "incomeTaxExpense": 115355000,
        "netIncome": 198192000,
        "netIncomeRatio": 0.1740445386,
        "eps": 2.24,
        "epsdiluted": 2.15,
        "weightedAverageShsOut": 88262000,
        "weightedAverageShsOutDil": 93015000,
        "link": "https://www.sec.gov/Archives/edgar/data/1018840/000095015207002885/0000950152-07-002885-index.htm",
        "finalLink": "https://www.sec.gov/Archives/edgar/data/1018840/000095015207002885/l25376ae10vk.htm"
    },
    {
        "date": "2006-10-28",
        "symbol": "ANF",
        "reportedCurrency": "USD",
        "cik": "0001018840",
        "fillingDate": "2006-12-05",
        "acceptedDate": "2006-12-05 16:48:01",
        "calendarYear": "2006",
        "period": "Q3",
        "revenue": 863448000,
        "costOfRevenue": 295250000,
        "grossProfit": 568198000,
        "grossProfitRatio": 0.6580569994,
        "researchAndDevelopmentExpenses": 0,
        "generalAndAdministrativeExpenses": 0,
        "sellingAndMarketingExpenses": 0,
        "sellingGeneralAndAdministrativeExpenses": 405623000,
        "otherExpenses": 0,
        "operatingExpenses": 405357000,
        "costAndExpenses": 700607000,
        "interestIncome": 0,
        "interestExpense": 0,
        "depreciationAndAmortization": 29381000,
        "ebitda": 192222000,
        "ebitdaratio": 0.222621397,
        "operatingIncome": 162841000,
        "operatingIncomeRatio": 0.1885938702,
        "totalOtherIncomeExpensesNet": 3252000,
        "incomeBeforeTax": 166093000,
        "incomeBeforeTaxRatio": 0.1923601653,
        "incomeTaxExpense": 64062000,
        "netIncome": 102031000,
        "netIncomeRatio": 0.1181669307,
        "eps": 1.16,
        "epsdiluted": 1.11,
        "weightedAverageShsOut": 88106000,
        "weightedAverageShsOutDil": 92146000,
        "link": "https://www.sec.gov/Archives/edgar/data/1018840/000095015206009901/0000950152-06-009901-index.htm",
        "finalLink": "https://www.sec.gov/Archives/edgar/data/1018840/000095015206009901/l23493ae10vq.htm"
    },
    {
        "date": "2006-07-29",
        "symbol": "ANF",
        "reportedCurrency": "USD",
        "cik": "0001018840",
        "fillingDate": "2006-09-07",
        "acceptedDate": "2006-09-07 17:00:04",
        "calendarYear": "2006",
        "period": "Q2",
        "revenue": 658696000,
        "costOfRevenue": 203438000,
        "grossProfit": 455258000,
        "grossProfitRatio": 0.6911503941,
        "researchAndDevelopmentExpenses": 0,
        "generalAndAdministrativeExpenses": 0,
        "sellingAndMarketingExpenses": 0,
        "sellingGeneralAndAdministrativeExpenses": 355834000,
        "otherExpenses": 0,
        "operatingExpenses": 352829000,
        "costAndExpenses": 556267000,
        "interestIncome": 0,
        "interestExpense": 0,
        "depreciationAndAmortization": 26094000,
        "ebitda": 128523000,
        "ebitdaratio": 0.1951173227,
        "operatingIncome": 102429000,
        "operatingIncomeRatio": 0.1555026902,
        "totalOtherIncomeExpensesNet": 2765000,
        "incomeBeforeTax": 105194000,
        "incomeBeforeTaxRatio": 0.1597003777,
        "incomeTaxExpense": 39472000,
        "netIncome": 65722000,
        "netIncomeRatio": 0.0997759209,
        "eps": 0.75,
        "epsdiluted": 0.72,
        "weightedAverageShsOut": 87981000,
        "weightedAverageShsOutDil": 91178000,
        "link": "https://www.sec.gov/Archives/edgar/data/1018840/000095015206007488/0000950152-06-007488-index.htm",
        "finalLink": "https://www.sec.gov/Archives/edgar/data/1018840/000095015206007488/l22212ae10vq.htm"
    },
    {
        "date": "2006-04-29",
        "symbol": "ANF",
        "reportedCurrency": "USD",
        "cik": "0001018840",
        "fillingDate": "2006-06-08",
        "acceptedDate": "2006-06-08 16:19:28",
        "calendarYear": "2006",
        "period": "Q1",
        "revenue": 657271000,
        "costOfRevenue": 227356000,
        "grossProfit": 429915000,
        "grossProfitRatio": 0.6540909305,
        "researchAndDevelopmentExpenses": 0,
        "generalAndAdministrativeExpenses": 0,
        "sellingAndMarketingExpenses": 0,
        "sellingGeneralAndAdministrativeExpenses": 348051000,
        "otherExpenses": 0,
        "operatingExpenses": 345930000,
        "costAndExpenses": 573286000,
        "interestIncome": 0,
        "interestExpense": 0,
        "depreciationAndAmortization": 23994000,
        "ebitda": 107979000,
        "ebitdaratio": 0.1642838342,
        "operatingIncome": 83985000,
        "operatingIncomeRatio": 0.1277783441,
        "totalOtherIncomeExpensesNet": 3166000,
        "incomeBeforeTax": 87151000,
        "incomeBeforeTaxRatio": 0.1325952309,
        "incomeTaxExpense": 30911000,
        "netIncome": 56240000,
        "netIncomeRatio": 0.0855659233,
        "eps": 0.64,
        "epsdiluted": 0.62,
        "weightedAverageShsOut": 87858000,
        "weightedAverageShsOutDil": 91327000,
        "link": "https://www.sec.gov/Archives/edgar/data/1018840/000095015206005019/0000950152-06-005019-index.htm",
        "finalLink": "https://www.sec.gov/Archives/edgar/data/1018840/000095015206005019/l20758ae10vq.htm"
    },
    {
        "date": "2006-01-31",
        "symbol": "ANF",
        "reportedCurrency": "USD",
        "cik": "0001018840",
        "fillingDate": "2006-04-07",
        "acceptedDate": "2006-04-07 16:53:10",
        "calendarYear": "2005",
        "period": "Q4",
        "revenue": 961392000,
        "costOfRevenue": 321974000,
        "grossProfit": 639418000,
        "grossProfitRatio": 0.6650960274,
        "researchAndDevelopmentExpenses": 0,
        "generalAndAdministrativeExpenses": 0,
        "sellingAndMarketingExpenses": 0,
        "sellingGeneralAndAdministrativeExpenses": 374271000,
        "otherExpenses": 0,
        "operatingExpenses": 371930000,
        "costAndExpenses": 693904000,
        "interestIncome": 0,
        "interestExpense": 0,
        "depreciationAndAmortization": 24569000,
        "ebitda": 292057000,
        "ebitdaratio": 0.3037855526,
        "operatingIncome": 267488000,
        "operatingIncomeRatio": 0.2782299,
        "totalOtherIncomeExpensesNet": 2378000,
        "incomeBeforeTax": 269866000,
        "incomeBeforeTaxRatio": 0.2807033967,
        "incomeTaxExpense": 105240000,
        "netIncome": 164626000,
        "netIncomeRatio": 0.1712371228,
        "eps": 1.88,
        "epsdiluted": 1.79,
        "weightedAverageShsOut": 87638000,
        "weightedAverageShsOutDil": 93618000,
        "link": "https://www.sec.gov/Archives/edgar/data/1018840/000095015206003026/0000950152-06-003026-index.htm",
        "finalLink": "https://www.sec.gov/Archives/edgar/data/1018840/000095015206003026/l19378ae10vk.htm"
    },
    {
        "date": "2005-10-29",
        "symbol": "ANF",
        "reportedCurrency": "USD",
        "cik": "0001018840",
        "fillingDate": "2005-12-08",
        "acceptedDate": "2005-12-08 16:20:03",
        "calendarYear": "2005",
        "period": "Q3",
        "revenue": 704918000,
        "costOfRevenue": 239832000,
        "grossProfit": 465086000,
        "grossProfitRatio": 0.6597731935,
        "researchAndDevelopmentExpenses": 0,
        "generalAndAdministrativeExpenses": 0,
        "sellingAndMarketingExpenses": 0,
        "sellingGeneralAndAdministrativeExpenses": 350591000,
        "otherExpenses": 0,
        "operatingExpenses": 349212000,
        "costAndExpenses": 589044000,
        "interestIncome": 0,
        "interestExpense": 0,
        "depreciationAndAmortization": 22237000,
        "ebitda": 138111000,
        "ebitdaratio": 0.1959249161,
        "operatingIncome": 115874000,
        "operatingIncomeRatio": 0.164379403,
        "totalOtherIncomeExpensesNet": 1516000,
        "incomeBeforeTax": 117390000,
        "incomeBeforeTaxRatio": 0.1665300077,
        "incomeTaxExpense": 45790000,
        "netIncome": 71600000,
        "netIncomeRatio": 0.1015720977,
        "eps": 0.81,
        "epsdiluted": 0.79,
        "weightedAverageShsOut": 87862000,
        "weightedAverageShsOutDil": 90458000,
        "link": "https://www.sec.gov/Archives/edgar/data/1018840/000095015205009825/0000950152-05-009825-index.htm",
        "finalLink": "https://www.sec.gov/Archives/edgar/data/1018840/000095015205009825/l17248ae10vq.htm"
    },
    {
        "date": "2005-07-30",
        "symbol": "ANF",
        "reportedCurrency": "USD",
        "cik": "0001018840",
        "fillingDate": "2005-09-08",
        "acceptedDate": "2005-09-08 17:20:43",
        "calendarYear": "2005",
        "period": "Q2",
        "revenue": 571591000,
        "costOfRevenue": 181931000,
        "grossProfit": 389660000,
        "grossProfitRatio": 0.6817112236,
        "researchAndDevelopmentExpenses": 0,
        "generalAndAdministrativeExpenses": 0,
        "sellingAndMarketingExpenses": 0,
        "sellingGeneralAndAdministrativeExpenses": 299981000,
        "otherExpenses": 0,
        "operatingExpenses": 298573000,
        "costAndExpenses": 480504000,
        "interestIncome": 0,
        "interestExpense": 0,
        "depreciationAndAmortization": 23048000,
        "ebitda": 114135000,
        "ebitdaratio": 0.1996794911,
        "operatingIncome": 91087000,
        "operatingIncomeRatio": 0.1593569528,
        "totalOtherIncomeExpensesNet": 1560000,
        "incomeBeforeTax": 92647000,
        "incomeBeforeTaxRatio": 0.162086177,
        "incomeTaxExpense": 35246000,
        "netIncome": 57401000,
        "netIncomeRatio": 0.1004232047,
        "eps": 0.66,
        "epsdiluted": 0.63,
        "weightedAverageShsOut": 86951000,
        "weightedAverageShsOutDil": 91501000,
        "link": "https://www.sec.gov/Archives/edgar/data/1018840/000095015205007550/0000950152-05-007550-index.htm",
        "finalLink": "https://www.sec.gov/Archives/edgar/data/1018840/000095015205007550/l15955ae10vq.htm"
    },
    {
        "date": "2005-04-30",
        "symbol": "ANF",
        "reportedCurrency": "USD",
        "cik": "0001018840",
        "fillingDate": "2005-06-09",
        "acceptedDate": "2005-06-09 16:13:37",
        "calendarYear": "2005",
        "period": "Q1",
        "revenue": 546810000,
        "costOfRevenue": 189558000,
        "grossProfit": 357252000,
        "grossProfitRatio": 0.6533384539,
        "researchAndDevelopmentExpenses": 0,
        "generalAndAdministrativeExpenses": 0,
        "sellingAndMarketingExpenses": 0,
        "sellingGeneralAndAdministrativeExpenses": 288963000,
        "otherExpenses": 0,
        "operatingExpenses": 288963000,
        "costAndExpenses": 478521000,
        "interestIncome": 0,
        "interestExpense": 0,
        "depreciationAndAmortization": 21825000,
        "ebitda": 90114000,
        "ebitdaratio": 0.1647994733,
        "operatingIncome": 68289000,
        "operatingIncomeRatio": 0.1248861579,
        "totalOtherIncomeExpensesNet": 1220000,
        "incomeBeforeTax": 69509000,
        "incomeBeforeTaxRatio": 0.1271172802,
        "incomeTaxExpense": 29150000,
        "netIncome": 40359000,
        "netIncomeRatio": 0.0738080869,
        "eps": 0.47,
        "epsdiluted": 0.45,
        "weightedAverageShsOut": 86221000,
        "weightedAverageShsOutDil": 89800000,
        "link": "https://www.sec.gov/Archives/edgar/data/1018840/000095015205005070/0000950152-05-005070-index.htm",
        "finalLink": "https://www.sec.gov/Archives/edgar/data/1018840/000095015205005070/l14369ae10vq.htm"
    },
    {
        "date": "2005-01-31",
        "symbol": "ANF",
        "reportedCurrency": "USD",
        "cik": "0001018840",
        "fillingDate": "2005-04-14",
        "acceptedDate": "2005-04-14 16:48:27",
        "calendarYear": "2004",
        "period": "Q4",
        "revenue": 687254000,
        "costOfRevenue": 351473000,
        "grossProfit": 335781000,
        "grossProfitRatio": 0.4885835514,
        "researchAndDevelopmentExpenses": 0,
        "generalAndAdministrativeExpenses": 0,
        "sellingAndMarketingExpenses": 0,
        "sellingGeneralAndAdministrativeExpenses": 166449000,
        "otherExpenses": 0,
        "operatingExpenses": 166449000,
        "costAndExpenses": 517922000,
        "interestIncome": 0,
        "interestExpense": 0,
        "depreciationAndAmortization": 17192000,
        "ebitda": 186524000,
        "ebitdaratio": 0.2714047499,
        "operatingIncome": 169332000,
        "operatingIncomeRatio": 0.2463892535,
        "totalOtherIncomeExpensesNet": 1299000,
        "incomeBeforeTax": 170631000,
        "incomeBeforeTaxRatio": 0.2482793843,
        "incomeTaxExpense": 66877000,
        "netIncome": 103754000,
        "netIncomeRatio": 0.1509689285,
        "eps": 1.14,
        "epsdiluted": 1.12,
        "weightedAverageShsOut": 87990944,
        "weightedAverageShsOutDil": 90874000,
        "link": "https://www.sec.gov/Archives/edgar/data/1018840/000095015205003151/0000950152-05-003151-index.htm",
        "finalLink": "https://www.sec.gov/Archives/edgar/data/1018840/000095015205003151/l13363ae10vk.txt"
    },
    {
        "date": "2004-10-30",
        "symbol": "ANF",
        "reportedCurrency": "USD",
        "cik": "0001018840",
        "fillingDate": "2004-12-09",
        "acceptedDate": "2004-12-09 16:39:38",
        "calendarYear": "2004",
        "period": "Q3",
        "revenue": 520724000,
        "costOfRevenue": 293888000,
        "grossProfit": 226836000,
        "grossProfitRatio": 0.4356165646,
        "researchAndDevelopmentExpenses": 0,
        "generalAndAdministrativeExpenses": 0,
        "sellingAndMarketingExpenses": 0,
        "sellingGeneralAndAdministrativeExpenses": 164559000,
        "otherExpenses": 0,
        "operatingExpenses": 164559000,
        "costAndExpenses": 458447000,
        "interestIncome": 0,
        "interestExpense": 0,
        "depreciationAndAmortization": 18440000,
        "ebitda": 80717000,
        "ebitdaratio": 0.1550091795,
        "operatingIncome": 62277000,
        "operatingIncomeRatio": 0.1195969458,
        "totalOtherIncomeExpensesNet": 1574000,
        "incomeBeforeTax": 63851000,
        "incomeBeforeTaxRatio": 0.1226196603,
        "incomeTaxExpense": 23760000,
        "netIncome": 40091000,
        "netIncomeRatio": 0.0769908819,
        "eps": 0.43,
        "epsdiluted": 0.42,
        "weightedAverageShsOut": 93449000,
        "weightedAverageShsOutDil": 95351000,
        "link": "https://www.sec.gov/Archives/edgar/data/1018840/000095015204008864/0000950152-04-008864-index.htm",
        "finalLink": "https://www.sec.gov/Archives/edgar/data/1018840/000095015204008864/l10858ae10vq.txt"
    },
    {
        "date": "2004-07-31",
        "symbol": "ANF",
        "reportedCurrency": "USD",
        "cik": "0001018840",
        "fillingDate": "2004-09-09",
        "acceptedDate": "2004-09-09 15:01:45",
        "calendarYear": "2004",
        "period": "Q2",
        "revenue": 401346000,
        "costOfRevenue": 219758000,
        "grossProfit": 181588000,
        "grossProfitRatio": 0.4524475141,
        "researchAndDevelopmentExpenses": 0,
        "generalAndAdministrativeExpenses": 0,
        "sellingAndMarketingExpenses": 0,
        "sellingGeneralAndAdministrativeExpenses": 112881000,
        "otherExpenses": 0,
        "operatingExpenses": 112881000,
        "costAndExpenses": 332639000,
        "interestIncome": 0,
        "interestExpense": 0,
        "depreciationAndAmortization": 18103000,
        "ebitda": 86810000,
        "ebitdaratio": 0.2162971601,
        "operatingIncome": 68707000,
        "operatingIncomeRatio": 0.1711914408,
        "totalOtherIncomeExpensesNet": 1358000,
        "incomeBeforeTax": 70065000,
        "incomeBeforeTaxRatio": 0.1745750549,
        "incomeTaxExpense": 27210000,
        "netIncome": 42855000,
        "netIncomeRatio": 0.1067781914,
        "eps": 0.45,
        "epsdiluted": 0.44,
        "weightedAverageShsOut": 95306000,
        "weightedAverageShsOutDil": 97590000,
        "link": "https://www.sec.gov/Archives/edgar/data/1018840/000095015204006778/0000950152-04-006778-index.htm",
        "finalLink": "https://www.sec.gov/Archives/edgar/data/1018840/000095015204006778/l09388ae10vq.txt"
    },
    {
        "date": "2004-05-01",
        "symbol": "ANF",
        "reportedCurrency": "USD",
        "cik": "0001018840",
        "fillingDate": "2004-06-09",
        "acceptedDate": "2004-06-09 17:11:47",
        "calendarYear": "2004",
        "period": "Q1",
        "revenue": 411930000,
        "costOfRevenue": 246340000,
        "grossProfit": 165590000,
        "grossProfitRatio": 0.4019857743,
        "researchAndDevelopmentExpenses": 0,
        "generalAndAdministrativeExpenses": 0,
        "sellingAndMarketingExpenses": 0,
        "sellingGeneralAndAdministrativeExpenses": 118269000,
        "otherExpenses": 0,
        "operatingExpenses": 118269000,
        "costAndExpenses": 364609000,
        "interestIncome": 0,
        "interestExpense": 0,
        "depreciationAndAmortization": 19285000,
        "ebitda": 66606000,
        "ebitdaratio": 0.1616925206,
        "operatingIncome": 47321000,
        "operatingIncomeRatio": 0.1148763139,
        "totalOtherIncomeExpensesNet": 985000,
        "incomeBeforeTax": 48306000,
        "incomeBeforeTaxRatio": 0.1172674969,
        "incomeTaxExpense": 18630000,
        "netIncome": 29676000,
        "netIncomeRatio": 0.0720413663,
        "eps": 0.31,
        "epsdiluted": 0.3,
        "weightedAverageShsOut": 94709000,
        "weightedAverageShsOutDil": 96872000,
        "link": "https://www.sec.gov/Archives/edgar/data/1018840/000095015204004563/0000950152-04-004563-index.htm",
        "finalLink": "https://www.sec.gov/Archives/edgar/data/1018840/000095015204004563/l07902ae10vq.txt"
    },
    {
        "date": "2004-01-31",
        "symbol": "ANF",
        "reportedCurrency": "USD",
        "cik": "0001018840",
        "fillingDate": "2004-04-14",
        "acceptedDate": "2004-04-14 17:09:52",
        "calendarYear": "2003",
        "period": "Q4",
        "revenue": 560389000,
        "costOfRevenue": 299377000,
        "grossProfit": 261012000,
        "grossProfitRatio": 0.4657693138,
        "researchAndDevelopmentExpenses": 0,
        "generalAndAdministrativeExpenses": 0,
        "sellingAndMarketingExpenses": 0,
        "sellingGeneralAndAdministrativeExpenses": 106734000,
        "otherExpenses": 0,
        "operatingExpenses": 106734000,
        "costAndExpenses": 406111000,
        "interestIncome": 0,
        "interestExpense": 0,
        "depreciationAndAmortization": 18710000,
        "ebitda": 172988000,
        "ebitdaratio": 0.3086927117,
        "operatingIncome": 154278000,
        "operatingIncomeRatio": 0.2753051898,
        "totalOtherIncomeExpensesNet": 1098000,
        "incomeBeforeTax": 155376000,
        "incomeBeforeTaxRatio": 0.277264543,
        "incomeTaxExpense": 61100000,
        "netIncome": 94276000,
        "netIncomeRatio": 0.1682331381,
        "eps": 0.98,
        "epsdiluted": 0.95,
        "weightedAverageShsOut": 95243698,
        "weightedAverageShsOutDil": 98035000,
        "link": "https://www.sec.gov/Archives/edgar/data/1018840/000095015204002881/0000950152-04-002881-index.htm",
        "finalLink": "https://www.sec.gov/Archives/edgar/data/1018840/000095015204002881/l06957ae10vk.txt"
    },
    {
        "date": "2003-11-01",
        "symbol": "ANF",
        "reportedCurrency": "USD",
        "cik": "0001018840",
        "fillingDate": "2003-12-12",
        "acceptedDate": "2003-12-12 12:53:59",
        "calendarYear": "2003",
        "period": "Q3",
        "revenue": 444979000,
        "costOfRevenue": 261114000,
        "grossProfit": 183865000,
        "grossProfitRatio": 0.4131992746,
        "researchAndDevelopmentExpenses": 0,
        "generalAndAdministrativeExpenses": 0,
        "sellingAndMarketingExpenses": 0,
        "sellingGeneralAndAdministrativeExpenses": 102415000,
        "otherExpenses": 0,
        "operatingExpenses": 102415000,
        "costAndExpenses": 363529000,
        "interestIncome": 0,
        "interestExpense": 0,
        "depreciationAndAmortization": 16432000,
        "ebitda": 97882000,
        "ebitdaratio": 0.2199699312,
        "operatingIncome": 81450000,
        "operatingIncomeRatio": 0.1830423458,
        "totalOtherIncomeExpensesNet": 757000,
        "incomeBeforeTax": 82207000,
        "incomeBeforeTaxRatio": 0.1847435497,
        "incomeTaxExpense": 31750000,
        "netIncome": 50457000,
        "netIncomeRatio": 0.1133918679,
        "eps": 0.52,
        "epsdiluted": 0.51,
        "weightedAverageShsOut": 96407000,
        "weightedAverageShsOutDil": 99102000,
        "link": "https://www.sec.gov/Archives/edgar/data/1018840/000095015203010279/0000950152-03-010279-index.htm",
        "finalLink": "https://www.sec.gov/Archives/edgar/data/1018840/000095015203010279/l04505ae10vq.txt"
    },
    {
        "date": "2003-08-02",
        "symbol": "ANF",
        "reportedCurrency": "USD",
        "cik": "0001018840",
        "fillingDate": "2003-09-12",
        "acceptedDate": "2003-09-12 15:00:30",
        "calendarYear": "2003",
        "period": "Q2",
        "revenue": 355719000,
        "costOfRevenue": 211386000,
        "grossProfit": 144333000,
        "grossProfitRatio": 0.4057500443,
        "researchAndDevelopmentExpenses": 0,
        "generalAndAdministrativeExpenses": 0,
        "sellingAndMarketingExpenses": 0,
        "sellingGeneralAndAdministrativeExpenses": 88716000,
        "otherExpenses": 0,
        "operatingExpenses": 88716000,
        "costAndExpenses": 300102000,
        "interestIncome": 0,
        "interestExpense": 0,
        "depreciationAndAmortization": 15566000,
        "ebitda": 71183000,
        "ebitdaratio": 0.2001101993,
        "operatingIncome": 55617000,
        "operatingIncomeRatio": 0.1563509399,
        "totalOtherIncomeExpensesNet": 861000,
        "incomeBeforeTax": 56478000,
        "incomeBeforeTaxRatio": 0.1587713898,
        "incomeTaxExpense": 21660000,
        "netIncome": 34818000,
        "netIncomeRatio": 0.0978806305,
        "eps": 0.36,
        "epsdiluted": 0.35,
        "weightedAverageShsOut": 97186000,
        "weightedAverageShsOutDil": 100128000,
        "link": "https://www.sec.gov/Archives/edgar/data/1018840/000095015203008226/0000950152-03-008226-index.htm",
        "finalLink": "https://www.sec.gov/Archives/edgar/data/1018840/000095015203008226/l02988ae10vq.txt"
    },
    {
        "date": "2003-05-03",
        "symbol": "ANF",
        "reportedCurrency": "USD",
        "cik": "0001018840",
        "fillingDate": "2003-06-12",
        "acceptedDate": "2003-06-12 12:42:33",
        "calendarYear": "2003",
        "period": "Q1",
        "revenue": 346722000,
        "costOfRevenue": 218534000,
        "grossProfit": 128188000,
        "grossProfitRatio": 0.3697140649,
        "researchAndDevelopmentExpenses": 0,
        "generalAndAdministrativeExpenses": 0,
        "sellingAndMarketingExpenses": 0,
        "sellingGeneralAndAdministrativeExpenses": 87898000,
        "otherExpenses": 0,
        "operatingExpenses": 87898000,
        "costAndExpenses": 306432000,
        "interestIncome": 0,
        "interestExpense": 0,
        "depreciationAndAmortization": 15896000,
        "ebitda": 56186000,
        "ebitdaratio": 0.1620491345,
        "operatingIncome": 40290000,
        "operatingIncomeRatio": 0.1162026061,
        "totalOtherIncomeExpensesNet": 991000,
        "incomeBeforeTax": 41281000,
        "incomeBeforeTaxRatio": 0.1190608038,
        "incomeTaxExpense": 15730000,
        "netIncome": 25551000,
        "netIncomeRatio": 0.0736930451,
        "eps": 0.26,
        "epsdiluted": 0.26,
        "weightedAverageShsOut": 97634000,
        "weightedAverageShsOutDil": 99835000,
        "link": "https://www.sec.gov/Archives/edgar/data/1018840/000095015203006095/0000950152-03-006095-index.htm",
        "finalLink": "https://www.sec.gov/Archives/edgar/data/1018840/000095015203006095/l01384ae10vq.txt"
    },
    {
        "date": "2003-01-31",
        "symbol": "ANF",
        "reportedCurrency": "USD",
        "cik": "0001018840",
        "fillingDate": "2003-04-17",
        "acceptedDate": "2003-04-17 16:30:14",
        "calendarYear": "2002",
        "period": "Q4",
        "revenue": 534483000,
        "costOfRevenue": 291474000,
        "grossProfit": 243009000,
        "grossProfitRatio": 0.4546617947,
        "researchAndDevelopmentExpenses": 0,
        "generalAndAdministrativeExpenses": 0,
        "sellingAndMarketingExpenses": 0,
        "sellingGeneralAndAdministrativeExpenses": 93383000,
        "otherExpenses": 0,
        "operatingExpenses": 93383000,
        "costAndExpenses": 384857000,
        "interestIncome": 0,
        "interestExpense": 0,
        "depreciationAndAmortization": 16359000,
        "ebitda": 165985000,
        "ebitdaratio": 0.3105524404,
        "operatingIncome": 149626000,
        "operatingIncomeRatio": 0.2799452929,
        "totalOtherIncomeExpensesNet": 1300000,
        "incomeBeforeTax": 150926000,
        "incomeBeforeTaxRatio": 0.2823775499,
        "incomeTaxExpense": 58110000,
        "netIncome": 92816000,
        "netIncomeRatio": 0.1736556635,
        "eps": 0.94,
        "epsdiluted": 0.94,
        "weightedAverageShsOut": 97250000,
        "weightedAverageShsOutDil": 99542000,
        "link": "https://www.sec.gov/Archives/edgar/data/1018840/000095015203004327/0000950152-03-004327-index.htm",
        "finalLink": "https://www.sec.gov/Archives/edgar/data/1018840/000095015203004327/l99554ae10vk.txt"
    },
    {
        "date": "2002-11-02",
        "symbol": "ANF",
        "reportedCurrency": "USD",
        "cik": "0001018840",
        "fillingDate": "2002-12-16",
        "acceptedDate": "2002-12-16 16:28:20",
        "calendarYear": "2002",
        "period": "Q3",
        "revenue": 419329000,
        "costOfRevenue": 252593000,
        "grossProfit": 166736000,
        "grossProfitRatio": 0.3976257306,
        "researchAndDevelopmentExpenses": 0,
        "generalAndAdministrativeExpenses": 90304000,
        "sellingAndMarketingExpenses": 0,
        "sellingGeneralAndAdministrativeExpenses": 90304000,
        "otherExpenses": 0,
        "operatingExpenses": 90304000,
        "costAndExpenses": 342897000,
        "interestIncome": 0,
        "interestExpense": 0,
        "depreciationAndAmortization": 14257000,
        "ebitda": 76432000,
        "ebitdaratio": 0.1822721538,
        "operatingIncome": 76432000,
        "operatingIncomeRatio": 0.1822721538,
        "totalOtherIncomeExpensesNet": 866000,
        "incomeBeforeTax": 77298000,
        "incomeBeforeTaxRatio": 0.184337358,
        "incomeTaxExpense": 29610000,
        "netIncome": 47688000,
        "netIncomeRatio": 0.1137245456,
        "eps": 0.49,
        "epsdiluted": 0.48,
        "weightedAverageShsOut": 97648000,
        "weightedAverageShsOutDil": 99568000,
        "link": "https://www.sec.gov/Archives/edgar/data/1018840/000102140802015201/0001021408-02-015201-index.htm",
        "finalLink": "https://www.sec.gov/Archives/edgar/data/1018840/000102140802015201/d10q.htm"
    },
    {
        "date": "2002-08-03",
        "symbol": "ANF",
        "reportedCurrency": "USD",
        "cik": "0001018840",
        "fillingDate": "2002-09-16",
        "acceptedDate": "2002-09-16 15:34:25",
        "calendarYear": "2002",
        "period": "Q2",
        "revenue": 329154000,
        "costOfRevenue": 197280000,
        "grossProfit": 131874000,
        "grossProfitRatio": 0.4006452907,
        "researchAndDevelopmentExpenses": 0,
        "generalAndAdministrativeExpenses": 0,
        "sellingAndMarketingExpenses": 0,
        "sellingGeneralAndAdministrativeExpenses": 82304000,
        "otherExpenses": 0,
        "operatingExpenses": 82304000,
        "costAndExpenses": 279584000,
        "interestIncome": 0,
        "interestExpense": 0,
        "depreciationAndAmortization": 13920000,
        "ebitda": 63490000,
        "ebitdaratio": 0.1928884352,
        "operatingIncome": 49570000,
        "operatingIncomeRatio": 0.1505982002,
        "totalOtherIncomeExpensesNet": 731000,
        "incomeBeforeTax": 50301000,
        "incomeBeforeTaxRatio": 0.1528190452,
        "incomeTaxExpense": 19160000,
        "netIncome": 31141000,
        "netIncomeRatio": 0.0946092103,
        "eps": 0.32,
        "epsdiluted": 0.31,
        "weightedAverageShsOut": 98764000,
        "weightedAverageShsOutDil": 101465000,
        "link": "https://www.sec.gov/Archives/edgar/data/1018840/000102140802011851/0001021408-02-011851-index.htm",
        "finalLink": "https://www.sec.gov/Archives/edgar/data/1018840/000102140802011851/d10q.txt"
    },
    {
        "date": "2002-05-04",
        "symbol": "ANF",
        "reportedCurrency": "USD",
        "cik": "0001018840",
        "fillingDate": "2002-05-31",
        "acceptedDate": "2002-05-31 16:37:44",
        "calendarYear": "2002",
        "period": "Q1",
        "revenue": 312792000,
        "costOfRevenue": 198363000,
        "grossProfit": 114429000,
        "grossProfitRatio": 0.3658309675,
        "researchAndDevelopmentExpenses": 0,
        "generalAndAdministrativeExpenses": 0,
        "sellingAndMarketingExpenses": 0,
        "sellingGeneralAndAdministrativeExpenses": 77442000,
        "otherExpenses": 0,
        "operatingExpenses": 77442000,
        "costAndExpenses": 275805000,
        "interestIncome": 0,
        "interestExpense": 0,
        "depreciationAndAmortization": 12389000,
        "ebitda": 49376000,
        "ebitdaratio": 0.1578556996,
        "operatingIncome": 36987000,
        "operatingIncomeRatio": 0.1182479092,
        "totalOtherIncomeExpensesNet": 872000,
        "incomeBeforeTax": 37859000,
        "incomeBeforeTaxRatio": 0.1210357042,
        "incomeTaxExpense": 14570000,
        "netIncome": 23289000,
        "netIncomeRatio": 0.074455229,
        "eps": 0.24,
        "epsdiluted": 0.23,
        "weightedAverageShsOut": 99023000,
        "weightedAverageShsOutDil": 102130000,
        "link": "https://www.sec.gov/Archives/edgar/data/1018840/000102140802007901/0001021408-02-007901-index.htm",
        "finalLink": "https://www.sec.gov/Archives/edgar/data/1018840/000102140802007901/d10q.txt"
    },
    {
        "date": "2002-01-31",
        "symbol": "ANF",
        "reportedCurrency": "USD",
        "cik": "0001018840",
        "fillingDate": "2002-04-17",
        "acceptedDate": "2002-04-17 00:00:00",
        "calendarYear": "2001",
        "period": "Q4",
        "revenue": 466584000,
        "costOfRevenue": 258120000,
        "grossProfit": 208464000,
        "grossProfitRatio": 0.4467877167,
        "researchAndDevelopmentExpenses": 0,
        "generalAndAdministrativeExpenses": 0,
        "sellingAndMarketingExpenses": 0,
        "sellingGeneralAndAdministrativeExpenses": 79891000,
        "otherExpenses": 0,
        "operatingExpenses": 79891000,
        "costAndExpenses": 338011000,
        "interestIncome": 0,
        "interestExpense": 0,
        "depreciationAndAmortization": 11959000,
        "ebitda": 140532000,
        "ebitdaratio": 0.3011933543,
        "operatingIncome": 128573000,
        "operatingIncomeRatio": 0.2755623853,
        "totalOtherIncomeExpensesNet": 1215000,
        "incomeBeforeTax": 129788000,
        "incomeBeforeTaxRatio": 0.2781664181,
        "incomeTaxExpense": 50620000,
        "netIncome": 79168000,
        "netIncomeRatio": 0.1696757711,
        "eps": 0.8,
        "epsdiluted": 0.78,
        "weightedAverageShsOut": 98874000,
        "weightedAverageShsOutDil": 101498000,
        "link": "https://www.sec.gov/Archives/edgar/data/1018840/000102140802005406/0001021408-02-005406-index.htm",
        "finalLink": "https://www.sec.gov/Archives/edgar/data/1018840/000102140802005406/d10k.txt"
    },
    {
        "date": "2001-11-03",
        "symbol": "ANF",
        "reportedCurrency": "USD",
        "cik": "0001018840",
        "fillingDate": "2001-12-17",
        "acceptedDate": "2001-12-17 00:00:00",
        "calendarYear": "2001",
        "period": "Q3",
        "revenue": 354473000,
        "costOfRevenue": 211070000,
        "grossProfit": 143403000,
        "grossProfitRatio": 0.404552674,
        "researchAndDevelopmentExpenses": 0,
        "generalAndAdministrativeExpenses": 0,
        "sellingAndMarketingExpenses": 0,
        "sellingGeneralAndAdministrativeExpenses": 72511000,
        "otherExpenses": 0,
        "operatingExpenses": 72511000,
        "costAndExpenses": 283581000,
        "interestIncome": 0,
        "interestExpense": 0,
        "depreciationAndAmortization": 10511000,
        "ebitda": 81403000,
        "ebitdaratio": 0.2296451352,
        "operatingIncome": 70892000,
        "operatingIncomeRatio": 0.1999926652,
        "totalOtherIncomeExpensesNet": 1001000,
        "incomeBeforeTax": 71893000,
        "incomeBeforeTaxRatio": 0.2028165756,
        "incomeTaxExpense": 28030000,
        "netIncome": 43863000,
        "netIncomeRatio": 0.1237414415,
        "eps": 0.44,
        "epsdiluted": 0.43,
        "weightedAverageShsOut": 99201000,
        "weightedAverageShsOutDil": 101692000,
        "link": "https://www.sec.gov/Archives/edgar/data/1018840/000095015201506445/0000950152-01-506445-index.htm",
        "finalLink": "https://www.sec.gov/Archives/edgar/data/1018840/000095015201506445/l91951ae10-q.txt"
    },
    {
        "date": "2001-08-04",
        "symbol": "ANF",
        "reportedCurrency": "USD",
        "cik": "0001018840",
        "fillingDate": "2001-09-17",
        "acceptedDate": "2001-09-17 00:00:00",
        "calendarYear": "2001",
        "period": "Q2",
        "revenue": 280116000,
        "costOfRevenue": 171789000,
        "grossProfit": 108327000,
        "grossProfitRatio": 0.3867219295,
        "researchAndDevelopmentExpenses": 0,
        "generalAndAdministrativeExpenses": 0,
        "sellingAndMarketingExpenses": 0,
        "sellingGeneralAndAdministrativeExpenses": 68397000,
        "otherExpenses": 0,
        "operatingExpenses": 68397000,
        "costAndExpenses": 240186000,
        "interestIncome": 0,
        "interestExpense": 0,
        "depreciationAndAmortization": 9908000,
        "ebitda": 49838000,
        "ebitdaratio": 0.1779191478,
        "operatingIncome": 39930000,
        "operatingIncomeRatio": 0.1425480872,
        "totalOtherIncomeExpensesNet": 1128000,
        "incomeBeforeTax": 41058000,
        "incomeBeforeTaxRatio": 0.1465749904,
        "incomeTaxExpense": 16020000,
        "netIncome": 25038000,
        "netIncomeRatio": 0.0893843979,
        "eps": 0.25,
        "epsdiluted": 0.24,
        "weightedAverageShsOut": 99323000,
        "weightedAverageShsOutDil": 104020000,
        "link": "https://www.sec.gov/Archives/edgar/data/1018840/000095015201504524/0000950152-01-504524-index.htm",
        "finalLink": "https://www.sec.gov/Archives/edgar/data/1018840/000095015201504524/l90348ae10-q.txt"
    },
    {
        "date": "2001-05-05",
        "symbol": "ANF",
        "reportedCurrency": "USD",
        "cik": "0001018840",
        "fillingDate": "2001-06-19",
        "acceptedDate": "2001-06-19 00:00:00",
        "calendarYear": "2001",
        "period": "Q1",
        "revenue": 263680000,
        "costOfRevenue": 165840000,
        "grossProfit": 97840000,
        "grossProfitRatio": 0.3710558252,
        "researchAndDevelopmentExpenses": 0,
        "generalAndAdministrativeExpenses": 0,
        "sellingAndMarketingExpenses": 0,
        "sellingGeneralAndAdministrativeExpenses": 65777000,
        "otherExpenses": 0,
        "operatingExpenses": 65777000,
        "costAndExpenses": 231617000,
        "interestIncome": 0,
        "interestExpense": 0,
        "depreciationAndAmortization": 8777000,
        "ebitda": 40840000,
        "ebitdaratio": 0.1548847087,
        "operatingIncome": 32063000,
        "operatingIncomeRatio": 0.1215981493,
        "totalOtherIncomeExpensesNet": 1720000,
        "incomeBeforeTax": 33783000,
        "incomeBeforeTaxRatio": 0.1281212075,
        "incomeTaxExpense": 13180000,
        "netIncome": 20603000,
        "netIncomeRatio": 0.0781363774,
        "eps": 0.21,
        "epsdiluted": 0.2,
        "weightedAverageShsOut": 99011000,
        "weightedAverageShsOutDil": 102885000,
        "link": "https://www.sec.gov/Archives/edgar/data/1018840/000095015201502662/0000950152-01-502662-index.htm",
        "finalLink": "https://www.sec.gov/Archives/edgar/data/1018840/000095015201502662/l88891ae10-q.txt"
    },
    {
        "date": "2001-01-31",
        "symbol": "ANF",
        "reportedCurrency": "USD",
        "cik": "0001018840",
        "fillingDate": "2001-04-20",
        "acceptedDate": "2001-04-20 00:00:00",
        "calendarYear": "2000",
        "period": "Q4",
        "revenue": 432551000,
        "costOfRevenue": 240888000,
        "grossProfit": 191663000,
        "grossProfitRatio": 0.4430991952,
        "researchAndDevelopmentExpenses": 0,
        "generalAndAdministrativeExpenses": 0,
        "sellingAndMarketingExpenses": 0,
        "sellingGeneralAndAdministrativeExpenses": 67569000,
        "otherExpenses": 0,
        "operatingExpenses": 67569000,
        "costAndExpenses": 308457000,
        "interestIncome": 0,
        "interestExpense": 0,
        "depreciationAndAmortization": 9619000,
        "ebitda": 133713000,
        "ebitdaratio": 0.3091265539,
        "operatingIncome": 124094000,
        "operatingIncomeRatio": 0.2868887137,
        "totalOtherIncomeExpensesNet": 2501000,
        "incomeBeforeTax": 126595000,
        "incomeBeforeTaxRatio": 0.2926706909,
        "incomeTaxExpense": 49380000,
        "netIncome": 77215000,
        "netIncomeRatio": 0.1785107421,
        "eps": 0.77,
        "epsdiluted": 0.76,
        "weightedAverageShsOut": 94859000,
        "weightedAverageShsOutDil": 94859000,
        "link": "https://www.sec.gov/Archives/edgar/data/1018840/000095015201500949/0000950152-01-500949-index.htm",
        "finalLink": "https://www.sec.gov/Archives/edgar/data/1018840/000095015201500949/l87782ae10-k405.txt"
    },
    {
        "date": "2000-10-28",
        "symbol": "ANF",
        "reportedCurrency": "USD",
        "cik": "0001018840",
        "fillingDate": "2000-12-12",
        "acceptedDate": "2000-12-12 00:00:00",
        "calendarYear": "2000",
        "period": "Q3",
        "revenue": 366885000,
        "costOfRevenue": 218688000,
        "grossProfit": 148197000,
        "grossProfitRatio": 0.4039331126,
        "researchAndDevelopmentExpenses": 0,
        "generalAndAdministrativeExpenses": 0,
        "sellingAndMarketingExpenses": 0,
        "sellingGeneralAndAdministrativeExpenses": 77014000,
        "otherExpenses": 0,
        "operatingExpenses": 77014000,
        "costAndExpenses": 295702000,
        "interestIncome": 0,
        "interestExpense": 0,
        "depreciationAndAmortization": 7448000,
        "ebitda": 78631000,
        "ebitdaratio": 0.2143205637,
        "operatingIncome": 71183000,
        "operatingIncomeRatio": 0.1940199245,
        "totalOtherIncomeExpensesNet": 1469000,
        "incomeBeforeTax": 72652000,
        "incomeBeforeTaxRatio": 0.1980239039,
        "incomeTaxExpense": 29060000,
        "netIncome": 43592000,
        "netIncomeRatio": 0.1188165229,
        "eps": 0.44,
        "epsdiluted": 0.43,
        "weightedAverageShsOut": 98969000,
        "weightedAverageShsOutDil": 101548000,
        "link": "https://www.sec.gov/Archives/edgar/data/1018840/000095015200008463/0000950152-00-008463-index.htm",
        "finalLink": "https://www.sec.gov/Archives/edgar/data/1018840/000095015200008463/l85310ae10-q.txt"
    },
    {
        "date": "2000-07-29",
        "symbol": "ANF",
        "reportedCurrency": "USD",
        "cik": "0001018840",
        "fillingDate": "2000-09-12",
        "acceptedDate": "2000-09-12 00:00:00",
        "calendarYear": "2000",
        "period": "Q2",
        "revenue": 231522000,
        "costOfRevenue": 140086000,
        "grossProfit": 91436000,
        "grossProfitRatio": 0.3949343907,
        "researchAndDevelopmentExpenses": 0,
        "generalAndAdministrativeExpenses": 57537000,
        "sellingAndMarketingExpenses": 0,
        "sellingGeneralAndAdministrativeExpenses": 57537000,
        "otherExpenses": 0,
        "operatingExpenses": 57537000,
        "costAndExpenses": 197623000,
        "interestIncome": 0,
        "interestExpense": 0,
        "depreciationAndAmortization": 6511000,
        "ebitda": 33899000,
        "ebitdaratio": 0.146418051,
        "operatingIncome": 33899000,
        "operatingIncomeRatio": 0.146418051,
        "totalOtherIncomeExpensesNet": 1364000,
        "incomeBeforeTax": 35263000,
        "incomeBeforeTaxRatio": 0.1523094997,
        "incomeTaxExpense": 14100000,
        "netIncome": 21163000,
        "netIncomeRatio": 0.0914081599,
        "eps": 0.21,
        "epsdiluted": 0.21,
        "weightedAverageShsOut": 100448000,
        "weightedAverageShsOutDil": 101704000,
        "link": "https://www.sec.gov/Archives/edgar/data/1018840/000102140800002808/0001021408-00-002808-index.htm",
        "finalLink": "https://www.sec.gov/Archives/edgar/data/1018840/000102140800002808/0001021408-00-002808-0001.htm"
    },
    {
        "date": "2000-04-29",
        "symbol": "ANF",
        "reportedCurrency": "USD",
        "cik": "0001018840",
        "fillingDate": "2000-06-13",
        "acceptedDate": "2000-06-13 00:00:00",
        "calendarYear": "2000",
        "period": "Q1",
        "revenue": 206646000,
        "costOfRevenue": 128567000,
        "grossProfit": 78079000,
        "grossProfitRatio": 0.3778393968,
        "researchAndDevelopmentExpenses": 0,
        "generalAndAdministrativeExpenses": 0,
        "sellingAndMarketingExpenses": 0,
        "sellingGeneralAndAdministrativeExpenses": 53603000,
        "otherExpenses": 0,
        "operatingExpenses": 53603000,
        "costAndExpenses": 182170000,
        "interestIncome": 0,
        "interestExpense": 0,
        "depreciationAndAmortization": 7153000,
        "ebitda": 24476000,
        "ebitdaratio": 0.1184441025,
        "operatingIncome": 24476000,
        "operatingIncomeRatio": 0.1184441025,
        "totalOtherIncomeExpensesNet": 2467000,
        "incomeBeforeTax": 26943000,
        "incomeBeforeTaxRatio": 0.1303823931,
        "incomeTaxExpense": 10780000,
        "netIncome": 16163000,
        "netIncomeRatio": 0.0782158861,
        "eps": 0.16,
        "epsdiluted": 0.16,
        "weightedAverageShsOut": 102055000,
        "weightedAverageShsOutDil": 103872000,
        "link": "https://www.sec.gov/Archives/edgar/data/1018840/000095010900002479/0000950109-00-002479-index.htm",
        "finalLink": "https://www.sec.gov/Archives/edgar/data/1018840/000095010900002479/0000950109-00-002479-0001.htm"
    },
    {
        "date": "2000-01-31",
        "symbol": "ANF",
        "reportedCurrency": "USD",
        "cik": "0001018840",
        "fillingDate": "2000-04-27",
        "acceptedDate": "2000-04-27 00:00:00",
        "calendarYear": "1999",
        "period": "Q4",
        "revenue": 367884000,
        "costOfRevenue": 176812000,
        "grossProfit": 191072000,
        "grossProfitRatio": 0.5193811093,
        "researchAndDevelopmentExpenses": 0,
        "generalAndAdministrativeExpenses": 0,
        "sellingAndMarketingExpenses": 0,
        "sellingGeneralAndAdministrativeExpenses": 60767000,
        "otherExpenses": 0,
        "operatingExpenses": 60767000,
        "costAndExpenses": 237579000,
        "interestIncome": 0,
        "interestExpense": 0,
        "depreciationAndAmortization": 6802000,
        "ebitda": 137107000,
        "ebitdaratio": 0.3726908482,
        "operatingIncome": 130305000,
        "operatingIncomeRatio": 0.3542013243,
        "totalOtherIncomeExpensesNet": 2528000,
        "incomeBeforeTax": 132833000,
        "incomeBeforeTaxRatio": 0.3610730556,
        "incomeTaxExpense": 53130000,
        "netIncome": 79703000,
        "netIncomeRatio": 0.2166525318,
        "eps": 0.74,
        "epsdiluted": 0.72,
        "weightedAverageShsOut": 100091831,
        "weightedAverageShsOutDil": 100091831,
        "link": "https://www.sec.gov/Archives/edgar/data/1018840/000095015200003189/0000950152-00-003189-index.html",
        "finalLink": "https://www.sec.gov/Archives/edgar/data/1018840/000095015200003189/"
    },
    {
        "date": "1999-10-30",
        "symbol": "ANF",
        "reportedCurrency": "USD",
        "cik": "0001018840",
        "fillingDate": "1999-12-14",
        "acceptedDate": "1999-12-14 00:00:00",
        "calendarYear": "1999",
        "period": "Q3",
        "revenue": 286983000,
        "costOfRevenue": 165097000,
        "grossProfit": 121886000,
        "grossProfitRatio": 0.4247150528,
        "researchAndDevelopmentExpenses": 0,
        "generalAndAdministrativeExpenses": 0,
        "sellingAndMarketingExpenses": 0,
        "sellingGeneralAndAdministrativeExpenses": 58663000,
        "otherExpenses": 0,
        "operatingExpenses": 58663000,
        "costAndExpenses": 223760000,
        "interestIncome": 0,
        "interestExpense": 0,
        "depreciationAndAmortization": 6846000,
        "ebitda": 70069000,
        "ebitdaratio": 0.2441573194,
        "operatingIncome": 63223000,
        "operatingIncomeRatio": 0.2203022479,
        "totalOtherIncomeExpensesNet": 1707000,
        "incomeBeforeTax": 64907000,
        "incomeBeforeTaxRatio": 0.2261701913,
        "incomeTaxExpense": 25960000,
        "netIncome": 38947000,
        "netIncomeRatio": 0.1357118714,
        "eps": 0.38,
        "epsdiluted": 0.36,
        "weightedAverageShsOut": 102894737,
        "weightedAverageShsOutDil": 108611111,
        "link": "https://www.sec.gov/Archives/edgar/data/1018840/000095015299009645/0000950152-99-009645-index.html",
        "finalLink": "https://www.sec.gov/Archives/edgar/data/1018840/000095015299009645/0000950152-99-009645-d1.html"
    },
    {
        "date": "1999-07-31",
        "symbol": "ANF",
        "reportedCurrency": "USD",
        "cik": "0001018840",
        "fillingDate": "1999-09-14",
        "acceptedDate": "1999-09-14 00:00:00",
        "calendarYear": "1999",
        "period": "Q2",
        "revenue": 198895000,
        "costOfRevenue": 118174000,
        "grossProfit": 80721000,
        "grossProfitRatio": 0.4058473064,
        "researchAndDevelopmentExpenses": 0,
        "generalAndAdministrativeExpenses": 0,
        "sellingAndMarketingExpenses": 0,
        "sellingGeneralAndAdministrativeExpenses": 51134000,
        "otherExpenses": 0,
        "operatingExpenses": 51134000,
        "costAndExpenses": 169308000,
        "interestIncome": 0,
        "interestExpense": 0,
        "depreciationAndAmortization": 6916000,
        "ebitda": 36503000,
        "ebitdaratio": 0.1835289977,
        "operatingIncome": 29587000,
        "operatingIncomeRatio": 0.1487568818,
        "totalOtherIncomeExpensesNet": 1171000,
        "incomeBeforeTax": 30758000,
        "incomeBeforeTaxRatio": 0.1546444104,
        "incomeTaxExpense": 12310000,
        "netIncome": 18448000,
        "netIncomeRatio": 0.0927524573,
        "eps": 0.18,
        "epsdiluted": 0.17,
        "weightedAverageShsOut": 104766667,
        "weightedAverageShsOutDil": 110929412,
        "link": "https://www.sec.gov/Archives/edgar/data/1018840/000095015299007554/0000950152-99-007554-index.html",
        "finalLink": "https://www.sec.gov/Archives/edgar/data/1018840/000095015299007554/"
    },
    {
        "date": "1999-05-01",
        "symbol": "ANF",
        "reportedCurrency": "USD",
        "cik": "0001018840",
        "fillingDate": "1999-06-14",
        "acceptedDate": "1999-06-14 00:00:00",
        "calendarYear": "1999",
        "period": "Q1",
        "revenue": 188294000,
        "costOfRevenue": 116390000,
        "grossProfit": 71904000,
        "grossProfitRatio": 0.381870904,
        "researchAndDevelopmentExpenses": 0,
        "generalAndAdministrativeExpenses": 0,
        "sellingAndMarketingExpenses": 0,
        "sellingGeneralAndAdministrativeExpenses": 52955000,
        "otherExpenses": 0,
        "operatingExpenses": 52955000,
        "costAndExpenses": 169345000,
        "interestIncome": 0,
        "interestExpense": 0,
        "depreciationAndAmortization": 7157000,
        "ebitda": 26106000,
        "ebitdaratio": 0.1386448851,
        "operatingIncome": 18949000,
        "operatingIncomeRatio": 0.1006351769,
        "totalOtherIncomeExpensesNet": 1887000,
        "incomeBeforeTax": 20836000,
        "incomeBeforeTaxRatio": 0.1106567389,
        "incomeTaxExpense": 8330000,
        "netIncome": 12506000,
        "netIncomeRatio": 0.0664174111,
        "eps": 0.14,
        "epsdiluted": 0.14,
        "weightedAverageShsOut": 103184000,
        "weightedAverageShsOutDil": 108671000,
        "link": "https://www.sec.gov/Archives/edgar/data/1018840/000095015299005262/0000950152-99-005262-index.html",
        "finalLink": "https://www.sec.gov/Archives/edgar/data/1018840/000095015299005262/"
    },
    {
        "date": "1999-01-31",
        "symbol": "ANF",
        "reportedCurrency": "USD",
        "cik": "0001018840",
        "fillingDate": "1999-04-26",
        "acceptedDate": "1999-04-26 00:00:00",
        "calendarYear": "1998",
        "period": "Q4",
        "revenue": 304578000,
        "costOfRevenue": 154476000,
        "grossProfit": 150102000,
        "grossProfitRatio": 0.4928195733,
        "researchAndDevelopmentExpenses": 0,
        "generalAndAdministrativeExpenses": 0,
        "sellingAndMarketingExpenses": 0,
        "sellingGeneralAndAdministrativeExpenses": 51364000,
        "otherExpenses": 0,
        "operatingExpenses": 51364000,
        "costAndExpenses": 205840000,
        "interestIncome": 0,
        "interestExpense": 0,
        "depreciationAndAmortization": 6343000,
        "ebitda": 105081000,
        "ebitdaratio": 0.3450052203,
        "operatingIncome": 98738000,
        "operatingIncomeRatio": 0.3241796847,
        "totalOtherIncomeExpensesNet": 1625000,
        "incomeBeforeTax": 100363000,
        "incomeBeforeTaxRatio": 0.3295149354,
        "incomeTaxExpense": 40150000,
        "netIncome": 60213000,
        "netIncomeRatio": 0.1976932017,
        "eps": 0.58,
        "epsdiluted": 0.56,
        "weightedAverageShsOut": 103671717,
        "weightedAverageShsOutDil": 107984333,
        "link": "https://www.sec.gov/Archives/edgar/data/1018840/000095015299003520/0000950152-99-003520-index.html",
        "finalLink": "https://www.sec.gov/Archives/edgar/data/1018840/"
    },
    {
        "date": "1998-10-31",
        "symbol": "ANF",
        "reportedCurrency": "USD",
        "cik": "0001018840",
        "fillingDate": "1998-12-14",
        "acceptedDate": "1998-12-14 00:00:00",
        "calendarYear": "1998",
        "period": "Q3",
        "revenue": 229869000,
        "costOfRevenue": 140425000,
        "grossProfit": 89444000,
        "grossProfitRatio": 0.3891085792,
        "researchAndDevelopmentExpenses": 0,
        "generalAndAdministrativeExpenses": 0,
        "sellingAndMarketingExpenses": 0,
        "sellingGeneralAndAdministrativeExpenses": 48661000,
        "otherExpenses": 0,
        "operatingExpenses": 48661000,
        "costAndExpenses": 189086000,
        "interestIncome": 0,
        "interestExpense": 0,
        "depreciationAndAmortization": 4651000,
        "ebitda": 45434000,
        "ebitdaratio": 0.197651706,
        "operatingIncome": 40783000,
        "operatingIncomeRatio": 0.1774184427,
        "totalOtherIncomeExpensesNet": 780000,
        "incomeBeforeTax": 41563000,
        "incomeBeforeTaxRatio": 0.1808116797,
        "incomeTaxExpense": 16620000,
        "netIncome": 24943000,
        "netIncomeRatio": 0.1085096294,
        "eps": 0.24,
        "epsdiluted": 0.24,
        "weightedAverageShsOut": 103018000,
        "weightedAverageShsOutDil": 106092000,
        "link": "https://www.sec.gov/Archives/edgar/data/1018840/000095015298009552/0000950152-98-009552-index.html",
        "finalLink": "https://www.sec.gov/Archives/edgar/data/1018840/"
    },
    {
        "date": "1998-08-01",
        "symbol": "ANF",
        "reportedCurrency": "USD",
        "cik": "0001018840",
        "fillingDate": "1998-09-14",
        "acceptedDate": "1998-09-14 00:00:00",
        "calendarYear": "1998",
        "period": "Q2",
        "revenue": 147127000,
        "costOfRevenue": 91933000,
        "grossProfit": 55194000,
        "grossProfitRatio": 0.3751452826,
        "researchAndDevelopmentExpenses": 0,
        "generalAndAdministrativeExpenses": 0,
        "sellingAndMarketingExpenses": 0,
        "sellingGeneralAndAdministrativeExpenses": 38096000,
        "otherExpenses": 0,
        "operatingExpenses": 38096000,
        "costAndExpenses": 130029000,
        "interestIncome": 0,
        "interestExpense": 0,
        "depreciationAndAmortization": 4824000,
        "ebitda": 21922000,
        "ebitdaratio": 0.1490005234,
        "operatingIncome": 17098000,
        "operatingIncomeRatio": 0.1162125239,
        "totalOtherIncomeExpensesNet": 568000,
        "incomeBeforeTax": 17668000,
        "incomeBeforeTaxRatio": 0.1200867278,
        "incomeTaxExpense": 7070000,
        "netIncome": 10598000,
        "netIncomeRatio": 0.0720330055,
        "eps": 0.11,
        "epsdiluted": 0.1,
        "weightedAverageShsOut": 96363636,
        "weightedAverageShsOutDil": 106000000,
        "link": "https://www.sec.gov/Archives/edgar/data/1018840/000095015298007565/0000950152-98-007565-index.html",
        "finalLink": "https://www.sec.gov/Archives/edgar/data/1018840/"
    },
    {
        "date": "1998-05-02",
        "symbol": "ANF",
        "reportedCurrency": "USD",
        "cik": "0001018840",
        "fillingDate": "1998-06-15",
        "acceptedDate": "1998-06-15 00:00:00",
        "calendarYear": "1998",
        "period": "Q1",
        "revenue": 134230000,
        "costOfRevenue": 85019000,
        "grossProfit": 49211000,
        "grossProfitRatio": 0.3666170007,
        "researchAndDevelopmentExpenses": 0,
        "generalAndAdministrativeExpenses": 0,
        "sellingAndMarketingExpenses": 0,
        "sellingGeneralAndAdministrativeExpenses": 38872000,
        "otherExpenses": 0,
        "operatingExpenses": 38872000,
        "costAndExpenses": 123891000,
        "interestIncome": 0,
        "interestExpense": 0,
        "depreciationAndAmortization": 5128000,
        "ebitda": 15467000,
        "ebitdaratio": 0.1152275944,
        "operatingIncome": 10339000,
        "operatingIncomeRatio": 0.0770245102,
        "totalOtherIncomeExpensesNet": 169000,
        "incomeBeforeTax": 10508000,
        "incomeBeforeTaxRatio": 0.0782835432,
        "incomeTaxExpense": 4200000,
        "netIncome": 6308000,
        "netIncomeRatio": 0.0469939656,
        "eps": 0.06,
        "epsdiluted": 0.06,
        "weightedAverageShsOut": 102414000,
        "weightedAverageShsOutDil": 104952000,
        "link": "https://www.sec.gov/Archives/edgar/data/1018840/000095015298005335/0000950152-98-005335-index.html",
        "finalLink": "https://www.sec.gov/Archives/edgar/data/1018840/"
    },
    {
        "date": "1998-01-31",
        "symbol": "ANF",
        "reportedCurrency": "USD",
        "cik": "0001018840",
        "fillingDate": "1998-04-29",
        "acceptedDate": "1998-04-29 00:00:00",
        "calendarYear": "1997",
        "period": "Q4",
        "revenue": 212145000,
        "costOfRevenue": 115782000,
        "grossProfit": 96363000,
        "grossProfitRatio": 0.4542317754,
        "researchAndDevelopmentExpenses": 0,
        "generalAndAdministrativeExpenses": 0,
        "sellingAndMarketingExpenses": 0,
        "sellingGeneralAndAdministrativeExpenses": 37217000,
        "otherExpenses": 0,
        "operatingExpenses": 37217000,
        "costAndExpenses": 152999000,
        "interestIncome": 0,
        "interestExpense": 0,
        "depreciationAndAmortization": 4578000,
        "ebitda": 63724000,
        "ebitdaratio": 0.3003794574,
        "operatingIncome": 59146000,
        "operatingIncomeRatio": 0.2787998774,
        "totalOtherIncomeExpensesNet": -305000,
        "incomeBeforeTax": 58841000,
        "incomeBeforeTaxRatio": 0.2773621815,
        "incomeTaxExpense": 23540000,
        "netIncome": 35301000,
        "netIncomeRatio": 0.1664003394,
        "eps": 0.35,
        "epsdiluted": 0.34,
        "weightedAverageShsOut": 98954105,
        "weightedAverageShsOutDil": 103283064,
        "link": "https://www.sec.gov/Archives/edgar/data/1018840/000095010998002824/0000950109-98-002824-index.html",
        "finalLink": "https://www.sec.gov/Archives/edgar/data/1018840/"
    },
    {
        "date": "1997-11-01",
        "symbol": "ANF",
        "reportedCurrency": "USD",
        "cik": "0001018840",
        "fillingDate": "1997-12-15",
        "acceptedDate": "1997-12-15 00:00:00",
        "calendarYear": "1997",
        "period": "Q3",
        "revenue": 148516000,
        "costOfRevenue": 95526000,
        "grossProfit": 52990000,
        "grossProfitRatio": 0.3567965741,
        "researchAndDevelopmentExpenses": 0,
        "generalAndAdministrativeExpenses": 0,
        "sellingAndMarketingExpenses": 0,
        "sellingGeneralAndAdministrativeExpenses": 34581000,
        "otherExpenses": 0,
        "operatingExpenses": 34581000,
        "costAndExpenses": 130107000,
        "interestIncome": 0,
        "interestExpense": 0,
        "depreciationAndAmortization": 4684000,
        "ebitda": 23093000,
        "ebitdaratio": 0.1554916642,
        "operatingIncome": 18409000,
        "operatingIncomeRatio": 0.1239529748,
        "totalOtherIncomeExpensesNet": -1076000,
        "incomeBeforeTax": 17333000,
        "incomeBeforeTaxRatio": 0.1167079641,
        "incomeTaxExpense": 6930000,
        "netIncome": 10403000,
        "netIncomeRatio": 0.070046325,
        "eps": 0.1,
        "epsdiluted": 0.1,
        "weightedAverageShsOut": 103188000,
        "weightedAverageShsOutDil": 103188000,
        "link": "https://www.sec.gov/Archives/edgar/data/1018840/000095010997007533/0000950109-97-007533-index.html",
        "finalLink": "https://www.sec.gov/Archives/edgar/data/1018840/"
    },
    {
        "date": "1997-08-02",
        "symbol": "ANF",
        "reportedCurrency": "USD",
        "cik": "0001018840",
        "fillingDate": "1997-09-12",
        "acceptedDate": "1997-09-12 00:00:00",
        "calendarYear": "1997",
        "period": "Q2",
        "revenue": 86640000,
        "costOfRevenue": 58854000,
        "grossProfit": 27786000,
        "grossProfitRatio": 0.3207063712,
        "researchAndDevelopmentExpenses": 0,
        "generalAndAdministrativeExpenses": 0,
        "sellingAndMarketingExpenses": 0,
        "sellingGeneralAndAdministrativeExpenses": 23196000,
        "otherExpenses": 0,
        "operatingExpenses": 23196000,
        "costAndExpenses": 82050000,
        "interestIncome": 0,
        "interestExpense": 0,
        "depreciationAndAmortization": 3602000,
        "ebitda": 8192000,
        "ebitdaratio": 0.0945521699,
        "operatingIncome": 4590000,
        "operatingIncomeRatio": 0.0529778393,
        "totalOtherIncomeExpensesNet": -1167000,
        "incomeBeforeTax": 3423000,
        "incomeBeforeTaxRatio": 0.0395083102,
        "incomeTaxExpense": 1370000,
        "netIncome": 2053000,
        "netIncomeRatio": 0.0236957525,
        "eps": 0.02,
        "epsdiluted": 0.02,
        "weightedAverageShsOut": 102644000,
        "weightedAverageShsOutDil": 102644000,
        "link": "https://www.sec.gov/Archives/edgar/data/1018840/000095010997005912/0000950109-97-005912-index.html",
        "finalLink": "https://www.sec.gov/Archives/edgar/data/1018840/"
    },
    {
        "date": "1997-05-03",
        "symbol": "ANF",
        "reportedCurrency": "USD",
        "cik": "0001018840",
        "fillingDate": "1997-06-12",
        "acceptedDate": "1997-06-12 00:00:00",
        "calendarYear": "1997",
        "period": "Q1",
        "revenue": 74316000,
        "costOfRevenue": 50375000,
        "grossProfit": 23941000,
        "grossProfitRatio": 0.3221513537,
        "researchAndDevelopmentExpenses": 0,
        "generalAndAdministrativeExpenses": 0,
        "sellingAndMarketingExpenses": 0,
        "sellingGeneralAndAdministrativeExpenses": 21961000,
        "otherExpenses": 0,
        "operatingExpenses": 21961000,
        "costAndExpenses": 72336000,
        "interestIncome": 0,
        "interestExpense": 0,
        "depreciationAndAmortization": 3478000,
        "ebitda": 5458000,
        "ebitdaratio": 0.0734431347,
        "operatingIncome": 1980000,
        "operatingIncomeRatio": 0.026642984,
        "totalOtherIncomeExpensesNet": -1035000,
        "incomeBeforeTax": 945000,
        "incomeBeforeTaxRatio": 0.0127159696,
        "incomeTaxExpense": 380000,
        "netIncome": 565000,
        "netIncomeRatio": 0.0076026697,
        "eps": 0.01,
        "epsdiluted": 0.01,
        "weightedAverageShsOut": 102136000,
        "weightedAverageShsOutDil": 102136000,
        "link": "https://www.sec.gov/Archives/edgar/data/1018840/000095010997004521/0000950109-97-004521-index.html",
        "finalLink": "https://www.sec.gov/Archives/edgar/data/1018840/"
    },
    {
        "date": "1997-01-31",
        "symbol": "ANF",
        "reportedCurrency": "USD",
        "cik": "0001018840",
        "fillingDate": "1997-05-01",
        "acceptedDate": "1997-05-01 00:00:00",
        "calendarYear": "1996",
        "period": "Q4",
        "revenue": 139272000,
        "costOfRevenue": 87806000,
        "grossProfit": 51466000,
        "grossProfitRatio": 0.3695358722,
        "researchAndDevelopmentExpenses": 0,
        "generalAndAdministrativeExpenses": 0,
        "sellingAndMarketingExpenses": 0,
        "sellingGeneralAndAdministrativeExpenses": 24473000,
        "otherExpenses": 0,
        "operatingExpenses": 16073000,
        "costAndExpenses": 103879000,
        "interestIncome": 0,
        "interestExpense": 0,
        "depreciationAndAmortization": 3359000,
        "ebitda": 38752000,
        "ebitdaratio": 0.2782468838,
        "operatingIncome": 35393000,
        "operatingIncomeRatio": 0.2541286116,
        "totalOtherIncomeExpensesNet": -1219000,
        "incomeBeforeTax": 34174000,
        "incomeBeforeTaxRatio": 0.245375955,
        "incomeTaxExpense": 13700000,
        "netIncome": 20474000,
        "netIncomeRatio": 0.1470072951,
        "eps": 0.22,
        "epsdiluted": 0.22,
        "weightedAverageShsOut": 89734928,
        "weightedAverageShsOutDil": 89734928,
        "link": "https://www.sec.gov/Archives/edgar/data/1018840/000095010997003504/0000950109-97-003504-index.html",
        "finalLink": "https://www.sec.gov/Archives/edgar/data/1018840/"
    },
    {
        "date": "1996-11-02",
        "symbol": "ANF",
        "reportedCurrency": "USD",
        "cik": "0001018840",
        "fillingDate": "1996-12-13",
        "acceptedDate": "1996-12-13 00:00:00",
        "calendarYear": "1996",
        "period": "Q3",
        "revenue": 87700000,
        "costOfRevenue": 53900000,
        "grossProfit": 33800000,
        "grossProfitRatio": 0.3854047891,
        "researchAndDevelopmentExpenses": 0,
        "generalAndAdministrativeExpenses": 0,
        "sellingAndMarketingExpenses": 0,
        "sellingGeneralAndAdministrativeExpenses": 21700000,
        "otherExpenses": 0,
        "operatingExpenses": 24500000,
        "costAndExpenses": 78400000,
        "interestIncome": 0,
        "interestExpense": 0,
        "depreciationAndAmortization": 2800000,
        "ebitda": 12100000,
        "ebitdaratio": 0.1379703535,
        "operatingIncome": 9300000,
        "operatingIncomeRatio": 0.1060433295,
        "totalOtherIncomeExpensesNet": -2700000,
        "incomeBeforeTax": 6600000,
        "incomeBeforeTaxRatio": 0.0752565564,
        "incomeTaxExpense": 2600000,
        "netIncome": 4000000,
        "netIncomeRatio": 0.0456100342,
        "eps": 0.05,
        "epsdiluted": 0.05,
        "weightedAverageShsOut": 80000000,
        "weightedAverageShsOutDil": 80000000,
        "link": "https://www.sec.gov/Archives/edgar/data/1018840/000095013296000782/0000950132-96-000782-index.html",
        "finalLink": "https://www.sec.gov/Archives/edgar/data/1018840/"
    },
    {
        "date": "1996-07-31",
        "symbol": "ANF",
        "reportedCurrency": "USD",
        "cik": "0001018840",
        "fillingDate": "1996-07-31",
        "acceptedDate": "1996-07-30 20:00:00",
        "calendarYear": "1996",
        "period": "Q2",
        "revenue": 54200000,
        "costOfRevenue": 0,
        "grossProfit": 54200000,
        "grossProfitRatio": 1,
        "researchAndDevelopmentExpenses": 0,
        "generalAndAdministrativeExpenses": 0,
        "sellingAndMarketingExpenses": 0,
        "sellingGeneralAndAdministrativeExpenses": 0,
        "otherExpenses": 0,
        "operatingExpenses": 0,
        "costAndExpenses": 0,
        "interestIncome": 0,
        "interestExpense": 0,
        "depreciationAndAmortization": 0,
        "ebitda": 54200000,
        "ebitdaratio": 1,
        "operatingIncome": 54200000,
        "operatingIncomeRatio": 1,
        "totalOtherIncomeExpensesNet": -54200000,
        "incomeBeforeTax": 0,
        "incomeBeforeTaxRatio": 0,
        "incomeTaxExpense": -100000,
        "netIncome": 100000,
        "netIncomeRatio": 0.0018450185,
        "eps": 0.01,
        "epsdiluted": 0.01,
        "weightedAverageShsOut": 102100000,
        "weightedAverageShsOutDil": 102100000,
        "link": "",
        "finalLink": ""
    },
    {
        "date": "1996-04-30",
        "symbol": "ANF",
        "reportedCurrency": "USD",
        "cik": "0001018840",
        "fillingDate": "1996-04-30",
        "acceptedDate": "1996-04-29 20:00:00",
        "calendarYear": "1996",
        "period": "Q1",
        "revenue": 54200000,
        "costOfRevenue": 0,
        "grossProfit": 54200000,
        "grossProfitRatio": 1,
        "researchAndDevelopmentExpenses": 0,
        "generalAndAdministrativeExpenses": 0,
        "sellingAndMarketingExpenses": 0,
        "sellingGeneralAndAdministrativeExpenses": 0,
        "otherExpenses": 0,
        "operatingExpenses": 0,
        "costAndExpenses": 0,
        "interestIncome": 0,
        "interestExpense": 0,
        "depreciationAndAmortization": 0,
        "ebitda": 54200000,
        "ebitdaratio": 1,
        "operatingIncome": 54200000,
        "operatingIncomeRatio": 1,
        "totalOtherIncomeExpensesNet": -54200000,
        "incomeBeforeTax": 0,
        "incomeBeforeTaxRatio": 0,
        "incomeTaxExpense": -100000,
        "netIncome": 100000,
        "netIncomeRatio": 0.0018450185,
        "eps": 0.001,
        "epsdiluted": 0.001,
        "weightedAverageShsOut": 102100000,
        "weightedAverageShsOutDil": 102100000,
        "link": "",
        "finalLink": ""
    }
]