[
    {
        "date": "2025-08-02",
        "symbol": "ASO",
        "reportedCurrency": "USD",
        "cik": "0001817358",
        "fillingDate": "2025-09-02",
        "acceptedDate": "2025-09-02 16:06:16",
        "calendarYear": "2025",
        "period": "Q2",
        "revenue": 1599838000,
        "costOfRevenue": 1023105000,
        "grossProfit": 576733000,
        "grossProfitRatio": 0.3604946251,
        "researchAndDevelopmentExpenses": 0,
        "generalAndAdministrativeExpenses": 0,
        "sellingAndMarketingExpenses": 0,
        "sellingGeneralAndAdministrativeExpenses": 404352000,
        "otherExpenses": 0,
        "operatingExpenses": 404352000,
        "costAndExpenses": 1427457000,
        "interestIncome": 0,
        "interestExpense": 9028000,
        "depreciationAndAmortization": 31021000,
        "ebitda": 204882000,
        "ebitdaratio": 0.1280642165,
        "operatingIncome": 172381000,
        "operatingIncomeRatio": 0.1077490346,
        "totalOtherIncomeExpensesNet": -7548000,
        "incomeBeforeTax": 164833000,
        "incomeBeforeTaxRatio": 0.1030310569,
        "incomeTaxExpense": 39399000,
        "netIncome": 125434000,
        "netIncomeRatio": 0.0784041884,
        "eps": 1.89,
        "epsdiluted": 1.85,
        "weightedAverageShsOut": 66539000,
        "weightedAverageShsOutDil": 67689000,
        "link": "https://www.sec.gov/Archives/edgar/data/1817358/000181735825000158/0001817358-25-000158-index.htm",
        "finalLink": "https://www.sec.gov/Archives/edgar/data/1817358/000181735825000158/aso-20250802.htm"
    },
    {
        "date": "2025-05-03",
        "symbol": "ASO",
        "reportedCurrency": "USD",
        "cik": "0001817358",
        "fillingDate": "2025-06-10",
        "acceptedDate": "2025-06-10 16:02:13",
        "calendarYear": "2025",
        "period": "Q1",
        "revenue": 1351409000,
        "costOfRevenue": 892540000,
        "grossProfit": 458869000,
        "grossProfitRatio": 0.3395485749,
        "researchAndDevelopmentExpenses": 0,
        "generalAndAdministrativeExpenses": 0,
        "sellingAndMarketingExpenses": 0,
        "sellingGeneralAndAdministrativeExpenses": 389604000,
        "otherExpenses": 0,
        "operatingExpenses": 389604000,
        "costAndExpenses": 1282144000,
        "interestIncome": 0,
        "interestExpense": 9044000,
        "depreciationAndAmortization": 30150000,
        "ebitda": 102222000,
        "ebitdaratio": 0.0756410532,
        "operatingIncome": 69265000,
        "operatingIncomeRatio": 0.0512539135,
        "totalOtherIncomeExpensesNet": -6237000,
        "incomeBeforeTax": 63028000,
        "incomeBeforeTaxRatio": 0.0466387304,
        "incomeTaxExpense": 16944000,
        "netIncome": 46084000,
        "netIncomeRatio": 0.0341007053,
        "eps": 0.69,
        "epsdiluted": 0.68,
        "weightedAverageShsOut": 67122000,
        "weightedAverageShsOutDil": 68170000,
        "link": "https://www.sec.gov/Archives/edgar/data/1817358/000181735825000119/0001817358-25-000119-index.htm",
        "finalLink": "https://www.sec.gov/Archives/edgar/data/1817358/000181735825000119/aso-20250503.htm"
    },
    {
        "date": "2025-01-31",
        "symbol": "ASO",
        "reportedCurrency": "USD",
        "cik": "0001817358",
        "fillingDate": "2025-03-20",
        "acceptedDate": "2025-03-20 16:10:19",
        "calendarYear": "2024",
        "period": "Q4",
        "revenue": 1676920000,
        "costOfRevenue": 1136691000,
        "grossProfit": 540229000,
        "grossProfitRatio": 0.3221554994,
        "researchAndDevelopmentExpenses": 0,
        "generalAndAdministrativeExpenses": 0,
        "sellingAndMarketingExpenses": 0,
        "sellingGeneralAndAdministrativeExpenses": 392634000,
        "otherExpenses": -7100000,
        "operatingExpenses": 385534000,
        "costAndExpenses": 1522225000,
        "interestIncome": 0,
        "interestExpense": 9167000,
        "depreciationAndAmortization": 30962000,
        "ebitda": 205427000,
        "ebitdaratio": 0.1225025642,
        "operatingIncome": 154695000,
        "operatingIncomeRatio": 0.0922494812,
        "totalOtherIncomeExpensesNet": 10601000,
        "incomeBeforeTax": 165296000,
        "incomeBeforeTaxRatio": 0.09857119,
        "incomeTaxExpense": 31665000,
        "netIncome": 133631000,
        "netIncomeRatio": 0.0796883572,
        "eps": 1.87,
        "epsdiluted": 1.83,
        "weightedAverageShsOut": 69229000,
        "weightedAverageShsOutDil": 70689000,
        "link": "https://www.sec.gov/Archives/edgar/data/1817358/000181735825000027/0001817358-25-000027-index.htm",
        "finalLink": "https://www.sec.gov/Archives/edgar/data/1817358/000181735825000027/aso-20250201.htm"
    },
    {
        "date": "2024-11-02",
        "symbol": "ASO",
        "reportedCurrency": "USD",
        "cik": "0001817358",
        "fillingDate": "2024-12-10",
        "acceptedDate": "2024-12-10 16:06:36",
        "calendarYear": "2024",
        "period": "Q3",
        "revenue": 1343330000,
        "costOfRevenue": 886617000,
        "grossProfit": 456713000,
        "grossProfitRatio": 0.3399857072,
        "researchAndDevelopmentExpenses": 0,
        "generalAndAdministrativeExpenses": 0,
        "sellingAndMarketingExpenses": 0,
        "sellingGeneralAndAdministrativeExpenses": 365239000,
        "otherExpenses": 0,
        "operatingExpenses": 365239000,
        "costAndExpenses": 1251856000,
        "interestIncome": 0,
        "interestExpense": 9149000,
        "depreciationAndAmortization": 29337000,
        "ebitda": 127217000,
        "ebitdaratio": 0.0947027164,
        "operatingIncome": 91474000,
        "operatingIncomeRatio": 0.0680949581,
        "totalOtherIncomeExpensesNet": -2743000,
        "incomeBeforeTax": 88731000,
        "incomeBeforeTaxRatio": 0.0660530175,
        "incomeTaxExpense": 22968000,
        "netIncome": 65763000,
        "netIncomeRatio": 0.0489552083,
        "eps": 0.94,
        "epsdiluted": 0.92,
        "weightedAverageShsOut": 70319000,
        "weightedAverageShsOutDil": 71774000,
        "link": "https://www.sec.gov/Archives/edgar/data/1817358/000181735824000197/0001817358-24-000197-index.htm",
        "finalLink": "https://www.sec.gov/Archives/edgar/data/1817358/000181735824000197/aso-20241102.htm"
    },
    {
        "date": "2024-08-03",
        "symbol": "ASO",
        "reportedCurrency": "USD",
        "cik": "0001817358",
        "fillingDate": "2024-09-10",
        "acceptedDate": "2024-09-10 16:25:48",
        "calendarYear": "2024",
        "period": "Q2",
        "revenue": 1548980000,
        "costOfRevenue": 990255000,
        "grossProfit": 558725000,
        "grossProfitRatio": 0.3607051092,
        "researchAndDevelopmentExpenses": 0,
        "generalAndAdministrativeExpenses": 0,
        "sellingAndMarketingExpenses": 0,
        "sellingGeneralAndAdministrativeExpenses": 368639000,
        "otherExpenses": 0,
        "operatingExpenses": 368639000,
        "costAndExpenses": 1358894000,
        "interestIncome": 0,
        "interestExpense": 9071000,
        "depreciationAndAmortization": 28918000,
        "ebitda": 224535000,
        "ebitdaratio": 0.1449566812,
        "operatingIncome": 190086000,
        "operatingIncomeRatio": 0.1227168847,
        "totalOtherIncomeExpensesNet": -3540000,
        "incomeBeforeTax": 186546000,
        "incomeBeforeTaxRatio": 0.1204315098,
        "incomeTaxExpense": 43958000,
        "netIncome": 142588000,
        "netIncomeRatio": 0.0920528348,
        "eps": 1.99,
        "epsdiluted": 1.95,
        "weightedAverageShsOut": 71829000,
        "weightedAverageShsOutDil": 73289000,
        "link": "https://www.sec.gov/Archives/edgar/data/1817358/000181735824000174/0001817358-24-000174-index.htm",
        "finalLink": "https://www.sec.gov/Archives/edgar/data/1817358/000181735824000174/aso-20240803.htm"
    },
    {
        "date": "2024-05-04",
        "symbol": "ASO",
        "reportedCurrency": "USD",
        "cik": "0001817358",
        "fillingDate": "2024-06-11",
        "acceptedDate": "2024-06-11 16:11:17",
        "calendarYear": "2024",
        "period": "Q1",
        "revenue": 1364220000,
        "costOfRevenue": 937327000,
        "grossProfit": 426893000,
        "grossProfitRatio": 0.3129209365,
        "researchAndDevelopmentExpenses": 0,
        "generalAndAdministrativeExpenses": 0,
        "sellingAndMarketingExpenses": 0,
        "sellingGeneralAndAdministrativeExpenses": 324510000,
        "otherExpenses": 0,
        "operatingExpenses": 324510000,
        "costAndExpenses": 1261837000,
        "interestIncome": 0,
        "interestExpense": 9486000,
        "depreciationAndAmortization": 28900000,
        "ebitda": 136038000,
        "ebitdaratio": 0.0997185205,
        "operatingIncome": 102383000,
        "operatingIncomeRatio": 0.0750487458,
        "totalOtherIncomeExpensesNet": -4731000,
        "incomeBeforeTax": 97652000,
        "incomeBeforeTaxRatio": 0.0715808301,
        "incomeTaxExpense": 21187000,
        "netIncome": 76465000,
        "netIncomeRatio": 0.0560503438,
        "eps": 1.03,
        "epsdiluted": 1.01,
        "weightedAverageShsOut": 73993000,
        "weightedAverageShsOutDil": 75798000,
        "link": "https://www.sec.gov/Archives/edgar/data/1817358/000181735824000124/0001817358-24-000124-index.htm",
        "finalLink": "https://www.sec.gov/Archives/edgar/data/1817358/000181735824000124/aso-20240504.htm"
    },
    {
        "date": "2024-01-31",
        "symbol": "ASO",
        "reportedCurrency": "USD",
        "cik": "0001817358",
        "fillingDate": "2024-03-21",
        "acceptedDate": "2024-03-21 16:06:49",
        "calendarYear": "2023",
        "period": "Q4",
        "revenue": 1794828000,
        "costOfRevenue": 1229361000,
        "grossProfit": 565467000,
        "grossProfitRatio": 0.3150535873,
        "researchAndDevelopmentExpenses": 0,
        "generalAndAdministrativeExpenses": 207802000,
        "sellingAndMarketingExpenses": 153700000,
        "sellingGeneralAndAdministrativeExpenses": 361502000,
        "otherExpenses": 0,
        "operatingExpenses": 361502000,
        "costAndExpenses": 1590863000,
        "interestIncome": 0,
        "interestExpense": 12578000,
        "depreciationAndAmortization": 31542000,
        "ebitda": 235507000,
        "ebitdaratio": 0.1312142445,
        "operatingIncome": 203965000,
        "operatingIncomeRatio": 0.1136404157,
        "totalOtherIncomeExpensesNet": 7292000,
        "incomeBeforeTax": 211257000,
        "incomeBeforeTaxRatio": 0.1177032005,
        "incomeTaxExpense": 43090000,
        "netIncome": 168167000,
        "netIncomeRatio": 0.093695329,
        "eps": 2.27,
        "epsdiluted": 2.21,
        "weightedAverageShsOut": 74219000,
        "weightedAverageShsOutDil": 76035000,
        "link": "https://www.sec.gov/Archives/edgar/data/1817358/000181735824000042/0001817358-24-000042-index.htm",
        "finalLink": "https://www.sec.gov/Archives/edgar/data/1817358/000181735824000042/aso-20240203.htm"
    },
    {
        "date": "2023-10-28",
        "symbol": "ASO",
        "reportedCurrency": "USD",
        "cik": "0001817358",
        "fillingDate": "2023-11-30",
        "acceptedDate": "2023-11-30 16:05:53",
        "calendarYear": "2023",
        "period": "Q3",
        "revenue": 1397777000,
        "costOfRevenue": 915136000,
        "grossProfit": 482641000,
        "grossProfitRatio": 0.3452918456,
        "researchAndDevelopmentExpenses": 0,
        "generalAndAdministrativeExpenses": 0,
        "sellingAndMarketingExpenses": 0,
        "sellingGeneralAndAdministrativeExpenses": 345910000,
        "otherExpenses": 0,
        "operatingExpenses": 345910000,
        "costAndExpenses": 1261046000,
        "interestIncome": 0,
        "interestExpense": 10930000,
        "depreciationAndAmortization": 27400000,
        "ebitda": 168277000,
        "ebitdaratio": 0.1203890177,
        "operatingIncome": 136731000,
        "operatingIncomeRatio": 0.0978203247,
        "totalOtherIncomeExpensesNet": -6784000,
        "incomeBeforeTax": 129947000,
        "incomeBeforeTaxRatio": 0.0929669039,
        "incomeTaxExpense": 29969000,
        "netIncome": 99978000,
        "netIncomeRatio": 0.0715264309,
        "eps": 1.34,
        "epsdiluted": 1.31,
        "weightedAverageShsOut": 74461000,
        "weightedAverageShsOutDil": 76057000,
        "link": "https://www.sec.gov/Archives/edgar/data/1817358/000181735823000229/0001817358-23-000229-index.htm",
        "finalLink": "https://www.sec.gov/Archives/edgar/data/1817358/000181735823000229/aso-20231028.htm"
    },
    {
        "date": "2023-07-29",
        "symbol": "ASO",
        "reportedCurrency": "USD",
        "cik": "0001817358",
        "fillingDate": "2023-08-31",
        "acceptedDate": "2023-08-31 16:07:23",
        "calendarYear": "2023",
        "period": "Q2",
        "revenue": 1583077000,
        "costOfRevenue": 1019631000,
        "grossProfit": 563446000,
        "grossProfitRatio": 0.3559182529,
        "researchAndDevelopmentExpenses": 0,
        "generalAndAdministrativeExpenses": 0,
        "sellingAndMarketingExpenses": 0,
        "sellingGeneralAndAdministrativeExpenses": 352483000,
        "otherExpenses": 0,
        "operatingExpenses": 352483000,
        "costAndExpenses": 1372114000,
        "interestIncome": 0,
        "interestExpense": 11313000,
        "depreciationAndAmortization": 25199000,
        "ebitda": 239785000,
        "ebitdaratio": 0.1514676797,
        "operatingIncome": 210963000,
        "operatingIncomeRatio": 0.1332613638,
        "totalOtherIncomeExpensesNet": -7690000,
        "incomeBeforeTax": 203273000,
        "incomeBeforeTaxRatio": 0.1284037353,
        "incomeTaxExpense": 46198000,
        "netIncome": 157075000,
        "netIncomeRatio": 0.0992213266,
        "eps": 2.06,
        "epsdiluted": 2.01,
        "weightedAverageShsOut": 76104000,
        "weightedAverageShsOutDil": 78091000,
        "link": "https://www.sec.gov/Archives/edgar/data/1817358/000181735823000186/0001817358-23-000186-index.htm",
        "finalLink": "https://www.sec.gov/Archives/edgar/data/1817358/000181735823000186/aso-20230729.htm"
    },
    {
        "date": "2023-04-29",
        "symbol": "ASO",
        "reportedCurrency": "USD",
        "cik": "0001817358",
        "fillingDate": "2023-06-06",
        "acceptedDate": "2023-06-06 16:14:02",
        "calendarYear": "2023",
        "period": "Q1",
        "revenue": 1383609000,
        "costOfRevenue": 916494000,
        "grossProfit": 467115000,
        "grossProfitRatio": 0.3376062168,
        "researchAndDevelopmentExpenses": 0,
        "generalAndAdministrativeExpenses": 0,
        "sellingAndMarketingExpenses": 0,
        "sellingGeneralAndAdministrativeExpenses": 340919000,
        "otherExpenses": 0,
        "operatingExpenses": 340919000,
        "costAndExpenses": 1257413000,
        "interestIncome": 0,
        "interestExpense": 11230000,
        "depreciationAndAmortization": 26261000,
        "ebitda": 156170000,
        "ebitdaratio": 0.1128714832,
        "operatingIncome": 126196000,
        "operatingIncomeRatio": 0.0912078485,
        "totalOtherIncomeExpensesNet": -7517000,
        "incomeBeforeTax": 118679000,
        "incomeBeforeTaxRatio": 0.0857749552,
        "incomeTaxExpense": 24709000,
        "netIncome": 93970000,
        "netIncomeRatio": 0.0679165863,
        "eps": 1.22,
        "epsdiluted": 1.19,
        "weightedAverageShsOut": 76862000,
        "weightedAverageShsOutDil": 79288000,
        "link": "https://www.sec.gov/Archives/edgar/data/1817358/000181735823000153/0001817358-23-000153-index.htm",
        "finalLink": "https://www.sec.gov/Archives/edgar/data/1817358/000181735823000153/aso-20230429.htm"
    },
    {
        "date": "2023-01-31",
        "symbol": "ASO",
        "reportedCurrency": "USD",
        "cik": "0001817358",
        "fillingDate": "2023-03-16",
        "acceptedDate": "2023-03-16 16:05:05",
        "calendarYear": "2022",
        "period": "Q4",
        "revenue": 1746503000,
        "costOfRevenue": 1173959000,
        "grossProfit": 572544000,
        "grossProfitRatio": 0.3278230842,
        "researchAndDevelopmentExpenses": 0,
        "generalAndAdministrativeExpenses": 0,
        "sellingAndMarketingExpenses": 0,
        "sellingGeneralAndAdministrativeExpenses": 367744000,
        "otherExpenses": 0,
        "operatingExpenses": 367744000,
        "costAndExpenses": 1541703000,
        "interestIncome": 0,
        "interestExpense": 12201000,
        "depreciationAndAmortization": 27910000,
        "ebitda": 245595000,
        "ebitdaratio": 0.1406210009,
        "operatingIncome": 204800000,
        "operatingIncomeRatio": 0.1172628962,
        "totalOtherIncomeExpensesNet": 1335000,
        "incomeBeforeTax": 206135000,
        "incomeBeforeTaxRatio": 0.1180272808,
        "incomeTaxExpense": 48482000,
        "netIncome": 157653000,
        "netIncomeRatio": 0.0902678094,
        "eps": 2.03,
        "epsdiluted": 1.97,
        "weightedAverageShsOut": 77657000,
        "weightedAverageShsOutDil": 80074000,
        "link": "https://www.sec.gov/Archives/edgar/data/1817358/000181735823000062/0001817358-23-000062-index.htm",
        "finalLink": "https://www.sec.gov/Archives/edgar/data/1817358/000181735823000062/aso-20230128.htm"
    },
    {
        "date": "2022-10-29",
        "symbol": "ASO",
        "reportedCurrency": "USD",
        "cik": "0001817358",
        "fillingDate": "2022-12-07",
        "acceptedDate": "2022-12-07 16:04:16",
        "calendarYear": "2022",
        "period": "Q3",
        "revenue": 1493925000,
        "costOfRevenue": 971454000,
        "grossProfit": 522471000,
        "grossProfitRatio": 0.3497304082,
        "researchAndDevelopmentExpenses": 0,
        "generalAndAdministrativeExpenses": 0,
        "sellingAndMarketingExpenses": 0,
        "sellingGeneralAndAdministrativeExpenses": 342949000,
        "otherExpenses": 0,
        "operatingExpenses": 342949000,
        "costAndExpenses": 1314403000,
        "interestIncome": 0,
        "interestExpense": 12163000,
        "depreciationAndAmortization": 27000000,
        "ebitda": 209060000,
        "ebitdaratio": 0.1399400907,
        "operatingIncome": 179522000,
        "operatingIncomeRatio": 0.1201680138,
        "totalOtherIncomeExpensesNet": -9625000,
        "incomeBeforeTax": 169897000,
        "incomeBeforeTaxRatio": 0.1137252539,
        "incomeTaxExpense": 38156000,
        "netIncome": 131741000,
        "netIncomeRatio": 0.0881844805,
        "eps": 1.67,
        "epsdiluted": 1.62,
        "weightedAverageShsOut": 79085000,
        "weightedAverageShsOutDil": 81379000,
        "link": "https://www.sec.gov/Archives/edgar/data/1817358/000181735822000182/0001817358-22-000182-index.htm",
        "finalLink": "https://www.sec.gov/Archives/edgar/data/1817358/000181735822000182/aso-20221029.htm"
    },
    {
        "date": "2022-07-30",
        "symbol": "ASO",
        "reportedCurrency": "USD",
        "cik": "0001817358",
        "fillingDate": "2022-09-07",
        "acceptedDate": "2022-09-07 16:05:38",
        "calendarYear": "2022",
        "period": "Q2",
        "revenue": 1686915000,
        "costOfRevenue": 1117088000,
        "grossProfit": 569827000,
        "grossProfitRatio": 0.3377923606,
        "researchAndDevelopmentExpenses": 0,
        "generalAndAdministrativeExpenses": 0,
        "sellingAndMarketingExpenses": 0,
        "sellingGeneralAndAdministrativeExpenses": 313093000,
        "otherExpenses": 1441000,
        "operatingExpenses": 313093000,
        "costAndExpenses": 1430181000,
        "interestIncome": 0,
        "interestExpense": 11157000,
        "depreciationAndAmortization": 26236000,
        "ebitda": 284411000,
        "ebitdaratio": 0.1685982993,
        "operatingIncome": 256734000,
        "operatingIncomeRatio": 0.1521914264,
        "totalOtherIncomeExpensesNet": -9716000,
        "incomeBeforeTax": 247018000,
        "incomeBeforeTaxRatio": 0.1464318001,
        "incomeTaxExpense": 58217000,
        "netIncome": 188801000,
        "netIncomeRatio": 0.1119208733,
        "eps": 2.28,
        "epsdiluted": 2.22,
        "weightedAverageShsOut": 82960000,
        "weightedAverageShsOutDil": 84906000,
        "link": "https://www.sec.gov/Archives/edgar/data/1817358/000181735822000158/0001817358-22-000158-index.htm",
        "finalLink": "https://www.sec.gov/Archives/edgar/data/1817358/000181735822000158/aso-20220730.htm"
    },
    {
        "date": "2022-04-30",
        "symbol": "ASO",
        "reportedCurrency": "USD",
        "cik": "0001817358",
        "fillingDate": "2022-06-07",
        "acceptedDate": "2022-06-07 16:07:12",
        "calendarYear": "2022",
        "period": "Q1",
        "revenue": 1467730000,
        "costOfRevenue": 946306000,
        "grossProfit": 521424000,
        "grossProfitRatio": 0.355258801,
        "researchAndDevelopmentExpenses": 0,
        "generalAndAdministrativeExpenses": 0,
        "sellingAndMarketingExpenses": 0,
        "sellingGeneralAndAdministrativeExpenses": 315931000,
        "otherExpenses": 697000,
        "operatingExpenses": 315931000,
        "costAndExpenses": 1262237000,
        "interestIncome": 0,
        "interestExpense": 10920000,
        "depreciationAndAmortization": 26164000,
        "ebitda": 232354000,
        "ebitdaratio": 0.1583084082,
        "operatingIncome": 205493000,
        "operatingIncomeRatio": 0.1400073583,
        "totalOtherIncomeExpensesNet": -10223000,
        "incomeBeforeTax": 195270000,
        "incomeBeforeTaxRatio": 0.1330421808,
        "incomeTaxExpense": 45464000,
        "netIncome": 149806000,
        "netIncomeRatio": 0.1020664564,
        "eps": 1.73,
        "epsdiluted": 1.69,
        "weightedAverageShsOut": 86658000,
        "weightedAverageShsOutDil": 88614000,
        "link": "https://www.sec.gov/Archives/edgar/data/1817358/000181735822000119/0001817358-22-000119-index.htm",
        "finalLink": "https://www.sec.gov/Archives/edgar/data/1817358/000181735822000119/aso-20220430.htm"
    },
    {
        "date": "2022-01-31",
        "symbol": "ASO",
        "reportedCurrency": "USD",
        "cik": "0001817358",
        "fillingDate": "2022-03-29",
        "acceptedDate": "2022-03-29 16:05:16",
        "calendarYear": "2021",
        "period": "Q4",
        "revenue": 1808470000,
        "costOfRevenue": 1224410000,
        "grossProfit": 584060000,
        "grossProfitRatio": 0.3229580806,
        "researchAndDevelopmentExpenses": 0,
        "generalAndAdministrativeExpenses": 0,
        "sellingAndMarketingExpenses": 0,
        "sellingGeneralAndAdministrativeExpenses": 385858000,
        "otherExpenses": 1075000,
        "operatingExpenses": 385858000,
        "costAndExpenses": 1610268000,
        "interestIncome": 0,
        "interestExpense": 10859000,
        "depreciationAndAmortization": 27507000,
        "ebitda": 225709000,
        "ebitdaratio": 0.1248066045,
        "operatingIncome": 198202000,
        "operatingIncomeRatio": 0.1095965098,
        "totalOtherIncomeExpensesNet": -9784000,
        "incomeBeforeTax": 188418000,
        "incomeBeforeTaxRatio": 0.1041864117,
        "incomeTaxExpense": 46648000,
        "netIncome": 141770000,
        "netIncomeRatio": 0.0783922321,
        "eps": 1.61,
        "epsdiluted": 1.57,
        "weightedAverageShsOut": 87970000,
        "weightedAverageShsOutDil": 90475000,
        "link": "https://www.sec.gov/Archives/edgar/data/1817358/000181735822000039/0001817358-22-000039-index.htm",
        "finalLink": "https://www.sec.gov/Archives/edgar/data/1817358/000181735822000039/aso-20220129.htm"
    },
    {
        "date": "2021-10-30",
        "symbol": "ASO",
        "reportedCurrency": "USD",
        "cik": "0001817358",
        "fillingDate": "2021-12-10",
        "acceptedDate": "2021-12-10 16:06:08",
        "calendarYear": "2021",
        "period": "Q3",
        "revenue": 1592795000,
        "costOfRevenue": 1031957000,
        "grossProfit": 560838000,
        "grossProfitRatio": 0.3521093424,
        "researchAndDevelopmentExpenses": 0,
        "generalAndAdministrativeExpenses": 0,
        "sellingAndMarketingExpenses": 0,
        "sellingGeneralAndAdministrativeExpenses": 344725000,
        "otherExpenses": 614000,
        "operatingExpenses": 344725000,
        "costAndExpenses": 1376682000,
        "interestIncome": 0,
        "interestExpense": 11424000,
        "depreciationAndAmortization": 26476000,
        "ebitda": 242829000,
        "ebitdaratio": 0.1524546473,
        "operatingIncome": 216113000,
        "operatingIncomeRatio": 0.1356816163,
        "totalOtherIncomeExpensesNet": -10810000,
        "incomeBeforeTax": 205303000,
        "incomeBeforeTaxRatio": 0.1288948044,
        "incomeTaxExpense": 43998000,
        "netIncome": 161305000,
        "netIncomeRatio": 0.101271664,
        "eps": 1.77,
        "epsdiluted": 1.72,
        "weightedAverageShsOut": 91140000,
        "weightedAverageShsOutDil": 93844000,
        "link": "https://www.sec.gov/Archives/edgar/data/1817358/000181735821000215/0001817358-21-000215-index.htm",
        "finalLink": "https://www.sec.gov/Archives/edgar/data/1817358/000181735821000215/aso-20211030.htm"
    },
    {
        "date": "2021-07-31",
        "symbol": "ASO",
        "reportedCurrency": "USD",
        "cik": "0001817358",
        "fillingDate": "2021-09-09",
        "acceptedDate": "2021-09-09 16:06:25",
        "calendarYear": "2021",
        "period": "Q2",
        "revenue": 1791530000,
        "costOfRevenue": 1149034000,
        "grossProfit": 642496000,
        "grossProfitRatio": 0.3586297746,
        "researchAndDevelopmentExpenses": 0,
        "generalAndAdministrativeExpenses": 0,
        "sellingAndMarketingExpenses": 0,
        "sellingGeneralAndAdministrativeExpenses": 387938000,
        "otherExpenses": 735000,
        "operatingExpenses": 387938000,
        "costAndExpenses": 1536972000,
        "interestIncome": 0,
        "interestExpense": 12157000,
        "depreciationAndAmortization": 26201000,
        "ebitda": 278719000,
        "ebitdaratio": 0.1555759602,
        "operatingIncome": 254558000,
        "operatingIncomeRatio": 0.1420897222,
        "totalOtherIncomeExpensesNet": -13661000,
        "incomeBeforeTax": 240897000,
        "incomeBeforeTaxRatio": 0.1344643964,
        "incomeTaxExpense": 50387000,
        "netIncome": 190510000,
        "netIncomeRatio": 0.1063392743,
        "eps": 2.06,
        "epsdiluted": 1.99,
        "weightedAverageShsOut": 92627000,
        "weightedAverageShsOutDil": 95891000,
        "link": "https://www.sec.gov/Archives/edgar/data/1817358/000181735821000171/0001817358-21-000171-index.htm",
        "finalLink": "https://www.sec.gov/Archives/edgar/data/1817358/000181735821000171/aso-20210731.htm"
    },
    {
        "date": "2021-05-01",
        "symbol": "ASO",
        "reportedCurrency": "USD",
        "cik": "0001817358",
        "fillingDate": "2021-06-08",
        "acceptedDate": "2021-06-08 16:07:02",
        "calendarYear": "2021",
        "period": "Q1",
        "revenue": 1580333000,
        "costOfRevenue": 1016632000,
        "grossProfit": 563701000,
        "grossProfitRatio": 0.3566976074,
        "researchAndDevelopmentExpenses": 0,
        "generalAndAdministrativeExpenses": 0,
        "sellingAndMarketingExpenses": 0,
        "sellingGeneralAndAdministrativeExpenses": 324627000,
        "otherExpenses": 397000,
        "operatingExpenses": 324627000,
        "costAndExpenses": 1341259000,
        "interestIncome": 0,
        "interestExpense": 14549000,
        "depreciationAndAmortization": 25798000,
        "ebitda": 264343000,
        "ebitdaratio": 0.1672704424,
        "operatingIncome": 239074000,
        "operatingIncomeRatio": 0.1512807744,
        "totalOtherIncomeExpensesNet": -14152000,
        "incomeBeforeTax": 224922000,
        "incomeBeforeTaxRatio": 0.1423256997,
        "incomeTaxExpense": 47126000,
        "netIncome": 177796000,
        "netIncomeRatio": 0.1125054023,
        "eps": 1.93,
        "epsdiluted": 1.84,
        "weightedAverageShsOut": 92088000,
        "weightedAverageShsOutDil": 96472000,
        "link": "https://www.sec.gov/Archives/edgar/data/1817358/000181735821000147/0001817358-21-000147-index.htm",
        "finalLink": "https://www.sec.gov/Archives/edgar/data/1817358/000181735821000147/aso-20210501.htm"
    },
    {
        "date": "2021-01-31",
        "symbol": "ASO",
        "reportedCurrency": "USD",
        "cik": "0001817358",
        "fillingDate": "2021-04-07",
        "acceptedDate": "2021-04-07 16:08:53",
        "calendarYear": "2020",
        "period": "Q4",
        "revenue": 1597436000,
        "costOfRevenue": 1098348000,
        "grossProfit": 499088000,
        "grossProfitRatio": 0.3124306701,
        "researchAndDevelopmentExpenses": 0,
        "generalAndAdministrativeExpenses": 0,
        "sellingAndMarketingExpenses": 0,
        "sellingGeneralAndAdministrativeExpenses": 358056000,
        "otherExpenses": 797000,
        "operatingExpenses": 358056000,
        "costAndExpenses": 1456404000,
        "interestIncome": 0,
        "interestExpense": 16027000,
        "depreciationAndAmortization": 25763000,
        "ebitda": 160655000,
        "ebitdaratio": 0.1005705393,
        "operatingIncome": 141032000,
        "operatingIncomeRatio": 0.0882864791,
        "totalOtherIncomeExpensesNet": -19479000,
        "incomeBeforeTax": 121553000,
        "incomeBeforeTaxRatio": 0.0760925633,
        "incomeTaxExpense": 30031000,
        "netIncome": 91522000,
        "netIncomeRatio": 0.0572930621,
        "eps": 1.01,
        "epsdiluted": 0.97,
        "weightedAverageShsOut": 90253000,
        "weightedAverageShsOutDil": 94377000,
        "link": "https://www.sec.gov/Archives/edgar/data/1817358/000181735821000059/0001817358-21-000059-index.htm",
        "finalLink": "https://www.sec.gov/Archives/edgar/data/1817358/000181735821000059/aso-20210130.htm"
    },
    {
        "date": "2020-10-31",
        "symbol": "ASO",
        "reportedCurrency": "USD",
        "cik": "0001817358",
        "fillingDate": "2020-12-10",
        "acceptedDate": "2020-12-10 16:11:09",
        "calendarYear": "2020",
        "period": "Q3",
        "revenue": 1349076000,
        "costOfRevenue": 908565000,
        "grossProfit": 440511000,
        "grossProfitRatio": 0.3265279347,
        "researchAndDevelopmentExpenses": 0,
        "generalAndAdministrativeExpenses": 0,
        "sellingAndMarketingExpenses": 0,
        "sellingGeneralAndAdministrativeExpenses": 358955000,
        "otherExpenses": -764000,
        "operatingExpenses": 358955000,
        "costAndExpenses": 1267520000,
        "interestIncome": 0,
        "interestExpense": 22399000,
        "depreciationAndAmortization": 25567000,
        "ebitda": 106359000,
        "ebitdaratio": 0.078838405,
        "operatingIncome": 81556000,
        "operatingIncomeRatio": 0.0604532287,
        "totalOtherIncomeExpensesNet": -23163000,
        "incomeBeforeTax": 58393000,
        "incomeBeforeTaxRatio": 0.0432836994,
        "incomeTaxExpense": -1193000,
        "netIncome": 59586000,
        "netIncomeRatio": 0.0441680083,
        "eps": 0.78,
        "epsdiluted": 0.74,
        "weightedAverageShsOut": 76771000,
        "weightedAverageShsOutDil": 80714000,
        "link": "https://www.sec.gov/Archives/edgar/data/1817358/000181735820000012/0001817358-20-000012-index.htm",
        "finalLink": "https://www.sec.gov/Archives/edgar/data/1817358/000181735820000012/aso-20201031.htm"
    },
    {
        "date": "2020-07-31",
        "symbol": "ASO",
        "reportedCurrency": "USD",
        "cik": "0001817358",
        "fillingDate": "2020-07-31",
        "acceptedDate": "2020-07-30 20:00:00",
        "calendarYear": "2020",
        "period": "Q2",
        "revenue": 1606420000,
        "costOfRevenue": 1109919000,
        "grossProfit": 496501000,
        "grossProfitRatio": 0.3090729697,
        "researchAndDevelopmentExpenses": 0,
        "generalAndAdministrativeExpenses": 0,
        "sellingAndMarketingExpenses": 0,
        "sellingGeneralAndAdministrativeExpenses": 312713000,
        "otherExpenses": 628000,
        "operatingExpenses": 312713000,
        "costAndExpenses": 1422632000,
        "interestIncome": 0,
        "interestExpense": 23566000,
        "depreciationAndAmortization": 26704000,
        "ebitda": 218951000,
        "ebitdaratio": 0.1362974814,
        "operatingIncome": 183788000,
        "operatingIncomeRatio": 0.1144084361,
        "totalOtherIncomeExpensesNet": -15107000,
        "incomeBeforeTax": 168681000,
        "incomeBeforeTaxRatio": 0.1050042953,
        "incomeTaxExpense": 1005000,
        "netIncome": 167676000,
        "netIncomeRatio": 0.1043786805,
        "eps": 1.9,
        "epsdiluted": 1.9,
        "weightedAverageShsOut": 88103095,
        "weightedAverageShsOutDil": 88103095,
        "link": "",
        "finalLink": ""
    },
    {
        "date": "2020-04-30",
        "symbol": "ASO",
        "reportedCurrency": "USD",
        "cik": "0001817358",
        "fillingDate": "2020-05-02",
        "acceptedDate": "2020-05-01 20:00:00",
        "calendarYear": "2020",
        "period": "Q1",
        "revenue": 1136301000,
        "costOfRevenue": 838356000,
        "grossProfit": 297945000,
        "grossProfitRatio": 0.2622060528,
        "researchAndDevelopmentExpenses": 0,
        "generalAndAdministrativeExpenses": 0,
        "sellingAndMarketingExpenses": 0,
        "sellingGeneralAndAdministrativeExpenses": 283923000,
        "otherExpenses": 993000,
        "operatingExpenses": 283923000,
        "costAndExpenses": 1122279000,
        "interestIncome": 0,
        "interestExpense": 24522000,
        "depreciationAndAmortization": 27447000,
        "ebitda": 42369000,
        "ebitdaratio": 0.0372867752,
        "operatingIncome": 14022000,
        "operatingIncomeRatio": 0.0123400402,
        "totalOtherIncomeExpensesNet": -23529000,
        "incomeBeforeTax": -9507000,
        "incomeBeforeTaxRatio": -0.0083666212,
        "incomeTaxExpense": 513000,
        "netIncome": -10020000,
        "netIncomeRatio": -0.0088180861,
        "eps": -0.13,
        "epsdiluted": -0.13,
        "weightedAverageShsOut": 76557308,
        "weightedAverageShsOutDil": 78568554,
        "link": null,
        "finalLink": null
    },
    {
        "date": "2020-01-31",
        "symbol": "ASO",
        "reportedCurrency": "USD",
        "cik": "0001817358",
        "fillingDate": "2020-01-31",
        "acceptedDate": "2020-01-30 19:00:00",
        "calendarYear": "2019",
        "period": "Q4",
        "revenue": 1370492000,
        "costOfRevenue": 999960000,
        "grossProfit": 370532000,
        "grossProfitRatio": 0.2703642196,
        "researchAndDevelopmentExpenses": 0,
        "generalAndAdministrativeExpenses": 0,
        "sellingAndMarketingExpenses": 0,
        "sellingGeneralAndAdministrativeExpenses": 328315000,
        "otherExpenses": 560000,
        "operatingExpenses": 328315000,
        "costAndExpenses": 1328275000,
        "interestIncome": 0,
        "interestExpense": 24136000,
        "depreciationAndAmortization": 28561000,
        "ebitda": 71678000,
        "ebitdaratio": 0.0523009255,
        "operatingIncome": 42217000,
        "operatingIncomeRatio": 0.0308042659,
        "totalOtherIncomeExpensesNet": -23576000,
        "incomeBeforeTax": 18641000,
        "incomeBeforeTaxRatio": 0.0136016847,
        "incomeTaxExpense": 903000,
        "netIncome": 17738000,
        "netIncomeRatio": 0.0129427972,
        "eps": 0.23,
        "epsdiluted": 0.23,
        "weightedAverageShsOut": 76557308,
        "weightedAverageShsOutDil": 78568554,
        "link": "",
        "finalLink": ""
    },
    {
        "date": "2019-10-31",
        "symbol": "ASO",
        "reportedCurrency": "USD",
        "cik": "0001817358",
        "fillingDate": "2019-10-31",
        "acceptedDate": "2019-10-30 20:00:00",
        "calendarYear": "2019",
        "period": "Q3",
        "revenue": 1145203000,
        "costOfRevenue": 782781000,
        "grossProfit": 362422000,
        "grossProfitRatio": 0.3164696565,
        "researchAndDevelopmentExpenses": 0,
        "generalAndAdministrativeExpenses": 0,
        "sellingAndMarketingExpenses": 0,
        "sellingGeneralAndAdministrativeExpenses": 309246000,
        "otherExpenses": 467000,
        "operatingExpenses": 309246000,
        "costAndExpenses": 1092027000,
        "interestIncome": 0,
        "interestExpense": 24585000,
        "depreciationAndAmortization": 29596000,
        "ebitda": 83672000,
        "ebitdaratio": 0.073063029,
        "operatingIncome": 53176000,
        "operatingIncomeRatio": 0.046433689,
        "totalOtherIncomeExpensesNet": -24118000,
        "incomeBeforeTax": 29058000,
        "incomeBeforeTaxRatio": 0.0253736674,
        "incomeTaxExpense": 506000,
        "netIncome": 28552000,
        "netIncomeRatio": 0.0249318243,
        "eps": 0.37,
        "epsdiluted": 0.36,
        "weightedAverageShsOut": 76557308,
        "weightedAverageShsOutDil": 78568554,
        "link": "",
        "finalLink": ""
    },
    {
        "date": "2019-07-31",
        "symbol": "ASO",
        "reportedCurrency": "USD",
        "cik": "0001817358",
        "fillingDate": "2019-07-31",
        "acceptedDate": "2019-07-30 20:00:00",
        "calendarYear": "2019",
        "period": "Q2",
        "revenue": 1237410000,
        "costOfRevenue": 852206000,
        "grossProfit": 385204000,
        "grossProfitRatio": 0.3112985995,
        "researchAndDevelopmentExpenses": 0,
        "generalAndAdministrativeExpenses": 0,
        "sellingAndMarketingExpenses": 0,
        "sellingGeneralAndAdministrativeExpenses": 312570000,
        "otherExpenses": 1013000,
        "operatingExpenses": 312570000,
        "costAndExpenses": 1164776000,
        "interestIncome": 0,
        "interestExpense": 25549000,
        "depreciationAndAmortization": 29313000,
        "ebitda": 102847000,
        "ebitdaratio": 0.0831147316,
        "operatingIncome": 72634000,
        "operatingIncomeRatio": 0.0586984104,
        "totalOtherIncomeExpensesNet": -23409000,
        "incomeBeforeTax": 49225000,
        "incomeBeforeTaxRatio": 0.0397806709,
        "incomeTaxExpense": 878000,
        "netIncome": 48347000,
        "netIncomeRatio": 0.0390711244,
        "eps": 0.63,
        "epsdiluted": 0.62,
        "weightedAverageShsOut": 76557308,
        "weightedAverageShsOutDil": 78568554,
        "link": "",
        "finalLink": ""
    },
    {
        "date": "2019-05-04",
        "symbol": "ASO",
        "reportedCurrency": "USD",
        "cik": "0001817358",
        "fillingDate": "2019-05-04",
        "acceptedDate": "2019-05-03 20:00:00",
        "calendarYear": "2019",
        "period": "Q1",
        "revenue": 1076792000,
        "costOfRevenue": 763796000,
        "grossProfit": 312996000,
        "grossProfitRatio": 0.2906745221,
        "researchAndDevelopmentExpenses": 0,
        "generalAndAdministrativeExpenses": 0,
        "sellingAndMarketingExpenses": 0,
        "sellingGeneralAndAdministrativeExpenses": 301602000,
        "otherExpenses": 0,
        "operatingExpenses": 260023000,
        "costAndExpenses": 1023819000,
        "interestIncome": 27037000,
        "interestExpense": 0,
        "depreciationAndAmortization": 29784000,
        "ebitda": 41178000,
        "ebitdaratio": 0.0382413688,
        "operatingIncome": 11394000,
        "operatingIncomeRatio": 0.0105814308,
        "totalOtherIncomeExpensesNet": 14542000,
        "incomeBeforeTax": 25936000,
        "incomeBeforeTaxRatio": 0.0240863602,
        "incomeTaxExpense": 530000,
        "netIncome": 25406000,
        "netIncomeRatio": 0.0235941575,
        "eps": 0.33,
        "epsdiluted": 0.32,
        "weightedAverageShsOut": 76557308,
        "weightedAverageShsOutDil": 78568554,
        "link": null,
        "finalLink": null
    }
]