[
    {
        "date": "2025-09-30",
        "symbol": "ASR",
        "reportedCurrency": "MXN",
        "cik": "0001123452",
        "fillingDate": "2025-09-30",
        "acceptedDate": "2025-09-29 20:00:00",
        "calendarYear": "2025",
        "period": "Q3",
        "revenue": 8765450000,
        "costOfRevenue": 3329123000,
        "grossProfit": 5436327000,
        "grossProfitRatio": 0.6201994193,
        "researchAndDevelopmentExpenses": 0,
        "generalAndAdministrativeExpenses": 87273000,
        "sellingAndMarketingExpenses": 0,
        "sellingGeneralAndAdministrativeExpenses": 87273000,
        "otherExpenses": 721669000,
        "operatingExpenses": 809942000,
        "costAndExpenses": 4139065000,
        "interestIncome": 0,
        "interestExpense": 0,
        "depreciationAndAmortization": 940894000,
        "ebitda": 3784602000,
        "ebitdaratio": 0.4317635718,
        "operatingIncome": 3694943000,
        "operatingIncomeRatio": 0.4215348898,
        "totalOtherIncomeExpensesNet": -473423000,
        "incomeBeforeTax": 3221071000,
        "incomeBeforeTaxRatio": 0.3674735467,
        "incomeTaxExpense": 1009719000,
        "netIncome": 2111351000,
        "netIncomeRatio": 0.2408719461,
        "eps": 70.4,
        "epsdiluted": 70.4,
        "weightedAverageShsOut": 29999900,
        "weightedAverageShsOutDil": 29999900,
        "link": "http://www.cbr.ru/eng/search/?text=ASR&category=Any&time=Any&dateFrom=&dateTo=",
        "finalLink": "http://www.cbr.ru/eng/search/?text=ASR&category=Any&time=Any&dateFrom=&dateTo="
    },
    {
        "date": "2025-06-30",
        "symbol": "ASR",
        "reportedCurrency": "MXN",
        "cik": "0001123452",
        "fillingDate": "2025-06-30",
        "acceptedDate": "2025-06-29 20:00:00",
        "calendarYear": "2025",
        "period": "Q2",
        "revenue": 8715432000,
        "costOfRevenue": 2801767000,
        "grossProfit": 5913665000,
        "grossProfitRatio": 0.6785280408,
        "researchAndDevelopmentExpenses": 0,
        "generalAndAdministrativeExpenses": 90953000,
        "sellingAndMarketingExpenses": 0,
        "sellingGeneralAndAdministrativeExpenses": 90953000,
        "otherExpenses": 1408704000,
        "operatingExpenses": 1499657000,
        "costAndExpenses": 4301424000,
        "interestIncome": 0,
        "interestExpense": 0,
        "depreciationAndAmortization": 610912000,
        "ebitda": 3921648000,
        "ebitdaratio": 0.4499659914,
        "operatingIncome": 4414008000,
        "operatingIncomeRatio": 0.5064588881,
        "totalOtherIncomeExpensesNet": -1103272000,
        "incomeBeforeTax": 3310736000,
        "incomeBeforeTaxRatio": 0.379870556,
        "incomeTaxExpense": 1040554000,
        "netIncome": 2144814000,
        "netIncomeRatio": 0.2460938253,
        "eps": 71.5,
        "epsdiluted": 71.5,
        "weightedAverageShsOut": 29999900,
        "weightedAverageShsOutDil": 29999900,
        "link": "https://www.asur.com.mx/informacion-financiera-page-0",
        "finalLink": "https://www.asur.com.mx/media/Informes%20Financieros/2025/2/ASUR-Airport-Cancun-Mexico-Earnings-Release-2Q25.pdf"
    },
    {
        "date": "2025-03-31",
        "symbol": "ASR",
        "reportedCurrency": "MXN",
        "cik": "0001123452",
        "fillingDate": "2025-03-31",
        "acceptedDate": "2025-03-31 00:00:00",
        "calendarYear": "2025",
        "period": "Q1",
        "revenue": 8787475000,
        "costOfRevenue": 158782000,
        "grossProfit": 8628693000,
        "grossProfitRatio": 0.9819308732,
        "researchAndDevelopmentExpenses": 0,
        "generalAndAdministrativeExpenses": 3528867000,
        "sellingAndMarketingExpenses": 0,
        "sellingGeneralAndAdministrativeExpenses": 3528867000,
        "otherExpenses": 0,
        "operatingExpenses": 3528867000,
        "costAndExpenses": 3687649000,
        "interestIncome": 0,
        "interestExpense": 0,
        "depreciationAndAmortization": 623060000,
        "ebitda": 5722886000,
        "ebitdaratio": 0.6512548827,
        "operatingIncome": 5099826000,
        "operatingIncomeRatio": 0.5803516937,
        "totalOtherIncomeExpensesNet": 3797000,
        "incomeBeforeTax": 5103623000,
        "incomeBeforeTaxRatio": 0.580783786,
        "incomeTaxExpense": 1465404000,
        "netIncome": 3515784000,
        "netIncomeRatio": 0.4000903559,
        "eps": 117.2,
        "epsdiluted": 117.2,
        "weightedAverageShsOut": 30000000,
        "weightedAverageShsOutDil": 30000000,
        "link": null,
        "finalLink": null
    },
    {
        "date": "2024-12-31",
        "symbol": "ASR",
        "reportedCurrency": "MXN",
        "cik": "0001123452",
        "fillingDate": "2025-04-10",
        "acceptedDate": "2025-04-10 16:31:51",
        "calendarYear": "2024",
        "period": "Q4",
        "revenue": 9020577000,
        "costOfRevenue": 3814539000,
        "grossProfit": 5206038000,
        "grossProfitRatio": 0.577129157,
        "researchAndDevelopmentExpenses": 0,
        "generalAndAdministrativeExpenses": 94759000,
        "sellingAndMarketingExpenses": 0,
        "sellingGeneralAndAdministrativeExpenses": 94759000,
        "otherExpenses": 610794000,
        "operatingExpenses": 705553000,
        "costAndExpenses": 4520092000,
        "interestIncome": 350135000,
        "interestExpense": 0,
        "depreciationAndAmortization": 610794000,
        "ebitda": 8791074000,
        "ebitdaratio": 0.9745578359,
        "operatingIncome": 4500485000,
        "operatingIncomeRatio": 0.498913207,
        "totalOtherIncomeExpensesNet": 786210000,
        "incomeBeforeTax": 5286695000,
        "incomeBeforeTaxRatio": 0.5860706028,
        "incomeTaxExpense": 1696978000,
        "netIncome": 3414581000,
        "netIncomeRatio": 0.3785324376,
        "eps": 113.8,
        "epsdiluted": 113.8,
        "weightedAverageShsOut": 30000100,
        "weightedAverageShsOutDil": 30000100,
        "link": "https://www.sec.gov/Archives/edgar/data/1123452/000141057825000689/0001410578-25-000689-index.htm",
        "finalLink": "https://www.sec.gov/Archives/edgar/data/1123452/000141057825000689/asurb-20241231x20f.htm"
    },
    {
        "date": "2024-09-30",
        "symbol": "ASR",
        "reportedCurrency": "MXN",
        "cik": "0001123452",
        "fillingDate": "2024-10-23",
        "acceptedDate": "2024-10-22 19:57:37",
        "calendarYear": "2024",
        "period": "Q3",
        "revenue": 7483293000,
        "costOfRevenue": 2589735000,
        "grossProfit": 4893558000,
        "grossProfitRatio": 0.6539310969,
        "researchAndDevelopmentExpenses": 0,
        "generalAndAdministrativeExpenses": 65107000,
        "sellingAndMarketingExpenses": 0,
        "sellingGeneralAndAdministrativeExpenses": 65107000,
        "otherExpenses": 731277000,
        "operatingExpenses": 796384000,
        "costAndExpenses": 3386119000,
        "interestIncome": 483133000,
        "interestExpense": 0,
        "depreciationAndAmortization": 601523000,
        "ebitda": 4698697000,
        "ebitdaratio": 0.6278916247,
        "operatingIncome": 4097174000,
        "operatingIncomeRatio": 0.5475094988,
        "totalOtherIncomeExpensesNet": 905487000,
        "incomeBeforeTax": 5002661000,
        "incomeBeforeTaxRatio": 0.668510641,
        "incomeTaxExpense": 1528107000,
        "netIncome": 3381190000,
        "netIncomeRatio": 0.4518318339,
        "eps": 112.7,
        "epsdiluted": 112.7,
        "weightedAverageShsOut": 30000088,
        "weightedAverageShsOutDil": 30000088,
        "link": "https://www.sec.gov/Archives/edgar/data/1123452/000110465924110650/0001104659-24-110650-index.htm",
        "finalLink": "https://www.sec.gov/Archives/edgar/data/1123452/000110465924110650/tm2426674d1_ex99-1.htm"
    },
    {
        "date": "2024-06-30",
        "symbol": "ASR",
        "reportedCurrency": "MXN",
        "cik": "0001123452",
        "fillingDate": "2024-06-30",
        "acceptedDate": "2024-06-29 20:00:00",
        "calendarYear": "2024",
        "period": "Q2",
        "revenue": 7394010000,
        "costOfRevenue": 135773000,
        "grossProfit": 7258237000,
        "grossProfitRatio": 0.9816374335,
        "researchAndDevelopmentExpenses": 0,
        "generalAndAdministrativeExpenses": 2915313000,
        "sellingAndMarketingExpenses": 0,
        "sellingGeneralAndAdministrativeExpenses": 2915313000,
        "otherExpenses": 0,
        "operatingExpenses": 2915313000,
        "costAndExpenses": 3051086000,
        "interestIncome": 372072000,
        "interestExpense": 0,
        "depreciationAndAmortization": 565384000,
        "ebitda": 4908308000,
        "ebitdaratio": 0.663822202,
        "operatingIncome": 4342924000,
        "operatingIncomeRatio": 0.5873570634,
        "totalOtherIncomeExpensesNet": 1206113000,
        "incomeBeforeTax": 5549037000,
        "incomeBeforeTaxRatio": 0.7504773459,
        "incomeTaxExpense": 1769624000,
        "netIncome": 3673567000,
        "netIncomeRatio": 0.4968301368,
        "eps": 122.5,
        "epsdiluted": 122.5,
        "weightedAverageShsOut": 30000100,
        "weightedAverageShsOutDil": 30000100,
        "link": "",
        "finalLink": ""
    },
    {
        "date": "2024-03-31",
        "symbol": "ASR",
        "reportedCurrency": "MXN",
        "cik": "0001123452",
        "fillingDate": "2024-03-31",
        "acceptedDate": "2024-03-30 20:00:00",
        "calendarYear": "2024",
        "period": "Q1",
        "revenue": 7434907000,
        "costOfRevenue": 2030410000,
        "grossProfit": 5404497000,
        "grossProfitRatio": 0.7269084872,
        "researchAndDevelopmentExpenses": 0,
        "generalAndAdministrativeExpenses": 79019000,
        "sellingAndMarketingExpenses": 0,
        "sellingGeneralAndAdministrativeExpenses": 79019000,
        "otherExpenses": 746255000,
        "operatingExpenses": 825274000,
        "costAndExpenses": 2855684000,
        "interestIncome": 409725000,
        "interestExpense": 255402000,
        "depreciationAndAmortization": 543718000,
        "ebitda": 5121349000,
        "ebitdaratio": 0.6888248905,
        "operatingIncome": 4579223000,
        "operatingIncomeRatio": 0.6159085783,
        "totalOtherIncomeExpensesNet": -44723000,
        "incomeBeforeTax": 4534500000,
        "incomeBeforeTaxRatio": 0.6098933047,
        "incomeTaxExpense": 1347746000,
        "netIncome": 3082091000,
        "netIncomeRatio": 0.4145433157,
        "eps": 102.7,
        "epsdiluted": 102.7,
        "weightedAverageShsOut": 30000107,
        "weightedAverageShsOutDil": 30000107,
        "link": "",
        "finalLink": ""
    },
    {
        "date": "2023-12-31",
        "symbol": "ASR",
        "reportedCurrency": "MXN",
        "cik": "0001123452",
        "fillingDate": "2024-04-15",
        "acceptedDate": "2024-04-15 16:17:38",
        "calendarYear": "2023",
        "period": "Q4",
        "revenue": 6876941000,
        "costOfRevenue": 4800351000,
        "grossProfit": 2076590000,
        "grossProfitRatio": 0.3019642018,
        "researchAndDevelopmentExpenses": 0,
        "generalAndAdministrativeExpenses": 81987000,
        "sellingAndMarketingExpenses": 0,
        "sellingGeneralAndAdministrativeExpenses": 81987000,
        "otherExpenses": -1652660000,
        "operatingExpenses": -1570673000,
        "costAndExpenses": 3229678000,
        "interestIncome": 492817000,
        "interestExpense": 259747000,
        "depreciationAndAmortization": 524144000,
        "ebitda": 4167781000,
        "ebitdaratio": 0.606051586,
        "operatingIncome": 3647263000,
        "operatingIncomeRatio": 0.5303612464,
        "totalOtherIncomeExpensesNet": 97642000,
        "incomeBeforeTax": 3744905000,
        "incomeBeforeTaxRatio": 0.5445597105,
        "incomeTaxExpense": 1127762000,
        "netIncome": 2537108000,
        "netIncomeRatio": 0.368929732,
        "eps": 84.6,
        "epsdiluted": 84.5,
        "weightedAverageShsOut": 30008529,
        "weightedAverageShsOutDil": 30000094,
        "link": "https://www.sec.gov/Archives/edgar/data/1123452/000110465924047281/0001104659-24-047281-index.htm",
        "finalLink": "https://www.sec.gov/Archives/edgar/data/1123452/000110465924047281/asurb-20231231x20f.htm"
    },
    {
        "date": "2023-09-30",
        "symbol": "ASR",
        "reportedCurrency": "MXN",
        "cik": "0001123452",
        "fillingDate": "2023-09-30",
        "acceptedDate": "2023-09-29 20:00:00",
        "calendarYear": "2023",
        "period": "Q3",
        "revenue": 6338851000,
        "costOfRevenue": 2031948000,
        "grossProfit": 4306903000,
        "grossProfitRatio": 0.6794453758,
        "researchAndDevelopmentExpenses": 0,
        "generalAndAdministrativeExpenses": 83647000,
        "sellingAndMarketingExpenses": 0,
        "sellingGeneralAndAdministrativeExpenses": 83647000,
        "otherExpenses": 0,
        "operatingExpenses": 628369000,
        "costAndExpenses": 2660317000,
        "interestIncome": 294770000,
        "interestExpense": 278445000,
        "depreciationAndAmortization": 519916000,
        "ebitda": 4198825000,
        "ebitdaratio": 0.6623952827,
        "operatingIncome": 3678534000,
        "operatingIncomeRatio": 0.5803155809,
        "totalOtherIncomeExpensesNet": 136752000,
        "incomeBeforeTax": 3815286000,
        "incomeBeforeTaxRatio": 0.6018892067,
        "incomeTaxExpense": 1008143000,
        "netIncome": 2709532000,
        "netIncomeRatio": 0.4274484445,
        "eps": 90.3,
        "epsdiluted": 90.3,
        "weightedAverageShsOut": 29999911,
        "weightedAverageShsOutDil": 29999911,
        "link": "",
        "finalLink": ""
    },
    {
        "date": "2023-06-30",
        "symbol": "ASR",
        "reportedCurrency": "MXN",
        "cik": "0001123452",
        "fillingDate": "2023-06-30",
        "acceptedDate": "2023-06-29 20:00:00",
        "calendarYear": "2023",
        "period": "Q2",
        "revenue": 6156443000,
        "costOfRevenue": 1635987000,
        "grossProfit": 4520456000,
        "grossProfitRatio": 0.7342642497,
        "researchAndDevelopmentExpenses": 0,
        "generalAndAdministrativeExpenses": 76325000,
        "sellingAndMarketingExpenses": 0,
        "sellingGeneralAndAdministrativeExpenses": 76325000,
        "otherExpenses": 540054000,
        "operatingExpenses": 616379000,
        "costAndExpenses": 2252366000,
        "interestIncome": 296670000,
        "interestExpense": 281678000,
        "depreciationAndAmortization": 508354000,
        "ebitda": 4410860000,
        "ebitdaratio": 0.7164624118,
        "operatingIncome": 3904077000,
        "operatingIncomeRatio": 0.6341449113,
        "totalOtherIncomeExpensesNet": -329992000,
        "incomeBeforeTax": 3574085000,
        "incomeBeforeTaxRatio": 0.5805438303,
        "incomeTaxExpense": 924672000,
        "netIncome": 2444711000,
        "netIncomeRatio": 0.3970979671,
        "eps": 81.5,
        "epsdiluted": 81.5,
        "weightedAverageShsOut": 30000135,
        "weightedAverageShsOutDil": 30000135,
        "link": "",
        "finalLink": ""
    },
    {
        "date": "2023-03-31",
        "symbol": "ASR",
        "reportedCurrency": "MXN",
        "cik": "0001123452",
        "fillingDate": "2023-03-31",
        "acceptedDate": "2023-03-31 00:00:00",
        "calendarYear": "2023",
        "period": "Q1",
        "revenue": 6449409000,
        "costOfRevenue": 1790633000,
        "grossProfit": 4658776000,
        "grossProfitRatio": 0.7223570408,
        "researchAndDevelopmentExpenses": 0,
        "generalAndAdministrativeExpenses": 77241000,
        "sellingAndMarketingExpenses": 0,
        "sellingGeneralAndAdministrativeExpenses": 77241000,
        "otherExpenses": 567884000,
        "operatingExpenses": 645125000,
        "costAndExpenses": 2435758000,
        "interestIncome": 265060000,
        "interestExpense": 305992000,
        "depreciationAndAmortization": 516743000,
        "ebitda": 4528876000,
        "ebitdaratio": 0.7022156604,
        "operatingIncome": 4013651000,
        "operatingIncomeRatio": 0.6223284955,
        "totalOtherIncomeExpensesNet": -527840000,
        "incomeBeforeTax": 3485811000,
        "incomeBeforeTaxRatio": 0.5404853375,
        "incomeTaxExpense": 883566000,
        "netIncome": 2512362000,
        "netIncomeRatio": 0.3895491819,
        "eps": 83.7,
        "epsdiluted": 83.7,
        "weightedAverageShsOut": 30000143,
        "weightedAverageShsOutDil": 30000143,
        "link": "",
        "finalLink": ""
    },
    {
        "date": "2022-12-31",
        "symbol": "ASR",
        "reportedCurrency": "MXN",
        "cik": "0001123452",
        "fillingDate": "2022-12-31",
        "acceptedDate": "2022-12-30 19:00:00",
        "calendarYear": "2022",
        "period": "Q4",
        "revenue": 7273564000,
        "costOfRevenue": 2534909000,
        "grossProfit": 4738655000,
        "grossProfitRatio": 0.6514901086,
        "researchAndDevelopmentExpenses": 0,
        "generalAndAdministrativeExpenses": 70891000,
        "sellingAndMarketingExpenses": 0,
        "sellingGeneralAndAdministrativeExpenses": 70891000,
        "otherExpenses": 772984000,
        "operatingExpenses": 843875000,
        "costAndExpenses": 3378784000,
        "interestIncome": 187118000,
        "interestExpense": 311205000,
        "depreciationAndAmortization": 532247000,
        "ebitda": 4443311000,
        "ebitdaratio": 0.6108849802,
        "operatingIncome": 3894780000,
        "operatingIncomeRatio": 0.5354706441,
        "totalOtherIncomeExpensesNet": -294921000,
        "incomeBeforeTax": 3599859000,
        "incomeBeforeTaxRatio": 0.4949236715,
        "incomeTaxExpense": 850108000,
        "netIncome": 2561220000,
        "netIncomeRatio": 0.3521272378,
        "eps": 85.4,
        "epsdiluted": 85.4,
        "weightedAverageShsOut": 30000000,
        "weightedAverageShsOutDil": 30000000,
        "link": "",
        "finalLink": ""
    },
    {
        "date": "2022-09-30",
        "symbol": "ASR",
        "reportedCurrency": "MXN",
        "cik": "0001123452",
        "fillingDate": "2022-09-30",
        "acceptedDate": "2022-09-29 20:00:00",
        "calendarYear": "2022",
        "period": "Q3",
        "revenue": 6294804000,
        "costOfRevenue": 1989745000,
        "grossProfit": 4305059000,
        "grossProfitRatio": 0.6839067587,
        "researchAndDevelopmentExpenses": 0,
        "generalAndAdministrativeExpenses": 609234000,
        "sellingAndMarketingExpenses": 0,
        "sellingGeneralAndAdministrativeExpenses": 609234000,
        "otherExpenses": -301000,
        "operatingExpenses": 608933000,
        "costAndExpenses": 2598678000,
        "interestIncome": 108646000,
        "interestExpense": 297384000,
        "depreciationAndAmortization": 522826000,
        "ebitda": 4217377000,
        "ebitdaratio": 0.6699774925,
        "operatingIncome": 3696126000,
        "operatingIncomeRatio": 0.5871709429,
        "totalOtherIncomeExpensesNet": -185187000,
        "incomeBeforeTax": 3510939000,
        "incomeBeforeTaxRatio": 0.5577519173,
        "incomeTaxExpense": 832564000,
        "netIncome": 2546504000,
        "netIncomeRatio": 0.4045406338,
        "eps": 84.9,
        "epsdiluted": 84.9,
        "weightedAverageShsOut": 30000164,
        "weightedAverageShsOutDil": 30000164,
        "link": "",
        "finalLink": ""
    },
    {
        "date": "2022-06-30",
        "symbol": "ASR",
        "reportedCurrency": "MXN",
        "cik": "0001123452",
        "fillingDate": "2022-06-30",
        "acceptedDate": "2022-06-29 20:00:00",
        "calendarYear": "2022",
        "period": "Q2",
        "revenue": 6319709000,
        "costOfRevenue": 1988329000,
        "grossProfit": 4331380000,
        "grossProfitRatio": 0.6853764944,
        "researchAndDevelopmentExpenses": 0,
        "generalAndAdministrativeExpenses": 621511000,
        "sellingAndMarketingExpenses": 0,
        "sellingGeneralAndAdministrativeExpenses": 621511000,
        "otherExpenses": 0,
        "operatingExpenses": 621511000,
        "costAndExpenses": 2609840000,
        "interestIncome": 74129000,
        "interestExpense": 20828000,
        "depreciationAndAmortization": 505837000,
        "ebitda": 4344855000,
        "ebitdaratio": 0.6875087128,
        "operatingIncome": 3709869000,
        "operatingIncomeRatio": 0.5870316181,
        "totalOtherIncomeExpensesNet": 108321000,
        "incomeBeforeTax": 3818190000,
        "incomeBeforeTaxRatio": 0.604171806,
        "incomeTaxExpense": 973721000,
        "netIncome": 2661548000,
        "netIncomeRatio": 0.4211504042,
        "eps": 88.7,
        "epsdiluted": 88.7,
        "weightedAverageShsOut": 30000090,
        "weightedAverageShsOutDil": 30000090,
        "link": "",
        "finalLink": ""
    },
    {
        "date": "2022-03-31",
        "symbol": "ASR",
        "reportedCurrency": "MXN",
        "cik": "0001123452",
        "fillingDate": "2022-03-31",
        "acceptedDate": "2022-03-30 20:00:00",
        "calendarYear": "2022",
        "period": "Q1",
        "revenue": 5425805000,
        "costOfRevenue": 1561717000,
        "grossProfit": 3864088000,
        "grossProfitRatio": 0.7121686091,
        "researchAndDevelopmentExpenses": 0,
        "generalAndAdministrativeExpenses": 535828000,
        "sellingAndMarketingExpenses": 0,
        "sellingGeneralAndAdministrativeExpenses": 535828000,
        "otherExpenses": -45547000,
        "operatingExpenses": 490281000,
        "costAndExpenses": 2051998000,
        "interestIncome": 80368000,
        "interestExpense": 226101000,
        "depreciationAndAmortization": 498327000,
        "ebitda": 3872134000,
        "ebitdaratio": 0.7136515227,
        "operatingIncome": 3373807000,
        "operatingIncomeRatio": 0.6218076396,
        "totalOtherIncomeExpensesNet": -241629000,
        "incomeBeforeTax": 3132178000,
        "incomeBeforeTaxRatio": 0.5772743399,
        "incomeTaxExpense": 782416000,
        "netIncome": 2193709000,
        "netIncomeRatio": 0.4043103281,
        "eps": 73.1,
        "epsdiluted": 73.1,
        "weightedAverageShsOut": 29999849,
        "weightedAverageShsOutDil": 29999849,
        "link": "",
        "finalLink": ""
    },
    {
        "date": "2021-12-31",
        "symbol": "ASR",
        "reportedCurrency": "MXN",
        "cik": "0001123452",
        "fillingDate": "2021-12-31",
        "acceptedDate": "2021-12-30 19:00:00",
        "calendarYear": "2021",
        "period": "Q4",
        "revenue": 6789564000,
        "costOfRevenue": 3024901000,
        "grossProfit": 3764663000,
        "grossProfitRatio": 0.5544778722,
        "researchAndDevelopmentExpenses": 0,
        "generalAndAdministrativeExpenses": 480051000,
        "sellingAndMarketingExpenses": 0,
        "sellingGeneralAndAdministrativeExpenses": 480051000,
        "otherExpenses": 495166000,
        "operatingExpenses": 975217000,
        "costAndExpenses": 4000118000,
        "interestIncome": 66826000,
        "interestExpense": 223977000,
        "depreciationAndAmortization": 495166000,
        "ebitda": 3282956000,
        "ebitdaratio": 0.483529723,
        "operatingIncome": 2789446000,
        "operatingIncomeRatio": 0.4108431705,
        "totalOtherIncomeExpensesNet": -156030000,
        "incomeBeforeTax": 2633416000,
        "incomeBeforeTaxRatio": 0.3878623134,
        "incomeTaxExpense": 561233000,
        "netIncome": 2013123000,
        "netIncomeRatio": 0.2965025442,
        "eps": 67.1,
        "epsdiluted": 67.1,
        "weightedAverageShsOut": 30000044,
        "weightedAverageShsOutDil": 30000044,
        "link": "",
        "finalLink": ""
    },
    {
        "date": "2021-09-30",
        "symbol": "ASR",
        "reportedCurrency": "MXN",
        "cik": "0001123452",
        "fillingDate": "2021-09-30",
        "acceptedDate": "2021-09-29 20:00:00",
        "calendarYear": "2021",
        "period": "Q3",
        "revenue": 4866106000,
        "costOfRevenue": 1327049000,
        "grossProfit": 3539057000,
        "grossProfitRatio": 0.7272872806,
        "researchAndDevelopmentExpenses": 0,
        "generalAndAdministrativeExpenses": 464033000,
        "sellingAndMarketingExpenses": 0,
        "sellingGeneralAndAdministrativeExpenses": 464033000,
        "otherExpenses": 504204000,
        "operatingExpenses": 968237000,
        "costAndExpenses": 2295286000,
        "interestIncome": 48119000,
        "interestExpense": 203934000,
        "depreciationAndAmortization": 504204000,
        "ebitda": 3073442000,
        "ebitdaratio": 0.6316019421,
        "operatingIncome": 2570820000,
        "operatingIncomeRatio": 0.5283115493,
        "totalOtherIncomeExpensesNet": -56949000,
        "incomeBeforeTax": 2513871000,
        "incomeBeforeTaxRatio": 0.5166083517,
        "incomeTaxExpense": 556420000,
        "netIncome": 1793950000,
        "netIncomeRatio": 0.3686623349,
        "eps": 59.8,
        "epsdiluted": 59.8,
        "weightedAverageShsOut": 30000167,
        "weightedAverageShsOutDil": 30000167,
        "link": "",
        "finalLink": ""
    },
    {
        "date": "2021-06-30",
        "symbol": "ASR",
        "reportedCurrency": "MXN",
        "cik": "0001123452",
        "fillingDate": "2021-06-30",
        "acceptedDate": "2021-06-29 20:00:00",
        "calendarYear": "2021",
        "period": "Q2",
        "revenue": 4229281000,
        "costOfRevenue": 1351873000,
        "grossProfit": 2877408000,
        "grossProfitRatio": 0.680353942,
        "researchAndDevelopmentExpenses": 0,
        "generalAndAdministrativeExpenses": 375158000,
        "sellingAndMarketingExpenses": 0,
        "sellingGeneralAndAdministrativeExpenses": 375158000,
        "otherExpenses": 492360000,
        "operatingExpenses": 867518000,
        "costAndExpenses": 2219391000,
        "interestIncome": 51931000,
        "interestExpense": 189310000,
        "depreciationAndAmortization": 492360000,
        "ebitda": 2513242000,
        "ebitdaratio": 0.594248053,
        "operatingIncome": 2009890000,
        "operatingIncomeRatio": 0.4752320785,
        "totalOtherIncomeExpensesNet": -181452000,
        "incomeBeforeTax": 1828438000,
        "incomeBeforeTaxRatio": 0.4323283319,
        "incomeTaxExpense": 498650000,
        "netIncome": 1231659000,
        "netIncomeRatio": 0.2912218413,
        "eps": 41.1,
        "epsdiluted": 41.1,
        "weightedAverageShsOut": 30000219,
        "weightedAverageShsOutDil": 30000219,
        "link": "",
        "finalLink": ""
    },
    {
        "date": "2021-03-31",
        "symbol": "ASR",
        "reportedCurrency": "MXN",
        "cik": "0001123452",
        "fillingDate": "2021-03-31",
        "acceptedDate": "2021-03-30 20:00:00",
        "calendarYear": "2021",
        "period": "Q1",
        "revenue": 2899710000,
        "costOfRevenue": 836626000,
        "grossProfit": 2063084000,
        "grossProfitRatio": 0.7114794238,
        "researchAndDevelopmentExpenses": 0,
        "generalAndAdministrativeExpenses": 286517000,
        "sellingAndMarketingExpenses": 0,
        "sellingGeneralAndAdministrativeExpenses": 286517000,
        "otherExpenses": 489050000,
        "operatingExpenses": 775567000,
        "costAndExpenses": 1612193000,
        "interestIncome": 35270000,
        "interestExpense": 225165000,
        "depreciationAndAmortization": 489050000,
        "ebitda": 1774908000,
        "ebitdaratio": 0.6120984512,
        "operatingIncome": 1287517000,
        "operatingIncomeRatio": 0.4440157809,
        "totalOtherIncomeExpensesNet": -137208000,
        "incomeBeforeTax": 1150309000,
        "incomeBeforeTaxRatio": 0.3966979457,
        "incomeTaxExpense": 112204000,
        "netIncome": 945012000,
        "netIncomeRatio": 0.3258987968,
        "eps": 31.5,
        "epsdiluted": 31.5,
        "weightedAverageShsOut": 30000381,
        "weightedAverageShsOutDil": 30000381,
        "link": "",
        "finalLink": ""
    },
    {
        "date": "2020-12-31",
        "symbol": "ASR",
        "reportedCurrency": "MXN",
        "cik": "0001123452",
        "fillingDate": "2020-12-31",
        "acceptedDate": "2020-12-30 19:00:00",
        "calendarYear": "2020",
        "period": "Q4",
        "revenue": 4253658000,
        "costOfRevenue": 2440214000,
        "grossProfit": 1813444000,
        "grossProfitRatio": 0.4263257648,
        "researchAndDevelopmentExpenses": 0,
        "generalAndAdministrativeExpenses": 256631000,
        "sellingAndMarketingExpenses": 0,
        "sellingGeneralAndAdministrativeExpenses": 256631000,
        "otherExpenses": -1482268000,
        "operatingExpenses": 709129000,
        "costAndExpenses": 3149343000,
        "interestIncome": 42031000,
        "interestExpense": 210113000,
        "depreciationAndAmortization": 452498000,
        "ebitda": 1555134000,
        "ebitdaratio": 0.365599209,
        "operatingIncome": 1104315000,
        "operatingIncomeRatio": 0.2596153711,
        "totalOtherIncomeExpensesNet": -359224000,
        "incomeBeforeTax": 745091000,
        "incomeBeforeTaxRatio": 0.1751647641,
        "incomeTaxExpense": 165020000,
        "netIncome": 503077000,
        "netIncomeRatio": 0.1182692638,
        "eps": 16.8,
        "epsdiluted": 16.8,
        "weightedAverageShsOut": 30000417,
        "weightedAverageShsOutDil": 30000417,
        "link": "",
        "finalLink": ""
    },
    {
        "date": "2020-09-30",
        "symbol": "ASR",
        "reportedCurrency": "MXN",
        "cik": "0001123452",
        "fillingDate": "2020-09-30",
        "acceptedDate": "2020-09-29 20:00:00",
        "calendarYear": "2020",
        "period": "Q3",
        "revenue": 2447072000,
        "costOfRevenue": 1403714000,
        "grossProfit": 1043358000,
        "grossProfitRatio": 0.4263699638,
        "researchAndDevelopmentExpenses": 0,
        "generalAndAdministrativeExpenses": 175721000,
        "sellingAndMarketingExpenses": 0,
        "sellingGeneralAndAdministrativeExpenses": 175721000,
        "otherExpenses": 498052000,
        "operatingExpenses": 673773000,
        "costAndExpenses": 2077487000,
        "interestIncome": 55500000,
        "interestExpense": 183663000,
        "depreciationAndAmortization": 492059000,
        "ebitda": 859971000,
        "ebitdaratio": 0.3514285644,
        "operatingIncome": 369585000,
        "operatingIncomeRatio": 0.1510315185,
        "totalOtherIncomeExpensesNet": -227927000,
        "incomeBeforeTax": 141658000,
        "incomeBeforeTaxRatio": 0.0578887748,
        "incomeTaxExpense": -5369000,
        "netIncome": 105155000,
        "netIncomeRatio": 0.0429717638,
        "eps": 3.5,
        "epsdiluted": 3.5,
        "weightedAverageShsOut": 30001426,
        "weightedAverageShsOutDil": 30001426,
        "link": "",
        "finalLink": ""
    },
    {
        "date": "2020-06-30",
        "symbol": "ASR",
        "reportedCurrency": "MXN",
        "cik": "0001123452",
        "fillingDate": "2020-06-30",
        "acceptedDate": "2020-06-29 20:00:00",
        "calendarYear": "2020",
        "period": "Q2",
        "revenue": 1767005000,
        "costOfRevenue": 1655785000,
        "grossProfit": 111220000,
        "grossProfitRatio": 0.0629426629,
        "researchAndDevelopmentExpenses": 0,
        "generalAndAdministrativeExpenses": 54462000,
        "sellingAndMarketingExpenses": 0,
        "sellingGeneralAndAdministrativeExpenses": 54462000,
        "otherExpenses": 518600000,
        "operatingExpenses": 573062000,
        "costAndExpenses": 2228847000,
        "interestIncome": 83655000,
        "interestExpense": 261865000,
        "depreciationAndAmortization": 510797000,
        "ebitda": 130303000,
        "ebitdaratio": 0.0737422927,
        "operatingIncome": -461842000,
        "operatingIncomeRatio": -0.2613699452,
        "totalOtherIncomeExpensesNet": -180517000,
        "incomeBeforeTax": -642359000,
        "incomeBeforeTaxRatio": -0.3635298146,
        "incomeTaxExpense": -76862000,
        "netIncome": -520284000,
        "netIncomeRatio": -0.2944439886,
        "eps": -17.34,
        "epsdiluted": -17.34,
        "weightedAverageShsOut": 29999654,
        "weightedAverageShsOutDil": 29999654,
        "link": "",
        "finalLink": ""
    },
    {
        "date": "2020-03-31",
        "symbol": "ASR",
        "reportedCurrency": "MXN",
        "cik": "0001123452",
        "fillingDate": "2020-03-31",
        "acceptedDate": "2020-03-30 20:00:00",
        "calendarYear": "2020",
        "period": "Q1",
        "revenue": 4156996000,
        "costOfRevenue": 1125946000,
        "grossProfit": 3031050000,
        "grossProfitRatio": 0.7291443148,
        "researchAndDevelopmentExpenses": 0,
        "generalAndAdministrativeExpenses": 411261000,
        "sellingAndMarketingExpenses": 0,
        "sellingGeneralAndAdministrativeExpenses": 411261000,
        "otherExpenses": 355671000,
        "operatingExpenses": 766932000,
        "costAndExpenses": 1892878000,
        "interestIncome": 81184000,
        "interestExpense": 270670000,
        "depreciationAndAmortization": 479412000,
        "ebitda": 2741871000,
        "ebitdaratio": 0.6595798986,
        "operatingIncome": 2264118000,
        "operatingIncomeRatio": 0.5446524365,
        "totalOtherIncomeExpensesNet": 347184000,
        "incomeBeforeTax": 2611302000,
        "incomeBeforeTaxRatio": 0.6281704385,
        "incomeTaxExpense": 646366000,
        "netIncome": 1884371000,
        "netIncomeRatio": 0.4533011338,
        "eps": 62.8,
        "epsdiluted": 62.8,
        "weightedAverageShsOut": 30000175,
        "weightedAverageShsOutDil": 30000175,
        "link": "",
        "finalLink": ""
    },
    {
        "date": "2019-12-31",
        "symbol": "ASR",
        "reportedCurrency": "MXN",
        "cik": "0001123452",
        "fillingDate": "2019-12-31",
        "acceptedDate": "2019-12-30 19:00:00",
        "calendarYear": "2019",
        "period": "Q4",
        "revenue": 4544643000,
        "costOfRevenue": 1701866000,
        "grossProfit": 2842777000,
        "grossProfitRatio": 0.6255226208,
        "researchAndDevelopmentExpenses": 0,
        "generalAndAdministrativeExpenses": 407060000,
        "sellingAndMarketingExpenses": 0,
        "sellingGeneralAndAdministrativeExpenses": 407060000,
        "otherExpenses": -1391163000,
        "operatingExpenses": 852794000,
        "costAndExpenses": 2554660000,
        "interestIncome": 70869000,
        "interestExpense": 246268000,
        "depreciationAndAmortization": 446379000,
        "ebitda": 2367774000,
        "ebitdaratio": 0.5210032999,
        "operatingIncome": 1989983000,
        "operatingIncomeRatio": 0.4378744381,
        "totalOtherIncomeExpensesNet": -314857000,
        "incomeBeforeTax": 1675127000,
        "incomeBeforeTaxRatio": 0.3685937487,
        "incomeTaxExpense": 374580000,
        "netIncome": 1256005000,
        "netIncomeRatio": 0.2763704432,
        "eps": 41.9,
        "epsdiluted": 41.9,
        "weightedAverageShsOut": 29999904,
        "weightedAverageShsOutDil": 29999904,
        "link": "",
        "finalLink": ""
    },
    {
        "date": "2019-09-30",
        "symbol": "ASR",
        "reportedCurrency": "MXN",
        "cik": "0001123452",
        "fillingDate": "2019-09-30",
        "acceptedDate": "2019-09-29 20:00:00",
        "calendarYear": "2019",
        "period": "Q3",
        "revenue": 4106266000,
        "costOfRevenue": 1217375000,
        "grossProfit": 2888891000,
        "grossProfitRatio": 0.7035323576,
        "researchAndDevelopmentExpenses": 0,
        "generalAndAdministrativeExpenses": 413288000,
        "sellingAndMarketingExpenses": 0,
        "sellingGeneralAndAdministrativeExpenses": 413288000,
        "otherExpenses": 448993000,
        "operatingExpenses": 862281000,
        "costAndExpenses": 2079656000,
        "interestIncome": 73708000,
        "interestExpense": 279890000,
        "depreciationAndAmortization": 448993000,
        "ebitda": 2475603000,
        "ebitdaratio": 0.6028842262,
        "operatingIncome": 2026610000,
        "operatingIncomeRatio": 0.4935408471,
        "totalOtherIncomeExpensesNet": -135794000,
        "incomeBeforeTax": 1890816000,
        "incomeBeforeTaxRatio": 0.4604708998,
        "incomeTaxExpense": 550384000,
        "netIncome": 1314628000,
        "netIncomeRatio": 0.3201516901,
        "eps": 43.8,
        "epsdiluted": 43.8,
        "weightedAverageShsOut": 29999954,
        "weightedAverageShsOutDil": 29999954,
        "link": "",
        "finalLink": ""
    },
    {
        "date": "2019-06-30",
        "symbol": "ASR",
        "reportedCurrency": "MXN",
        "cik": "0001123452",
        "fillingDate": "2019-06-30",
        "acceptedDate": "2019-06-29 20:00:00",
        "calendarYear": "2019",
        "period": "Q2",
        "revenue": 4069379000,
        "costOfRevenue": 1072975000,
        "grossProfit": 2996404000,
        "grossProfitRatio": 0.7363295481,
        "researchAndDevelopmentExpenses": 0,
        "generalAndAdministrativeExpenses": 60555000,
        "sellingAndMarketingExpenses": 0,
        "sellingGeneralAndAdministrativeExpenses": 60555000,
        "otherExpenses": 687965000,
        "operatingExpenses": 748520000,
        "costAndExpenses": 1821495000,
        "interestIncome": 87877000,
        "interestExpense": 177563000,
        "depreciationAndAmortization": 495433000,
        "ebitda": 2743317000,
        "ebitdaratio": 0.6741365206,
        "operatingIncome": 2247884000,
        "operatingIncomeRatio": 0.5523899347,
        "totalOtherIncomeExpensesNet": -177563000,
        "incomeBeforeTax": 2070321000,
        "incomeBeforeTaxRatio": 0.5087560043,
        "incomeTaxExpense": 546815000,
        "netIncome": 1426741000,
        "netIncomeRatio": 0.3506041094,
        "eps": 47.56,
        "epsdiluted": 47.56,
        "weightedAverageShsOut": 30000021,
        "weightedAverageShsOutDil": 30000021,
        "link": "",
        "finalLink": ""
    },
    {
        "date": "2019-03-31",
        "symbol": "ASR",
        "reportedCurrency": "MXN",
        "cik": "0001123452",
        "fillingDate": "2019-03-31",
        "acceptedDate": "2019-03-30 20:00:00",
        "calendarYear": "2019",
        "period": "Q1",
        "revenue": 4101350000,
        "costOfRevenue": 1068849000,
        "grossProfit": 3032501000,
        "grossProfitRatio": 0.7393909323,
        "researchAndDevelopmentExpenses": 0,
        "generalAndAdministrativeExpenses": 411036000,
        "sellingAndMarketingExpenses": 0,
        "sellingGeneralAndAdministrativeExpenses": 411036000,
        "otherExpenses": 404648000,
        "operatingExpenses": 815684000,
        "costAndExpenses": 1884533000,
        "interestIncome": 111159000,
        "interestExpense": 284404000,
        "depreciationAndAmortization": 446092000,
        "ebitda": 2662909000,
        "ebitdaratio": 0.6492762139,
        "operatingIncome": 2216817000,
        "operatingIncomeRatio": 0.5405091007,
        "totalOtherIncomeExpensesNet": -191344000,
        "incomeBeforeTax": 2025473000,
        "incomeBeforeTaxRatio": 0.493855194,
        "incomeTaxExpense": 506322000,
        "netIncome": 1468449000,
        "netIncomeRatio": 0.3580404013,
        "eps": 48.9,
        "epsdiluted": 48.9,
        "weightedAverageShsOut": 30000183,
        "weightedAverageShsOutDil": 30000183,
        "link": "",
        "finalLink": ""
    },
    {
        "date": "2018-12-31",
        "symbol": "ASR",
        "reportedCurrency": "MXN",
        "cik": "0001123452",
        "fillingDate": "2018-12-31",
        "acceptedDate": "2018-12-30 19:00:00",
        "calendarYear": "2018",
        "period": "Q4",
        "revenue": 3924232000,
        "costOfRevenue": 1301202000,
        "grossProfit": 2623030000,
        "grossProfitRatio": 0.6684186868,
        "researchAndDevelopmentExpenses": 0,
        "generalAndAdministrativeExpenses": 384413000,
        "sellingAndMarketingExpenses": 0,
        "sellingGeneralAndAdministrativeExpenses": 384413000,
        "otherExpenses": -1649823000,
        "operatingExpenses": 495330000,
        "costAndExpenses": 1796532000,
        "interestIncome": 71611000,
        "interestExpense": 315788000,
        "depreciationAndAmortization": 245555000,
        "ebitda": 2238614000,
        "ebitdaratio": 0.570459137,
        "operatingIncome": 2127700000,
        "operatingIncomeRatio": 0.5421952627,
        "totalOtherIncomeExpensesNet": -189514000,
        "incomeBeforeTax": 1938186000,
        "incomeBeforeTaxRatio": 0.4939019915,
        "incomeTaxExpense": 390438000,
        "netIncome": 1458589000,
        "netIncomeRatio": 0.3716877595,
        "eps": 48.6,
        "epsdiluted": 48.6,
        "weightedAverageShsOut": 29999835,
        "weightedAverageShsOutDil": 29999835,
        "link": "",
        "finalLink": ""
    },
    {
        "date": "2018-09-30",
        "symbol": "ASR",
        "reportedCurrency": "MXN",
        "cik": "0001123452",
        "fillingDate": "2018-09-30",
        "acceptedDate": "2018-09-29 20:00:00",
        "calendarYear": "2018",
        "period": "Q3",
        "revenue": 3682047000,
        "costOfRevenue": 1108282000,
        "grossProfit": 2573765000,
        "grossProfitRatio": 0.6990038422,
        "researchAndDevelopmentExpenses": 0,
        "generalAndAdministrativeExpenses": 375376000,
        "sellingAndMarketingExpenses": 0,
        "sellingGeneralAndAdministrativeExpenses": 375376000,
        "otherExpenses": 541854000,
        "operatingExpenses": 917230000,
        "costAndExpenses": 2025512000,
        "interestIncome": 58148000,
        "interestExpense": 298931000,
        "depreciationAndAmortization": 541854000,
        "ebitda": 2198389000,
        "ebitdaratio": 0.5970562027,
        "operatingIncome": 1656535000,
        "operatingIncomeRatio": 0.4498951263,
        "totalOtherIncomeExpensesNet": -280275000,
        "incomeBeforeTax": 1376260000,
        "incomeBeforeTaxRatio": 0.3737757829,
        "incomeTaxExpense": 369686000,
        "netIncome": 988054000,
        "netIncomeRatio": 0.2683436686,
        "eps": 32.9,
        "epsdiluted": 32.9,
        "weightedAverageShsOut": 30000121,
        "weightedAverageShsOutDil": 30000121,
        "link": "",
        "finalLink": ""
    },
    {
        "date": "2018-06-30",
        "symbol": "ASR",
        "reportedCurrency": "MXN",
        "cik": "0001123452",
        "fillingDate": "2018-06-30",
        "acceptedDate": "2018-06-29 20:00:00",
        "calendarYear": "2018",
        "period": "Q2",
        "revenue": 3887392000,
        "costOfRevenue": 1181279000,
        "grossProfit": 2706113000,
        "grossProfitRatio": 0.6961255773,
        "researchAndDevelopmentExpenses": 0,
        "generalAndAdministrativeExpenses": 384830000,
        "sellingAndMarketingExpenses": 0,
        "sellingGeneralAndAdministrativeExpenses": 384830000,
        "otherExpenses": 523945000,
        "operatingExpenses": 908775000,
        "costAndExpenses": 2090054000,
        "interestIncome": 80617000,
        "interestExpense": 304425000,
        "depreciationAndAmortization": 523944000,
        "ebitda": 2321282000,
        "ebitdaratio": 0.5971309299,
        "operatingIncome": 1797338000,
        "operatingIncomeRatio": 0.4623505939,
        "totalOtherIncomeExpensesNet": -196138000,
        "incomeBeforeTax": 1601200000,
        "incomeBeforeTaxRatio": 0.4118956874,
        "incomeTaxExpense": 502797000,
        "netIncome": 1086332000,
        "netIncomeRatio": 0.2794500786,
        "eps": 36.2,
        "epsdiluted": 36.2,
        "weightedAverageShsOut": 30000055,
        "weightedAverageShsOutDil": 30000055,
        "link": "",
        "finalLink": ""
    },
    {
        "date": "2018-03-31",
        "symbol": "ASR",
        "reportedCurrency": "MXN",
        "cik": "0001123452",
        "fillingDate": "2018-03-31",
        "acceptedDate": "2018-03-30 20:00:00",
        "calendarYear": "2018",
        "period": "Q1",
        "revenue": 3916573000,
        "costOfRevenue": 887802000,
        "grossProfit": 3028771000,
        "grossProfitRatio": 0.7733217279,
        "researchAndDevelopmentExpenses": 0,
        "generalAndAdministrativeExpenses": 381982000,
        "sellingAndMarketingExpenses": 0,
        "sellingGeneralAndAdministrativeExpenses": 381982000,
        "otherExpenses": 449388000,
        "operatingExpenses": 831370000,
        "costAndExpenses": 1719172000,
        "interestIncome": 70246000,
        "interestExpense": 311507000,
        "depreciationAndAmortization": 449388000,
        "ebitda": 2646789000,
        "ebitdaratio": 0.6757920764,
        "operatingIncome": 2197401000,
        "operatingIncomeRatio": 0.5610519707,
        "totalOtherIncomeExpensesNet": -196345000,
        "incomeBeforeTax": 2001056000,
        "incomeBeforeTaxRatio": 0.5109201335,
        "incomeTaxExpense": 533973000,
        "netIncome": 1454626000,
        "netIncomeRatio": 0.3714027544,
        "eps": 48.5,
        "epsdiluted": 48.5,
        "weightedAverageShsOut": 29999711,
        "weightedAverageShsOutDil": 29999711,
        "link": "",
        "finalLink": ""
    },
    {
        "date": "2017-12-31",
        "symbol": "ASR",
        "reportedCurrency": "MXN",
        "cik": "0001123452",
        "fillingDate": "2017-12-31",
        "acceptedDate": "2017-12-30 19:00:00",
        "calendarYear": "2017",
        "period": "Q4",
        "revenue": 3871744000,
        "costOfRevenue": 1679627000,
        "grossProfit": 2192117000,
        "grossProfitRatio": 0.566183353,
        "researchAndDevelopmentExpenses": 0,
        "generalAndAdministrativeExpenses": 285796000,
        "sellingAndMarketingExpenses": 0,
        "sellingGeneralAndAdministrativeExpenses": 285796000,
        "otherExpenses": -554442000,
        "operatingExpenses": 5616564000,
        "costAndExpenses": 7296191000,
        "interestIncome": 81834000,
        "interestExpense": 299947000,
        "depreciationAndAmortization": 5330768000,
        "ebitda": 1906320000,
        "ebitdaratio": 0.492367264,
        "operatingIncome": -3424447000,
        "operatingIncomeRatio": -0.8844714423,
        "totalOtherIncomeExpensesNet": 6901774000,
        "incomeBeforeTax": 3477326000,
        "incomeBeforeTaxRatio": 0.8981291118,
        "incomeTaxExpense": 363479000,
        "netIncome": 2262510000,
        "netIncomeRatio": 0.5843645654,
        "eps": 75.4,
        "epsdiluted": 75.4,
        "weightedAverageShsOut": 30000013,
        "weightedAverageShsOutDil": 30000013,
        "link": "",
        "finalLink": ""
    },
    {
        "date": "2017-09-30",
        "symbol": "ASR",
        "reportedCurrency": "MXN",
        "cik": "0001123452",
        "fillingDate": "2017-09-30",
        "acceptedDate": "2017-09-29 20:00:00",
        "calendarYear": "2017",
        "period": "Q3",
        "revenue": 3230104000,
        "costOfRevenue": 1098591000,
        "grossProfit": 2131513000,
        "grossProfitRatio": 0.6598898983,
        "researchAndDevelopmentExpenses": 0,
        "generalAndAdministrativeExpenses": 234918000,
        "sellingAndMarketingExpenses": 0,
        "sellingGeneralAndAdministrativeExpenses": 234918000,
        "otherExpenses": 240985000,
        "operatingExpenses": 475903000,
        "costAndExpenses": 1574494000,
        "interestIncome": 54102000,
        "interestExpense": 206164000,
        "depreciationAndAmortization": 240985000,
        "ebitda": 1896595000,
        "ebitdaratio": 0.587162209,
        "operatingIncome": 1655610000,
        "operatingIncomeRatio": 0.5125562521,
        "totalOtherIncomeExpensesNet": -102836000,
        "incomeBeforeTax": 1552774000,
        "incomeBeforeTaxRatio": 0.4807195062,
        "incomeTaxExpense": 407161000,
        "netIncome": 1100695000,
        "netIncomeRatio": 0.3407614739,
        "eps": 36.7,
        "epsdiluted": 36.7,
        "weightedAverageShsOut": 29999863,
        "weightedAverageShsOutDil": 29999863,
        "link": "",
        "finalLink": ""
    },
    {
        "date": "2017-06-30",
        "symbol": "ASR",
        "reportedCurrency": "MXN",
        "cik": "0001123452",
        "fillingDate": "2017-06-30",
        "acceptedDate": "2017-06-29 20:00:00",
        "calendarYear": "2017",
        "period": "Q2",
        "revenue": 2935297000,
        "costOfRevenue": 904722000,
        "grossProfit": 2030575000,
        "grossProfitRatio": 0.6917783788,
        "researchAndDevelopmentExpenses": 0,
        "generalAndAdministrativeExpenses": 242661000,
        "sellingAndMarketingExpenses": 0,
        "sellingGeneralAndAdministrativeExpenses": 242661000,
        "otherExpenses": 174486000,
        "operatingExpenses": 417147000,
        "costAndExpenses": 1321869000,
        "interestIncome": 55313000,
        "interestExpense": 71406000,
        "depreciationAndAmortization": 174485000,
        "ebitda": 1880858000,
        "ebitdaratio": 0.6407726373,
        "operatingIncome": 1613428000,
        "operatingIncomeRatio": 0.5496643099,
        "totalOtherIncomeExpensesNet": 21538000,
        "incomeBeforeTax": 1634966000,
        "incomeBeforeTaxRatio": 0.5570018979,
        "incomeTaxExpense": 482899000,
        "netIncome": 1132640000,
        "netIncomeRatio": 0.3858689598,
        "eps": 37.8,
        "epsdiluted": 37.8,
        "weightedAverageShsOut": 29999735,
        "weightedAverageShsOutDil": 29999735,
        "link": "",
        "finalLink": ""
    },
    {
        "date": "2017-03-31",
        "symbol": "ASR",
        "reportedCurrency": "MXN",
        "cik": "0001123452",
        "fillingDate": "2017-03-31",
        "acceptedDate": "2017-03-30 20:00:00",
        "calendarYear": "2017",
        "period": "Q1",
        "revenue": 2476748000,
        "costOfRevenue": 449309000,
        "grossProfit": 2027439000,
        "grossProfitRatio": 0.8185891338,
        "researchAndDevelopmentExpenses": 0,
        "generalAndAdministrativeExpenses": 256225000,
        "sellingAndMarketingExpenses": 0,
        "sellingGeneralAndAdministrativeExpenses": 256225000,
        "otherExpenses": 138972000,
        "operatingExpenses": 395197000,
        "costAndExpenses": 844506000,
        "interestIncome": 54539000,
        "interestExpense": 41314000,
        "depreciationAndAmortization": 138972000,
        "ebitda": 1771214000,
        "ebitdaratio": 0.7151369457,
        "operatingIncome": 1632242000,
        "operatingIncomeRatio": 0.6590262715,
        "totalOtherIncomeExpensesNet": 89237000,
        "incomeBeforeTax": 1721479000,
        "incomeBeforeTaxRatio": 0.6950561785,
        "incomeTaxExpense": 382839000,
        "netIncome": 1338640000,
        "netIncomeRatio": 0.5404829236,
        "eps": 44.6,
        "epsdiluted": 44.6,
        "weightedAverageShsOut": 30000224,
        "weightedAverageShsOutDil": 30000224,
        "link": "",
        "finalLink": ""
    },
    {
        "date": "2016-12-31",
        "symbol": "ASR",
        "reportedCurrency": "MXN",
        "cik": "0001123452",
        "fillingDate": "2016-12-31",
        "acceptedDate": "2016-12-30 19:00:00",
        "calendarYear": "2016",
        "period": "Q4",
        "revenue": 3076590000,
        "costOfRevenue": 1528834000,
        "grossProfit": 1547756000,
        "grossProfitRatio": 0.5030751579,
        "researchAndDevelopmentExpenses": 0,
        "generalAndAdministrativeExpenses": 207756000,
        "sellingAndMarketingExpenses": 0,
        "sellingGeneralAndAdministrativeExpenses": 207756000,
        "otherExpenses": -394027000,
        "operatingExpenses": 343388000,
        "costAndExpenses": 1872222000,
        "interestIncome": 55576000,
        "interestExpense": 33075000,
        "depreciationAndAmortization": 135632000,
        "ebitda": 1340000000,
        "ebitdaratio": 0.435547148,
        "operatingIncome": 1204368000,
        "operatingIncomeRatio": 0.3914619758,
        "totalOtherIncomeExpensesNet": 5719000,
        "incomeBeforeTax": 1210087000,
        "incomeBeforeTaxRatio": 0.393320852,
        "incomeTaxExpense": 292581000,
        "netIncome": 917506000,
        "netIncomeRatio": 0.2982217325,
        "eps": 30.6,
        "epsdiluted": 30.6,
        "weightedAverageShsOut": 29999542,
        "weightedAverageShsOutDil": 29999542,
        "link": "",
        "finalLink": ""
    },
    {
        "date": "2016-09-30",
        "symbol": "ASR",
        "reportedCurrency": "MXN",
        "cik": "0001123452",
        "fillingDate": "2016-09-30",
        "acceptedDate": "2016-09-29 20:00:00",
        "calendarYear": "2016",
        "period": "Q3",
        "revenue": 2355757000,
        "costOfRevenue": 775360000,
        "grossProfit": 1580397000,
        "grossProfitRatio": 0.670865883,
        "researchAndDevelopmentExpenses": 0,
        "generalAndAdministrativeExpenses": 210240000,
        "sellingAndMarketingExpenses": 0,
        "sellingGeneralAndAdministrativeExpenses": 210240000,
        "otherExpenses": 134732000,
        "operatingExpenses": 344972000,
        "costAndExpenses": 1120332000,
        "interestIncome": 46652000,
        "interestExpense": 31825000,
        "depreciationAndAmortization": 134732000,
        "ebitda": 1370156000,
        "ebitdaratio": 0.5816202605,
        "operatingIncome": 1235425000,
        "operatingIncomeRatio": 0.5244280289,
        "totalOtherIncomeExpensesNet": 14890000,
        "incomeBeforeTax": 1250315000,
        "incomeBeforeTaxRatio": 0.5307487147,
        "incomeTaxExpense": 333517000,
        "netIncome": 916798000,
        "netIncomeRatio": 0.3891734164,
        "eps": 30.6,
        "epsdiluted": 30.6,
        "weightedAverageShsOut": 29999934,
        "weightedAverageShsOutDil": 29999934,
        "link": "",
        "finalLink": ""
    },
    {
        "date": "2016-06-30",
        "symbol": "ASR",
        "reportedCurrency": "MXN",
        "cik": "0001123452",
        "fillingDate": "2016-06-30",
        "acceptedDate": "2016-06-29 20:00:00",
        "calendarYear": "2016",
        "period": "Q2",
        "revenue": 2243789000,
        "costOfRevenue": 701093000,
        "grossProfit": 1542696000,
        "grossProfitRatio": 0.6875405843,
        "researchAndDevelopmentExpenses": 0,
        "generalAndAdministrativeExpenses": 205187000,
        "sellingAndMarketingExpenses": 0,
        "sellingGeneralAndAdministrativeExpenses": 205187000,
        "otherExpenses": 130897000,
        "operatingExpenses": 336084000,
        "costAndExpenses": 1037177000,
        "interestIncome": 45627000,
        "interestExpense": 29341000,
        "depreciationAndAmortization": 130897000,
        "ebitda": 1337509000,
        "ebitdaratio": 0.5960939286,
        "operatingIncome": 1206612000,
        "operatingIncomeRatio": 0.5377564468,
        "totalOtherIncomeExpensesNet": 46895000,
        "incomeBeforeTax": 1253507000,
        "incomeBeforeTaxRatio": 0.5586563621,
        "incomeTaxExpense": 386884000,
        "netIncome": 866623000,
        "netIncomeRatio": 0.3862319496,
        "eps": 28.9,
        "epsdiluted": 28.9,
        "weightedAverageShsOut": 30000450,
        "weightedAverageShsOutDil": 30000450,
        "link": "",
        "finalLink": ""
    },
    {
        "date": "2016-03-31",
        "symbol": "ASR",
        "reportedCurrency": "MXN",
        "cik": "0001123452",
        "fillingDate": "2016-03-31",
        "acceptedDate": "2016-03-30 20:00:00",
        "calendarYear": "2016",
        "period": "Q1",
        "revenue": 2077355000,
        "costOfRevenue": 448054000,
        "grossProfit": 1629301000,
        "grossProfitRatio": 0.7843151508,
        "researchAndDevelopmentExpenses": 0,
        "generalAndAdministrativeExpenses": 214708000,
        "sellingAndMarketingExpenses": 0,
        "sellingGeneralAndAdministrativeExpenses": 214708000,
        "otherExpenses": 128399000,
        "operatingExpenses": 343107000,
        "costAndExpenses": 791161000,
        "interestIncome": 36713000,
        "interestExpense": 31945000,
        "depreciationAndAmortization": 128399000,
        "ebitda": 1414593000,
        "ebitdaratio": 0.6809587191,
        "operatingIncome": 1286194000,
        "operatingIncomeRatio": 0.6191498324,
        "totalOtherIncomeExpensesNet": 31274000,
        "incomeBeforeTax": 1317468000,
        "incomeBeforeTaxRatio": 0.6342045534,
        "incomeTaxExpense": 389134000,
        "netIncome": 928334000,
        "netIncomeRatio": 0.4468826946,
        "eps": 30.9,
        "epsdiluted": 30.9,
        "weightedAverageShsOut": 30000452,
        "weightedAverageShsOutDil": 30000452,
        "link": "",
        "finalLink": ""
    },
    {
        "date": "2015-12-31",
        "symbol": "ASR",
        "reportedCurrency": "MXN",
        "cik": "0001123452",
        "fillingDate": "2015-12-31",
        "acceptedDate": "2015-12-30 19:00:00",
        "calendarYear": "2015",
        "period": "Q4",
        "revenue": 2905156000,
        "costOfRevenue": 2595581000,
        "grossProfit": 309575000,
        "grossProfitRatio": 0.1065605427,
        "researchAndDevelopmentExpenses": 0,
        "generalAndAdministrativeExpenses": -347622000,
        "sellingAndMarketingExpenses": 0,
        "sellingGeneralAndAdministrativeExpenses": -347622000,
        "otherExpenses": -349755000,
        "operatingExpenses": -697377000,
        "costAndExpenses": 1898204000,
        "interestIncome": 44624000,
        "interestExpense": 27856000,
        "depreciationAndAmortization": 119241000,
        "ebitda": 1126193000,
        "ebitdaratio": 0.3876531932,
        "operatingIncome": 1006952000,
        "operatingIncomeRatio": 0.3466085814,
        "totalOtherIncomeExpensesNet": -13989000,
        "incomeBeforeTax": 992963000,
        "incomeBeforeTaxRatio": 0.3417933495,
        "incomeTaxExpense": 262129000,
        "netIncome": 730834000,
        "netIncomeRatio": 0.2515644599,
        "eps": 24.4,
        "epsdiluted": 24.4,
        "weightedAverageShsOut": 29999702,
        "weightedAverageShsOutDil": 29999702,
        "link": "",
        "finalLink": ""
    },
    {
        "date": "2015-09-30",
        "symbol": "ASR",
        "reportedCurrency": "MXN",
        "cik": "0001123452",
        "fillingDate": "2015-09-30",
        "acceptedDate": "2015-09-29 20:00:00",
        "calendarYear": "2015",
        "period": "Q3",
        "revenue": 2172413000,
        "costOfRevenue": 848278000,
        "grossProfit": 1324135000,
        "grossProfitRatio": 0.6095226828,
        "researchAndDevelopmentExpenses": 0,
        "generalAndAdministrativeExpenses": 180917000,
        "sellingAndMarketingExpenses": 0,
        "sellingGeneralAndAdministrativeExpenses": 180917000,
        "otherExpenses": 117618000,
        "operatingExpenses": 298535000,
        "costAndExpenses": 1146813000,
        "interestIncome": 35738000,
        "interestExpense": 24393000,
        "depreciationAndAmortization": 117618000,
        "ebitda": 1143218000,
        "ebitdaratio": 0.5262433985,
        "operatingIncome": 1025600000,
        "operatingIncomeRatio": 0.4721017597,
        "totalOtherIncomeExpensesNet": -64170000,
        "incomeBeforeTax": 961430000,
        "incomeBeforeTaxRatio": 0.4425631774,
        "incomeTaxExpense": 255687000,
        "netIncome": 705743000,
        "netIncomeRatio": 0.324865944,
        "eps": 23.5,
        "epsdiluted": 23.5,
        "weightedAverageShsOut": 29999702,
        "weightedAverageShsOutDil": 29999702,
        "link": "",
        "finalLink": ""
    },
    {
        "date": "2015-06-30",
        "symbol": "ASR",
        "reportedCurrency": "MXN",
        "cik": "0001123452",
        "fillingDate": "2015-06-30",
        "acceptedDate": "2015-06-29 20:00:00",
        "calendarYear": "2015",
        "period": "Q2",
        "revenue": 2120427000,
        "costOfRevenue": 812369000,
        "grossProfit": 1308058000,
        "grossProfitRatio": 0.6168842408,
        "researchAndDevelopmentExpenses": 0,
        "generalAndAdministrativeExpenses": 178797000,
        "sellingAndMarketingExpenses": 0,
        "sellingGeneralAndAdministrativeExpenses": 178797000,
        "otherExpenses": 116412000,
        "operatingExpenses": 295209000,
        "costAndExpenses": 1107578000,
        "interestIncome": 38187000,
        "interestExpense": 24293000,
        "depreciationAndAmortization": 116412000,
        "ebitda": 1129261000,
        "ebitdaratio": 0.5325630168,
        "operatingIncome": 1012849000,
        "operatingIncomeRatio": 0.4776627538,
        "totalOtherIncomeExpensesNet": 5079000,
        "incomeBeforeTax": 1017928000,
        "incomeBeforeTaxRatio": 0.480058026,
        "incomeTaxExpense": 285032000,
        "netIncome": 732896000,
        "netIncomeRatio": 0.3456360441,
        "eps": 24.4,
        "epsdiluted": 24.4,
        "weightedAverageShsOut": 29999836,
        "weightedAverageShsOutDil": 29999836,
        "link": "",
        "finalLink": ""
    },
    {
        "date": "2015-03-31",
        "symbol": "ASR",
        "reportedCurrency": "MXN",
        "cik": "0001123452",
        "fillingDate": "2015-03-31",
        "acceptedDate": "2015-03-30 20:00:00",
        "calendarYear": "2015",
        "period": "Q1",
        "revenue": 1796601000,
        "costOfRevenue": 468482000,
        "grossProfit": 1328119000,
        "grossProfitRatio": 0.7392398201,
        "researchAndDevelopmentExpenses": 0,
        "generalAndAdministrativeExpenses": 184898000,
        "sellingAndMarketingExpenses": 0,
        "sellingGeneralAndAdministrativeExpenses": 184898000,
        "otherExpenses": 115725000,
        "operatingExpenses": 300623000,
        "costAndExpenses": 769105000,
        "interestIncome": 37168000,
        "interestExpense": 20475000,
        "depreciationAndAmortization": 115725000,
        "ebitda": 1143221000,
        "ebitdaratio": 0.6363243703,
        "operatingIncome": 1027496000,
        "operatingIncomeRatio": 0.5719110698,
        "totalOtherIncomeExpensesNet": 14041000,
        "incomeBeforeTax": 1041537000,
        "incomeBeforeTaxRatio": 0.5797263833,
        "incomeTaxExpense": 297276000,
        "netIncome": 744261000,
        "netIncomeRatio": 0.4142605954,
        "eps": 24.8,
        "epsdiluted": 24.8,
        "weightedAverageShsOut": 29999637,
        "weightedAverageShsOutDil": 29999637,
        "link": "",
        "finalLink": ""
    },
    {
        "date": "2014-12-31",
        "symbol": "ASR",
        "reportedCurrency": "MXN",
        "cik": "0001123452",
        "fillingDate": "2014-12-31",
        "acceptedDate": "2014-12-30 19:00:00",
        "calendarYear": "2014",
        "period": "Q4",
        "revenue": 1685458000,
        "costOfRevenue": 624244000,
        "grossProfit": 1061214000,
        "grossProfitRatio": 0.6296294538,
        "researchAndDevelopmentExpenses": 0,
        "generalAndAdministrativeExpenses": 150726000,
        "sellingAndMarketingExpenses": 0,
        "sellingGeneralAndAdministrativeExpenses": 150726000,
        "otherExpenses": -339758000,
        "operatingExpenses": 265234000,
        "costAndExpenses": 889478000,
        "interestIncome": 40612000,
        "interestExpense": 20403000,
        "depreciationAndAmortization": 114508000,
        "ebitda": 910487000,
        "ebitdaratio": 0.5402015357,
        "operatingIncome": 795591000,
        "operatingIncomeRatio": 0.4720325277,
        "totalOtherIncomeExpensesNet": -124052000,
        "incomeBeforeTax": 671929000,
        "incomeBeforeTaxRatio": 0.3986625594,
        "incomeTaxExpense": 158699000,
        "netIncome": 513229000,
        "netIncomeRatio": 0.3045041763,
        "eps": 17.1,
        "epsdiluted": 17.1,
        "weightedAverageShsOut": 29999415,
        "weightedAverageShsOutDil": 29999415,
        "link": "",
        "finalLink": ""
    },
    {
        "date": "2014-09-30",
        "symbol": "ASR",
        "reportedCurrency": "MXN",
        "cik": "0001123452",
        "fillingDate": "2014-09-30",
        "acceptedDate": "2014-09-29 20:00:00",
        "calendarYear": "2014",
        "period": "Q3",
        "revenue": 1469941000,
        "costOfRevenue": 439385000,
        "grossProfit": 1030556000,
        "grossProfitRatio": 0.7010866423,
        "researchAndDevelopmentExpenses": 0,
        "generalAndAdministrativeExpenses": 150658000,
        "sellingAndMarketingExpenses": 0,
        "sellingGeneralAndAdministrativeExpenses": 150658000,
        "otherExpenses": 114001000,
        "operatingExpenses": 264659000,
        "costAndExpenses": 704044000,
        "interestIncome": 33356000,
        "interestExpense": 20578000,
        "depreciationAndAmortization": 114001000,
        "ebitda": 879899000,
        "ebitdaratio": 0.5985947735,
        "operatingIncome": 765897000,
        "operatingIncomeRatio": 0.5210392798,
        "totalOtherIncomeExpensesNet": -430000,
        "incomeBeforeTax": 765467000,
        "incomeBeforeTaxRatio": 0.5207467511,
        "incomeTaxExpense": 184094000,
        "netIncome": 581374000,
        "netIncomeRatio": 0.3955083912,
        "eps": 19.4,
        "epsdiluted": 19.4,
        "weightedAverageShsOut": 30000206,
        "weightedAverageShsOutDil": 30000206,
        "link": "",
        "finalLink": ""
    },
    {
        "date": "2014-06-30",
        "symbol": "ASR",
        "reportedCurrency": "MXN",
        "cik": "0001123452",
        "fillingDate": "2014-06-30",
        "acceptedDate": "2014-06-29 20:00:00",
        "calendarYear": "2014",
        "period": "Q2",
        "revenue": 1340630000,
        "costOfRevenue": 316271000,
        "grossProfit": 1024359000,
        "grossProfitRatio": 0.7640877796,
        "researchAndDevelopmentExpenses": 0,
        "generalAndAdministrativeExpenses": 150575000,
        "sellingAndMarketingExpenses": 0,
        "sellingGeneralAndAdministrativeExpenses": 150575000,
        "otherExpenses": 112721000,
        "operatingExpenses": 263296000,
        "costAndExpenses": 579567000,
        "interestIncome": 25018000,
        "interestExpense": 21349000,
        "depreciationAndAmortization": 112721000,
        "ebitda": 873784000,
        "ebitdaratio": 0.6517711822,
        "operatingIncome": 761063000,
        "operatingIncomeRatio": 0.5676905634,
        "totalOtherIncomeExpensesNet": 32904000,
        "incomeBeforeTax": 793966000,
        "incomeBeforeTaxRatio": 0.5922335022,
        "incomeTaxExpense": 239221000,
        "netIncome": 554746000,
        "netIncomeRatio": 0.4137950068,
        "eps": 18.5,
        "epsdiluted": 18.5,
        "weightedAverageShsOut": 29999242,
        "weightedAverageShsOutDil": 29999242,
        "link": "",
        "finalLink": ""
    },
    {
        "date": "2014-03-31",
        "symbol": "ASR",
        "reportedCurrency": "MXN",
        "cik": "0001123452",
        "fillingDate": "2014-03-31",
        "acceptedDate": "2014-03-30 20:00:00",
        "calendarYear": "2014",
        "period": "Q1",
        "revenue": 1383136000,
        "costOfRevenue": 281251000,
        "grossProfit": 1101885000,
        "grossProfitRatio": 0.7966570171,
        "researchAndDevelopmentExpenses": 0,
        "generalAndAdministrativeExpenses": 150857000,
        "sellingAndMarketingExpenses": 0,
        "sellingGeneralAndAdministrativeExpenses": 150857000,
        "otherExpenses": 113035000,
        "operatingExpenses": 263892000,
        "costAndExpenses": 545143000,
        "interestIncome": 22382000,
        "interestExpense": 19483000,
        "depreciationAndAmortization": 113035000,
        "ebitda": 951029000,
        "ebitdaratio": 0.6875889283,
        "operatingIncome": 837993000,
        "operatingIncomeRatio": 0.6058644992,
        "totalOtherIncomeExpensesNet": 13049000,
        "incomeBeforeTax": 851042000,
        "incomeBeforeTaxRatio": 0.6152988571,
        "incomeTaxExpense": 216668000,
        "netIncome": 634376000,
        "netIncomeRatio": 0.458650487,
        "eps": 21.1,
        "epsdiluted": 21.1,
        "weightedAverageShsOut": 29999810,
        "weightedAverageShsOutDil": 29999810,
        "link": "",
        "finalLink": ""
    },
    {
        "date": "2013-12-31",
        "symbol": "ASR",
        "reportedCurrency": "MXN",
        "cik": "0001123452",
        "fillingDate": "2013-12-31",
        "acceptedDate": "2013-12-30 19:00:00",
        "calendarYear": "2013",
        "period": "Q4",
        "revenue": 1478326000,
        "costOfRevenue": 577222000,
        "grossProfit": 901104000,
        "grossProfitRatio": 0.6095434972,
        "researchAndDevelopmentExpenses": 0,
        "generalAndAdministrativeExpenses": 139314000,
        "sellingAndMarketingExpenses": 0,
        "sellingGeneralAndAdministrativeExpenses": 139314000,
        "otherExpenses": -445120000,
        "operatingExpenses": 245513000,
        "costAndExpenses": 822735000,
        "interestIncome": 41647000,
        "interestExpense": 19904000,
        "depreciationAndAmortization": 106199000,
        "ebitda": 761788000,
        "ebitdaratio": 0.5153044728,
        "operatingIncome": 655591000,
        "operatingIncomeRatio": 0.4434684907,
        "totalOtherIncomeExpensesNet": -13307000,
        "incomeBeforeTax": 642284000,
        "incomeBeforeTaxRatio": 0.4344670932,
        "incomeTaxExpense": -2610000,
        "netIncome": 644894000,
        "netIncomeRatio": 0.4362326036,
        "eps": 21.5,
        "epsdiluted": 21.5,
        "weightedAverageShsOut": 30000651,
        "weightedAverageShsOutDil": 30000651,
        "link": "",
        "finalLink": ""
    },
    {
        "date": "2013-09-30",
        "symbol": "ASR",
        "reportedCurrency": "MXN",
        "cik": "0001123452",
        "fillingDate": "2013-09-30",
        "acceptedDate": "2013-09-29 20:00:00",
        "calendarYear": "2013",
        "period": "Q3",
        "revenue": 1309836000,
        "costOfRevenue": 417273000,
        "grossProfit": 892563000,
        "grossProfitRatio": 0.6814311105,
        "researchAndDevelopmentExpenses": 0,
        "generalAndAdministrativeExpenses": 44631000,
        "sellingAndMarketingExpenses": 0,
        "sellingGeneralAndAdministrativeExpenses": 44631000,
        "otherExpenses": 147980000,
        "operatingExpenses": 192611000,
        "costAndExpenses": 609884000,
        "interestIncome": 30105000,
        "interestExpense": 17456000,
        "depreciationAndAmortization": 105569000,
        "ebitda": 805522000,
        "ebitdaratio": 0.6149792798,
        "operatingIncome": 699953000,
        "operatingIncomeRatio": 0.5343821669,
        "totalOtherIncomeExpensesNet": 2628000,
        "incomeBeforeTax": 702581000,
        "incomeBeforeTaxRatio": 0.536388525,
        "incomeTaxExpense": 191714000,
        "netIncome": 510867000,
        "netIncomeRatio": 0.3900236365,
        "eps": 17,
        "epsdiluted": 17,
        "weightedAverageShsOut": 29999823,
        "weightedAverageShsOutDil": 29999823,
        "link": "",
        "finalLink": ""
    },
    {
        "date": "2013-06-30",
        "symbol": "ASR",
        "reportedCurrency": "MXN",
        "cik": "0001123452",
        "fillingDate": "2013-06-30",
        "acceptedDate": "2013-06-29 20:00:00",
        "calendarYear": "2013",
        "period": "Q2",
        "revenue": 1283417000,
        "costOfRevenue": 389849000,
        "grossProfit": 893568000,
        "grossProfitRatio": 0.6962413619,
        "researchAndDevelopmentExpenses": 0,
        "generalAndAdministrativeExpenses": 46502000,
        "sellingAndMarketingExpenses": 0,
        "sellingGeneralAndAdministrativeExpenses": 46502000,
        "otherExpenses": 145673000,
        "operatingExpenses": 192175000,
        "costAndExpenses": 582024000,
        "interestIncome": 32993000,
        "interestExpense": 22422000,
        "depreciationAndAmortization": 103360000,
        "ebitda": 788906000,
        "ebitdaratio": 0.6146918733,
        "operatingIncome": 701393000,
        "operatingIncomeRatio": 0.5465043708,
        "totalOtherIncomeExpensesNet": -38269000,
        "incomeBeforeTax": 663124000,
        "incomeBeforeTaxRatio": 0.5166863147,
        "incomeTaxExpense": 8619000,
        "netIncome": 654505000,
        "netIncomeRatio": 0.5099706487,
        "eps": 21.8,
        "epsdiluted": 21.8,
        "weightedAverageShsOut": 30023165,
        "weightedAverageShsOutDil": 30023165,
        "link": "",
        "finalLink": ""
    },
    {
        "date": "2013-03-31",
        "symbol": "ASR",
        "reportedCurrency": "MXN",
        "cik": "0001123452",
        "fillingDate": "2013-03-31",
        "acceptedDate": "2013-03-30 20:00:00",
        "calendarYear": "2013",
        "period": "Q1",
        "revenue": 1374508000,
        "costOfRevenue": 366408000,
        "grossProfit": 1008100000,
        "grossProfitRatio": 0.7334260695,
        "researchAndDevelopmentExpenses": 0,
        "generalAndAdministrativeExpenses": 42461000,
        "sellingAndMarketingExpenses": 0,
        "sellingGeneralAndAdministrativeExpenses": 42461000,
        "otherExpenses": 151467000,
        "operatingExpenses": 193928000,
        "costAndExpenses": 560336000,
        "interestIncome": 31298000,
        "interestExpense": 16508000,
        "depreciationAndAmortization": 103145000,
        "ebitda": 857963000,
        "ebitdaratio": 0.6241964397,
        "operatingIncome": 814172000,
        "operatingIncomeRatio": 0.5923370399,
        "totalOtherIncomeExpensesNet": -75863000,
        "incomeBeforeTax": 738309000,
        "incomeBeforeTaxRatio": 0.5371442,
        "incomeTaxExpense": 251702000,
        "netIncome": 486607000,
        "netIncomeRatio": 0.3540226758,
        "eps": 16.2,
        "epsdiluted": 16.2,
        "weightedAverageShsOut": 30037469,
        "weightedAverageShsOutDil": 30037469,
        "link": "",
        "finalLink": ""
    },
    {
        "date": "2012-12-31",
        "symbol": "ASR",
        "reportedCurrency": "MXN",
        "cik": "0001123452",
        "fillingDate": "2012-12-31",
        "acceptedDate": "2012-12-30 19:00:00",
        "calendarYear": "2012",
        "period": "Q4",
        "revenue": 1336391000,
        "costOfRevenue": 534938000,
        "grossProfit": 801453000,
        "grossProfitRatio": 0.5997144548,
        "researchAndDevelopmentExpenses": 0,
        "generalAndAdministrativeExpenses": 130273000,
        "sellingAndMarketingExpenses": 0,
        "sellingGeneralAndAdministrativeExpenses": 130273000,
        "otherExpenses": -299627000,
        "operatingExpenses": 232191000,
        "costAndExpenses": 767129000,
        "interestIncome": 36170000,
        "interestExpense": 43473000,
        "depreciationAndAmortization": 101918000,
        "ebitda": 663877000,
        "ebitdaratio": 0.4967685356,
        "operatingIncome": 569262000,
        "operatingIncomeRatio": 0.4259696451,
        "totalOtherIncomeExpensesNet": 43473000,
        "incomeBeforeTax": 612735000,
        "incomeBeforeTaxRatio": 0.4584997953,
        "incomeTaxExpense": -52326000,
        "netIncome": 665061000,
        "netIncomeRatio": 0.4976545038,
        "eps": 22.2,
        "epsdiluted": 22.2,
        "weightedAverageShsOut": 29999594,
        "weightedAverageShsOutDil": 29999594,
        "link": "",
        "finalLink": ""
    },
    {
        "date": "2012-09-30",
        "symbol": "ASR",
        "reportedCurrency": "MXN",
        "cik": "0001123452",
        "fillingDate": "2012-09-30",
        "acceptedDate": "2012-09-29 20:00:00",
        "calendarYear": "2012",
        "period": "Q3",
        "revenue": 1222011000,
        "costOfRevenue": 396393000,
        "grossProfit": 825618000,
        "grossProfitRatio": 0.6756223962,
        "researchAndDevelopmentExpenses": 0,
        "generalAndAdministrativeExpenses": 47378000,
        "sellingAndMarketingExpenses": 86438000,
        "sellingGeneralAndAdministrativeExpenses": 133816000,
        "otherExpenses": 101056000,
        "operatingExpenses": 234872000,
        "costAndExpenses": 631265000,
        "interestIncome": 21342000,
        "interestExpense": 9080000,
        "depreciationAndAmortization": 101056000,
        "ebitda": 694191000,
        "ebitdaratio": 0.5680726278,
        "operatingIncome": 590746000,
        "operatingIncomeRatio": 0.4834211803,
        "totalOtherIncomeExpensesNet": -6691000,
        "incomeBeforeTax": 584055000,
        "incomeBeforeTaxRatio": 0.4779457795,
        "incomeTaxExpense": 174989000,
        "netIncome": 409066000,
        "netIncomeRatio": 0.3347482142,
        "eps": 13.6,
        "epsdiluted": 13.6,
        "weightedAverageShsOut": 30078382,
        "weightedAverageShsOutDil": 30078382,
        "link": "",
        "finalLink": ""
    },
    {
        "date": "2012-06-30",
        "symbol": "ASR",
        "reportedCurrency": "MXN",
        "cik": "0001123452",
        "fillingDate": "2012-06-30",
        "acceptedDate": "2012-06-29 20:00:00",
        "calendarYear": "2012",
        "period": "Q2",
        "revenue": 1275511000,
        "costOfRevenue": 399257000,
        "grossProfit": 876254000,
        "grossProfitRatio": 0.6869827073,
        "researchAndDevelopmentExpenses": 0,
        "generalAndAdministrativeExpenses": 46117000,
        "sellingAndMarketingExpenses": 90116000,
        "sellingGeneralAndAdministrativeExpenses": 136233000,
        "otherExpenses": 99606000,
        "operatingExpenses": 235839000,
        "costAndExpenses": 635096000,
        "interestIncome": 27704000,
        "interestExpense": 33124000,
        "depreciationAndAmortization": 99606000,
        "ebitda": 782252000,
        "ebitdaratio": 0.6132851853,
        "operatingIncome": 640415000,
        "operatingIncomeRatio": 0.5020850467,
        "totalOtherIncomeExpensesNet": 33124000,
        "incomeBeforeTax": 673539000,
        "incomeBeforeTaxRatio": 0.5280542465,
        "incomeTaxExpense": 210309000,
        "netIncome": 463230000,
        "netIncomeRatio": 0.3631720934,
        "eps": 15.4,
        "epsdiluted": 15.4,
        "weightedAverageShsOut": 30079870,
        "weightedAverageShsOutDil": 30079870,
        "link": "",
        "finalLink": ""
    },
    {
        "date": "2012-03-31",
        "symbol": "ASR",
        "reportedCurrency": "MXN",
        "cik": "0001123452",
        "fillingDate": "2012-03-31",
        "acceptedDate": "2012-03-30 20:00:00",
        "calendarYear": "2012",
        "period": "Q1",
        "revenue": 1285978000,
        "costOfRevenue": 317077000,
        "grossProfit": 968901000,
        "grossProfitRatio": 0.7534351288,
        "researchAndDevelopmentExpenses": 0,
        "generalAndAdministrativeExpenses": 42497000,
        "sellingAndMarketingExpenses": 97943000,
        "sellingGeneralAndAdministrativeExpenses": 140440000,
        "otherExpenses": 98965000,
        "operatingExpenses": 239405000,
        "costAndExpenses": 556482000,
        "interestIncome": 13720000,
        "interestExpense": 15128000,
        "depreciationAndAmortization": 98965000,
        "ebitda": 828461000,
        "ebitdaratio": 0.6442264176,
        "operatingIncome": 729496000,
        "operatingIncomeRatio": 0.5672694245,
        "totalOtherIncomeExpensesNet": -15128000,
        "incomeBeforeTax": 714368000,
        "incomeBeforeTaxRatio": 0.5555056152,
        "incomeTaxExpense": 176397000,
        "netIncome": 537971000,
        "netIncomeRatio": 0.4183360835,
        "eps": 17.9,
        "epsdiluted": 17.9,
        "weightedAverageShsOut": 30054245,
        "weightedAverageShsOutDil": 30054245,
        "link": "",
        "finalLink": ""
    },
    {
        "date": "2011-12-31",
        "symbol": "ASR",
        "reportedCurrency": "MXN",
        "cik": "0001123452",
        "fillingDate": "2011-12-31",
        "acceptedDate": "2011-12-30 19:00:00",
        "calendarYear": "2011",
        "period": "Q4",
        "revenue": 1366821000,
        "costOfRevenue": 656595000,
        "grossProfit": 710226000,
        "grossProfitRatio": 0.5196188821,
        "researchAndDevelopmentExpenses": 0,
        "generalAndAdministrativeExpenses": 0,
        "sellingAndMarketingExpenses": 0,
        "sellingGeneralAndAdministrativeExpenses": 119688000,
        "otherExpenses": 96824000,
        "operatingExpenses": 216512000,
        "costAndExpenses": 873107000,
        "interestIncome": 66727000,
        "interestExpense": 11108000,
        "depreciationAndAmortization": 96824000,
        "ebitda": 623926000,
        "ebitdaratio": 0.4564796707,
        "operatingIncome": 493714000,
        "operatingIncomeRatio": 0.3612133557,
        "totalOtherIncomeExpensesNet": 22280000,
        "incomeBeforeTax": 515994000,
        "incomeBeforeTaxRatio": 0.3775139539,
        "incomeTaxExpense": 93720000,
        "netIncome": 422274000,
        "netIncomeRatio": 0.3089460873,
        "eps": 14.1,
        "epsdiluted": 14.1,
        "weightedAverageShsOut": 30000247,
        "weightedAverageShsOutDil": 30000247,
        "link": "",
        "finalLink": ""
    },
    {
        "date": "2011-09-30",
        "symbol": "ASR",
        "reportedCurrency": "MXN",
        "cik": "0001123452",
        "fillingDate": "2011-09-30",
        "acceptedDate": "2011-09-29 20:00:00",
        "calendarYear": "2011",
        "period": "Q3",
        "revenue": 1048979000,
        "costOfRevenue": 343091000,
        "grossProfit": 705888000,
        "grossProfitRatio": 0.6729286287,
        "researchAndDevelopmentExpenses": 0,
        "generalAndAdministrativeExpenses": 0,
        "sellingAndMarketingExpenses": 0,
        "sellingGeneralAndAdministrativeExpenses": 117680000,
        "otherExpenses": 96733000,
        "operatingExpenses": 214413000,
        "costAndExpenses": 557504000,
        "interestIncome": 19813000,
        "interestExpense": 21211000,
        "depreciationAndAmortization": 96733000,
        "ebitda": 622099000,
        "ebitdaratio": 0.5930519105,
        "operatingIncome": 491475000,
        "operatingIncomeRatio": 0.4685270153,
        "totalOtherIncomeExpensesNet": 21211000,
        "incomeBeforeTax": 512348000,
        "incomeBeforeTaxRatio": 0.4884254118,
        "incomeTaxExpense": 148655000,
        "netIncome": 363451000,
        "netIncomeRatio": 0.3464807208,
        "eps": 12.1,
        "epsdiluted": 12.1,
        "weightedAverageShsOut": 30000082,
        "weightedAverageShsOutDil": 30000082,
        "link": "",
        "finalLink": ""
    },
    {
        "date": "2011-06-30",
        "symbol": "ASR",
        "reportedCurrency": "MXN",
        "cik": "0001123452",
        "fillingDate": "2011-06-30",
        "acceptedDate": "2011-06-29 20:00:00",
        "calendarYear": "2011",
        "period": "Q2",
        "revenue": 1094610000,
        "costOfRevenue": 354920000,
        "grossProfit": 739690000,
        "grossProfitRatio": 0.6757566622,
        "researchAndDevelopmentExpenses": 0,
        "generalAndAdministrativeExpenses": 0,
        "sellingAndMarketingExpenses": 0,
        "sellingGeneralAndAdministrativeExpenses": 118399000,
        "otherExpenses": 95012000,
        "operatingExpenses": 213411000,
        "costAndExpenses": 568331000,
        "interestIncome": 0,
        "interestExpense": 7104000,
        "depreciationAndAmortization": 95012000,
        "ebitda": 620614000,
        "ebitdaratio": 0.5669727117,
        "operatingIncome": 526279000,
        "operatingIncomeRatio": 0.4807913321,
        "totalOtherIncomeExpensesNet": 7104000,
        "incomeBeforeTax": 534060000,
        "incomeBeforeTaxRatio": 0.4878997999,
        "incomeTaxExpense": 147877000,
        "netIncome": 386054000,
        "netIncomeRatio": 0.3526863449,
        "eps": 12.9,
        "epsdiluted": 12.9,
        "weightedAverageShsOut": 30001088,
        "weightedAverageShsOutDil": 30001088,
        "link": "",
        "finalLink": ""
    },
    {
        "date": "2011-03-31",
        "symbol": "ASR",
        "reportedCurrency": "MXN",
        "cik": "0001123452",
        "fillingDate": "2011-03-31",
        "acceptedDate": "2011-03-30 20:00:00",
        "calendarYear": "2011",
        "period": "Q1",
        "revenue": 1062898000,
        "costOfRevenue": 264682000,
        "grossProfit": 798216000,
        "grossProfitRatio": 0.7509808091,
        "researchAndDevelopmentExpenses": 0,
        "generalAndAdministrativeExpenses": 0,
        "sellingAndMarketingExpenses": 0,
        "sellingGeneralAndAdministrativeExpenses": 121019000,
        "otherExpenses": 94171000,
        "operatingExpenses": 215190000,
        "costAndExpenses": 479872000,
        "interestIncome": 0,
        "interestExpense": 3000,
        "depreciationAndAmortization": 94171000,
        "ebitda": 677197000,
        "ebitdaratio": 0.6371232235,
        "operatingIncome": 583026000,
        "operatingIncomeRatio": 0.548524882,
        "totalOtherIncomeExpensesNet": -3000,
        "incomeBeforeTax": 583023000,
        "incomeBeforeTaxRatio": 0.5485220595,
        "incomeTaxExpense": 162818000,
        "netIncome": 417384000,
        "netIncomeRatio": 0.3926849049,
        "eps": 13.9,
        "epsdiluted": 13.9,
        "weightedAverageShsOut": 30027625,
        "weightedAverageShsOutDil": 30027625,
        "link": "",
        "finalLink": ""
    },
    {
        "date": "2010-12-31",
        "symbol": "ASR",
        "reportedCurrency": "MXN",
        "cik": "0001123452",
        "fillingDate": "2010-12-31",
        "acceptedDate": "2010-12-30 19:00:00",
        "calendarYear": "2010",
        "period": "Q4",
        "revenue": 1192893000,
        "costOfRevenue": 620329000,
        "grossProfit": 572564000,
        "grossProfitRatio": 0.4799793443,
        "researchAndDevelopmentExpenses": 0,
        "generalAndAdministrativeExpenses": 0,
        "sellingAndMarketingExpenses": 0,
        "sellingGeneralAndAdministrativeExpenses": 105618000,
        "otherExpenses": 93264000,
        "operatingExpenses": 198882000,
        "costAndExpenses": 819211000,
        "interestIncome": 0,
        "interestExpense": 0,
        "depreciationAndAmortization": 93264000,
        "ebitda": 532635000,
        "ebitdaratio": 0.4465069373,
        "operatingIncome": 373682000,
        "operatingIncomeRatio": 0.3132569308,
        "totalOtherIncomeExpensesNet": 6039000,
        "incomeBeforeTax": 379721000,
        "incomeBeforeTaxRatio": 0.3183194134,
        "incomeTaxExpense": 133262000,
        "netIncome": 278165000,
        "netIncomeRatio": 0.233185206,
        "eps": 9.3,
        "epsdiluted": 9.3,
        "weightedAverageShsOut": 29911626,
        "weightedAverageShsOutDil": 29999864,
        "link": "",
        "finalLink": ""
    },
    {
        "date": "2010-09-30",
        "symbol": "ASR",
        "reportedCurrency": "MXN",
        "cik": "0001123452",
        "fillingDate": "2010-09-30",
        "acceptedDate": "2010-09-29 20:00:00",
        "calendarYear": "2010",
        "period": "Q3",
        "revenue": 955508000,
        "costOfRevenue": 446577000,
        "grossProfit": 508931000,
        "grossProfitRatio": 0.5326287169,
        "researchAndDevelopmentExpenses": 0,
        "generalAndAdministrativeExpenses": 0,
        "sellingAndMarketingExpenses": 0,
        "sellingGeneralAndAdministrativeExpenses": 103138000,
        "otherExpenses": 107412000,
        "operatingExpenses": 210550000,
        "costAndExpenses": 657127000,
        "interestIncome": 0,
        "interestExpense": 7019000,
        "depreciationAndAmortization": -24593000,
        "ebitda": 419832000,
        "ebitdaratio": 0.4393809366,
        "operatingIncome": 298381000,
        "operatingIncomeRatio": 0.3122747272,
        "totalOtherIncomeExpensesNet": 7020000,
        "incomeBeforeTax": 305401000,
        "incomeBeforeTaxRatio": 0.3196216044,
        "incomeTaxExpense": 83552000,
        "netIncome": 221849000,
        "netIncomeRatio": 0.2321791131,
        "eps": 7.4,
        "epsdiluted": 7.4,
        "weightedAverageShsOut": 29999864,
        "weightedAverageShsOutDil": 29999864,
        "link": "",
        "finalLink": ""
    },
    {
        "date": "2010-06-30",
        "symbol": "ASR",
        "reportedCurrency": "MXN",
        "cik": "0001123452",
        "fillingDate": "2010-06-30",
        "acceptedDate": "2010-06-29 20:00:00",
        "calendarYear": "2010",
        "period": "Q2",
        "revenue": 898978000,
        "costOfRevenue": 220921000,
        "grossProfit": 678057000,
        "grossProfitRatio": 0.754253163,
        "researchAndDevelopmentExpenses": 0,
        "generalAndAdministrativeExpenses": 0,
        "sellingAndMarketingExpenses": 0,
        "sellingGeneralAndAdministrativeExpenses": 113262000,
        "otherExpenses": 150819000,
        "operatingExpenses": 264081000,
        "costAndExpenses": 485002000,
        "interestIncome": 0,
        "interestExpense": 0,
        "depreciationAndAmortization": 150819000,
        "ebitda": 564795000,
        "ebitdaratio": 0.628263428,
        "operatingIncome": 413976000,
        "operatingIncomeRatio": 0.4604962524,
        "totalOtherIncomeExpensesNet": -43726000,
        "incomeBeforeTax": 431748000,
        "incomeBeforeTaxRatio": 0.480265368,
        "incomeTaxExpense": 134657000,
        "netIncome": 344684000,
        "netIncomeRatio": 0.3834176142,
        "eps": 11.5,
        "epsdiluted": 11.5,
        "weightedAverageShsOut": 30001218,
        "weightedAverageShsOutDil": 30001218,
        "link": "",
        "finalLink": ""
    },
    {
        "date": "2010-03-31",
        "symbol": "ASR",
        "reportedCurrency": "MXN",
        "cik": "0001123452",
        "fillingDate": "2010-03-31",
        "acceptedDate": "2010-03-30 20:00:00",
        "calendarYear": "2010",
        "period": "Q1",
        "revenue": 970426000,
        "costOfRevenue": 184473000,
        "grossProfit": 785953000,
        "grossProfitRatio": 0.8099051344,
        "researchAndDevelopmentExpenses": 0,
        "generalAndAdministrativeExpenses": 0,
        "sellingAndMarketingExpenses": 0,
        "sellingGeneralAndAdministrativeExpenses": 119950000,
        "otherExpenses": 159720000,
        "operatingExpenses": 279670000,
        "costAndExpenses": 464143000,
        "interestIncome": 0,
        "interestExpense": 5009000,
        "depreciationAndAmortization": 159720000,
        "ebitda": 666008000,
        "ebitdaratio": 0.6863047775,
        "operatingIncome": 506283000,
        "operatingIncomeRatio": 0.5217121141,
        "totalOtherIncomeExpensesNet": -5014000,
        "incomeBeforeTax": 501269000,
        "incomeBeforeTaxRatio": 0.516545311,
        "incomeTaxExpense": 125811000,
        "netIncome": 430448000,
        "netIncomeRatio": 0.4435660215,
        "eps": 14.3,
        "epsdiluted": 14.3,
        "weightedAverageShsOut": 30000557,
        "weightedAverageShsOutDil": 30000557,
        "link": "",
        "finalLink": ""
    },
    {
        "date": "2009-12-31",
        "symbol": "ASR",
        "reportedCurrency": "MXN",
        "cik": "0001123452",
        "fillingDate": "2009-12-31",
        "acceptedDate": "2009-12-30 19:00:00",
        "calendarYear": "2009",
        "period": "Q4",
        "revenue": 753447000,
        "costOfRevenue": 210260000,
        "grossProfit": 543187000,
        "grossProfitRatio": 0.7209359119,
        "researchAndDevelopmentExpenses": 0,
        "generalAndAdministrativeExpenses": 0,
        "sellingAndMarketingExpenses": 0,
        "sellingGeneralAndAdministrativeExpenses": 97768000,
        "otherExpenses": 157152000,
        "operatingExpenses": 254920000,
        "costAndExpenses": 465180000,
        "interestIncome": 0,
        "interestExpense": 0,
        "depreciationAndAmortization": 157152000,
        "ebitda": 445419000,
        "ebitdaratio": 0.5911749599,
        "operatingIncome": 288267000,
        "operatingIncomeRatio": 0.3825975815,
        "totalOtherIncomeExpensesNet": -6154000,
        "incomeBeforeTax": 282113000,
        "incomeBeforeTaxRatio": 0.3744297874,
        "incomeTaxExpense": 278173000,
        "netIncome": 159503000,
        "netIncomeRatio": 0.211697704,
        "eps": 5.3,
        "epsdiluted": 5.3,
        "weightedAverageShsOut": 30002108,
        "weightedAverageShsOutDil": 30002108,
        "link": "",
        "finalLink": ""
    },
    {
        "date": "2009-09-30",
        "symbol": "ASR",
        "reportedCurrency": "MXN",
        "cik": "0001123452",
        "fillingDate": "2009-09-30",
        "acceptedDate": "2009-09-29 20:00:00",
        "calendarYear": "2009",
        "period": "Q3",
        "revenue": 714672000,
        "costOfRevenue": 191758000,
        "grossProfit": 522914000,
        "grossProfitRatio": 0.7316839053,
        "researchAndDevelopmentExpenses": 0,
        "generalAndAdministrativeExpenses": 0,
        "sellingAndMarketingExpenses": 0,
        "sellingGeneralAndAdministrativeExpenses": 88153000,
        "otherExpenses": 156415000,
        "operatingExpenses": 244568000,
        "costAndExpenses": 436326000,
        "interestIncome": 0,
        "interestExpense": 0,
        "depreciationAndAmortization": 156414000,
        "ebitda": 434761000,
        "ebitdaratio": 0.6083364117,
        "operatingIncome": 278346000,
        "operatingIncomeRatio": 0.3894737726,
        "totalOtherIncomeExpensesNet": 1989000,
        "incomeBeforeTax": 280335000,
        "incomeBeforeTaxRatio": 0.3922568675,
        "incomeTaxExpense": 57036000,
        "netIncome": 170742000,
        "netIncomeRatio": 0.2389095977,
        "eps": 5.7,
        "epsdiluted": 5.7,
        "weightedAverageShsOut": 30002108,
        "weightedAverageShsOutDil": 30002108,
        "link": "",
        "finalLink": ""
    },
    {
        "date": "2009-06-30",
        "symbol": "ASR",
        "reportedCurrency": "MXN",
        "cik": "0001123452",
        "fillingDate": "2009-06-30",
        "acceptedDate": "2009-06-29 20:00:00",
        "calendarYear": "2009",
        "period": "Q2",
        "revenue": 678374000,
        "costOfRevenue": 196237000,
        "grossProfit": 482137000,
        "grossProfitRatio": 0.7107244676,
        "researchAndDevelopmentExpenses": 0,
        "generalAndAdministrativeExpenses": 0,
        "sellingAndMarketingExpenses": 0,
        "sellingGeneralAndAdministrativeExpenses": 81236000,
        "otherExpenses": 157617000,
        "operatingExpenses": 238853000,
        "costAndExpenses": 435090000,
        "interestIncome": 0,
        "interestExpense": 0,
        "depreciationAndAmortization": 157617000,
        "ebitda": 400901000,
        "ebitdaratio": 0.5909734158,
        "operatingIncome": 243284000,
        "operatingIncomeRatio": 0.3586281314,
        "totalOtherIncomeExpensesNet": -17461000,
        "incomeBeforeTax": 225823000,
        "incomeBeforeTaxRatio": 0.3328886425,
        "incomeTaxExpense": 100384000,
        "netIncome": 125439000,
        "netIncomeRatio": 0.1849112731,
        "eps": 4.2,
        "epsdiluted": 4.2,
        "weightedAverageShsOut": 30002152,
        "weightedAverageShsOutDil": 30002152,
        "link": "",
        "finalLink": ""
    },
    {
        "date": "2009-03-31",
        "symbol": "ASR",
        "reportedCurrency": "MXN",
        "cik": "0001123452",
        "fillingDate": "2009-03-31",
        "acceptedDate": "2009-03-30 20:00:00",
        "calendarYear": "2009",
        "period": "Q1",
        "revenue": 984692000,
        "costOfRevenue": 190306000,
        "grossProfit": 794386000,
        "grossProfitRatio": 0.8067355071,
        "researchAndDevelopmentExpenses": 0,
        "generalAndAdministrativeExpenses": 0,
        "sellingAndMarketingExpenses": 0,
        "sellingGeneralAndAdministrativeExpenses": 108627000,
        "otherExpenses": 158324000,
        "operatingExpenses": 266951000,
        "costAndExpenses": 457257000,
        "interestIncome": 0,
        "interestExpense": 0,
        "depreciationAndAmortization": 158324000,
        "ebitda": 685758000,
        "ebitdaratio": 0.6964187787,
        "operatingIncome": 527435000,
        "operatingIncomeRatio": 0.5356344928,
        "totalOtherIncomeExpensesNet": 26398000,
        "incomeBeforeTax": 553833000,
        "incomeBeforeTaxRatio": 0.5624428755,
        "incomeTaxExpense": 212105000,
        "netIncome": 341728000,
        "netIncomeRatio": 0.3470404959,
        "eps": 11.4,
        "epsdiluted": 11.4,
        "weightedAverageShsOut": 29999824,
        "weightedAverageShsOutDil": 29999824,
        "link": "",
        "finalLink": ""
    },
    {
        "date": "2008-12-31",
        "symbol": "ASR",
        "reportedCurrency": "MXN",
        "cik": "0001123452",
        "fillingDate": "2008-12-31",
        "acceptedDate": "2008-12-30 19:00:00",
        "calendarYear": "2008",
        "period": "Q4",
        "revenue": 755993000,
        "costOfRevenue": 230162000,
        "grossProfit": 525831000,
        "grossProfitRatio": 0.6955500911,
        "researchAndDevelopmentExpenses": 0,
        "generalAndAdministrativeExpenses": 0,
        "sellingAndMarketingExpenses": 0,
        "sellingGeneralAndAdministrativeExpenses": 94704000,
        "otherExpenses": 151411000,
        "operatingExpenses": 246115000,
        "costAndExpenses": 476277000,
        "interestIncome": 0,
        "interestExpense": 0,
        "depreciationAndAmortization": 151411000,
        "ebitda": 431127000,
        "ebitdaratio": 0.5702790899,
        "operatingIncome": 279716000,
        "operatingIncomeRatio": 0.3699981349,
        "totalOtherIncomeExpensesNet": 64210000,
        "incomeBeforeTax": 343926000,
        "incomeBeforeTaxRatio": 0.4549327838,
        "incomeTaxExpense": 135601000,
        "netIncome": 208325000,
        "netIncomeRatio": 0.2755647208,
        "eps": 6.9,
        "epsdiluted": 6.9,
        "weightedAverageShsOut": 29999572,
        "weightedAverageShsOutDil": 30000000,
        "link": "",
        "finalLink": ""
    },
    {
        "date": "2008-09-30",
        "symbol": "ASR",
        "reportedCurrency": "MXN",
        "cik": "0001123452",
        "fillingDate": "2008-09-30",
        "acceptedDate": "2008-09-29 20:00:00",
        "calendarYear": "2008",
        "period": "Q3",
        "revenue": 734306000,
        "costOfRevenue": 211689000,
        "grossProfit": 522617000,
        "grossProfitRatio": 0.7117155518,
        "researchAndDevelopmentExpenses": 0,
        "generalAndAdministrativeExpenses": 0,
        "sellingAndMarketingExpenses": 0,
        "sellingGeneralAndAdministrativeExpenses": 83361000,
        "otherExpenses": 151238000,
        "operatingExpenses": 234599000,
        "costAndExpenses": 446288000,
        "interestIncome": 0,
        "interestExpense": 0,
        "depreciationAndAmortization": 151238000,
        "ebitda": 439256000,
        "ebitdaratio": 0.5981920344,
        "operatingIncome": 288018000,
        "operatingIncomeRatio": 0.3922315765,
        "totalOtherIncomeExpensesNet": 48282000,
        "incomeBeforeTax": 336300000,
        "incomeBeforeTaxRatio": 0.4579834565,
        "incomeTaxExpense": 102390000,
        "netIncome": 233910000,
        "netIncomeRatio": 0.3185456744,
        "eps": 7.8,
        "epsdiluted": 7.8,
        "weightedAverageShsOut": 30000197,
        "weightedAverageShsOutDil": 30921376,
        "link": "",
        "finalLink": ""
    },
    {
        "date": "2008-06-30",
        "symbol": "ASR",
        "reportedCurrency": "MXN",
        "cik": "0001123452",
        "fillingDate": "2008-06-30",
        "acceptedDate": "2008-06-29 20:00:00",
        "calendarYear": "2008",
        "period": "Q2",
        "revenue": 808518000,
        "costOfRevenue": 181103000,
        "grossProfit": 627415000,
        "grossProfitRatio": 0.7760062237,
        "researchAndDevelopmentExpenses": 0,
        "generalAndAdministrativeExpenses": 0,
        "sellingAndMarketingExpenses": 0,
        "sellingGeneralAndAdministrativeExpenses": 95550000,
        "otherExpenses": 149750000,
        "operatingExpenses": 245300000,
        "costAndExpenses": 426403000,
        "interestIncome": 0,
        "interestExpense": 0,
        "depreciationAndAmortization": 149749000,
        "ebitda": 531865000,
        "ebitdaratio": 0.6578270366,
        "operatingIncome": 382115000,
        "operatingIncomeRatio": 0.4726116178,
        "totalOtherIncomeExpensesNet": 15383000,
        "incomeBeforeTax": 397498000,
        "incomeBeforeTaxRatio": 0.4916377867,
        "incomeTaxExpense": 142340000,
        "netIncome": 255158000,
        "netIncomeRatio": 0.3155872844,
        "eps": 8.5,
        "epsdiluted": 8.5,
        "weightedAverageShsOut": 30000940,
        "weightedAverageShsOutDil": 30000940,
        "link": "",
        "finalLink": ""
    },
    {
        "date": "2008-03-31",
        "symbol": "ASR",
        "reportedCurrency": "MXN",
        "cik": "0001123452",
        "fillingDate": "2008-03-31",
        "acceptedDate": "2008-03-30 20:00:00",
        "calendarYear": "2008",
        "period": "Q1",
        "revenue": 869890000,
        "costOfRevenue": 187147000,
        "grossProfit": 682743000,
        "grossProfitRatio": 0.7848613043,
        "researchAndDevelopmentExpenses": 0,
        "generalAndAdministrativeExpenses": 0,
        "sellingAndMarketingExpenses": 0,
        "sellingGeneralAndAdministrativeExpenses": 99780000,
        "otherExpenses": 149115000,
        "operatingExpenses": 248895000,
        "costAndExpenses": 436042000,
        "interestIncome": 0,
        "interestExpense": 0,
        "depreciationAndAmortization": 149115000,
        "ebitda": 582963000,
        "ebitdaratio": 0.6701571463,
        "operatingIncome": 433848000,
        "operatingIncomeRatio": 0.498738921,
        "totalOtherIncomeExpensesNet": 36662000,
        "incomeBeforeTax": 470510000,
        "incomeBeforeTaxRatio": 0.5408844796,
        "incomeTaxExpense": 118434000,
        "netIncome": 352076000,
        "netIncomeRatio": 0.404736231,
        "eps": 11.7,
        "epsdiluted": 11.7,
        "weightedAverageShsOut": 29999659,
        "weightedAverageShsOutDil": 29999659,
        "link": "",
        "finalLink": ""
    },
    {
        "date": "2007-12-31",
        "symbol": "ASR",
        "reportedCurrency": "MXN",
        "cik": "0001123452",
        "fillingDate": "2007-12-31",
        "acceptedDate": "2007-12-30 19:00:00",
        "calendarYear": "2007",
        "period": "Q4",
        "revenue": 693676938,
        "costOfRevenue": 211660342,
        "grossProfit": 482016596,
        "grossProfitRatio": 0.6948718771,
        "researchAndDevelopmentExpenses": 0,
        "generalAndAdministrativeExpenses": 0,
        "sellingAndMarketingExpenses": 0,
        "sellingGeneralAndAdministrativeExpenses": -147040564,
        "otherExpenses": 376984617,
        "operatingExpenses": 229944053,
        "costAndExpenses": 441604396,
        "interestIncome": 0,
        "interestExpense": 0,
        "depreciationAndAmortization": 933582693,
        "ebitda": 1185655235,
        "ebitdaratio": 1.7092325981,
        "operatingIncome": 249758852,
        "operatingIncomeRatio": 0.3600506782,
        "totalOtherIncomeExpensesNet": -12226675,
        "incomeBeforeTax": 237532177,
        "incomeBeforeTaxRatio": 0.3424247859,
        "incomeTaxExpense": -93230082.75,
        "netIncome": -180277739.7,
        "netIncomeRatio": -0.2598871749,
        "eps": -6,
        "epsdiluted": -6,
        "weightedAverageShsOut": 30000000,
        "weightedAverageShsOutDil": 30000000,
        "link": "",
        "finalLink": ""
    },
    {
        "date": "2007-09-30",
        "symbol": "ASR",
        "reportedCurrency": "MXN",
        "cik": "0001123452",
        "fillingDate": "2007-09-30",
        "acceptedDate": "2007-09-29 20:00:00",
        "calendarYear": "2007",
        "period": "Q3",
        "revenue": 688095655,
        "costOfRevenue": 180563875,
        "grossProfit": 507531780,
        "grossProfitRatio": 0.7375889912,
        "researchAndDevelopmentExpenses": 0,
        "generalAndAdministrativeExpenses": 0,
        "sellingAndMarketingExpenses": 0,
        "sellingGeneralAndAdministrativeExpenses": 83661007,
        "otherExpenses": 139504264,
        "operatingExpenses": 223165271,
        "costAndExpenses": 403729147,
        "interestIncome": 0,
        "interestExpense": 0,
        "depreciationAndAmortization": -143888534.4,
        "ebitda": 424023857,
        "ebitdaratio": 0.6162280693,
        "operatingIncome": 284289965,
        "operatingIncomeRatio": 0.4131547161,
        "totalOtherIncomeExpensesNet": -9272000,
        "incomeBeforeTax": 275082990,
        "incomeBeforeTaxRatio": 0.3997743453,
        "incomeTaxExpense": 36499861,
        "netIncome": 242173000,
        "netIncomeRatio": 0.3519467072,
        "eps": 8.1,
        "epsdiluted": 8.1,
        "weightedAverageShsOut": 30001610,
        "weightedAverageShsOutDil": 30001610,
        "link": "",
        "finalLink": ""
    },
    {
        "date": "2007-06-30",
        "symbol": "ASR",
        "reportedCurrency": "MXN",
        "cik": "0001123452",
        "fillingDate": "2007-06-30",
        "acceptedDate": "2007-06-29 20:00:00",
        "calendarYear": "2007",
        "period": "Q2",
        "revenue": 700516266,
        "costOfRevenue": 188654077,
        "grossProfit": 511862189,
        "grossProfitRatio": 0.7306927959,
        "researchAndDevelopmentExpenses": 0,
        "generalAndAdministrativeExpenses": 0,
        "sellingAndMarketingExpenses": 0,
        "sellingGeneralAndAdministrativeExpenses": 81749021,
        "otherExpenses": 123600203,
        "operatingExpenses": 205349224,
        "costAndExpenses": 394003302,
        "interestIncome": 0,
        "interestExpense": 0,
        "depreciationAndAmortization": -123298012.95,
        "ebitda": 699061146,
        "ebitdaratio": 0.9979227891,
        "operatingIncome": 306512963,
        "operatingIncomeRatio": 0.4375529561,
        "totalOtherIncomeExpensesNet": 31356000,
        "incomeBeforeTax": 336881511,
        "incomeBeforeTaxRatio": 0.4809046233,
        "incomeTaxExpense": 103160250,
        "netIncome": 241337000,
        "netIncomeRatio": 0.3445130566,
        "eps": 8,
        "epsdiluted": 7.8,
        "weightedAverageShsOut": 29998384,
        "weightedAverageShsOutDil": 30920820,
        "link": "",
        "finalLink": ""
    },
    {
        "date": "2007-03-31",
        "symbol": "ASR",
        "reportedCurrency": "MXN",
        "cik": "0001123452",
        "fillingDate": "2007-03-31",
        "acceptedDate": "2007-03-30 20:00:00",
        "calendarYear": "2007",
        "period": "Q1",
        "revenue": 681127344,
        "costOfRevenue": 157530519,
        "grossProfit": 523596825,
        "grossProfitRatio": 0.7687209002,
        "researchAndDevelopmentExpenses": 0,
        "generalAndAdministrativeExpenses": 0,
        "sellingAndMarketingExpenses": 0,
        "sellingGeneralAndAdministrativeExpenses": 83015698,
        "otherExpenses": 125575146,
        "operatingExpenses": 208590844,
        "costAndExpenses": 366121363,
        "interestIncome": 0,
        "interestExpense": 0,
        "depreciationAndAmortization": -125575146,
        "ebitda": 436594963,
        "ebitdaratio": 0.6409887473,
        "operatingIncome": 315005980,
        "operatingIncomeRatio": 0.4624773661,
        "totalOtherIncomeExpensesNet": 13590020,
        "incomeBeforeTax": 319003155,
        "incomeBeforeTaxRatio": 0.4683458355,
        "incomeTaxExpense": 96020280,
        "netIncome": 229691000,
        "netIncomeRatio": 0.3372218162,
        "eps": 7.7,
        "epsdiluted": 7.7,
        "weightedAverageShsOut": 30001436,
        "weightedAverageShsOutDil": 30001436,
        "link": "",
        "finalLink": ""
    },
    {
        "date": "2006-12-31",
        "symbol": "ASR",
        "reportedCurrency": "MXN",
        "cik": "0001123452",
        "fillingDate": "2006-12-31",
        "acceptedDate": "2006-12-30 19:00:00",
        "calendarYear": "2006",
        "period": "Q4",
        "revenue": 584353045,
        "costOfRevenue": 143779126,
        "grossProfit": 440573919,
        "grossProfitRatio": 0.7539516099,
        "researchAndDevelopmentExpenses": 0,
        "generalAndAdministrativeExpenses": 0,
        "sellingAndMarketingExpenses": 0,
        "sellingGeneralAndAdministrativeExpenses": 96397306,
        "otherExpenses": 143340146,
        "operatingExpenses": 239737452,
        "costAndExpenses": 383516578,
        "interestIncome": 0,
        "interestExpense": 0,
        "depreciationAndAmortization": 846039285,
        "ebitda": 1046875751,
        "ebitdaratio": 1.7915124426,
        "operatingIncome": 214628898,
        "operatingIncomeRatio": 0.3672931969,
        "totalOtherIncomeExpensesNet": 3269358,
        "incomeBeforeTax": 217898256,
        "incomeBeforeTaxRatio": 0.3728880304,
        "incomeTaxExpense": 65849737,
        "netIncome": 136394518,
        "netIncomeRatio": 0.233411153,
        "eps": 5.3,
        "epsdiluted": 5.3,
        "weightedAverageShsOut": 25500000,
        "weightedAverageShsOutDil": 25500000,
        "link": "",
        "finalLink": ""
    },
    {
        "date": "2006-09-30",
        "symbol": "ASR",
        "reportedCurrency": "MXN",
        "cik": "0001123452",
        "fillingDate": "2006-09-30",
        "acceptedDate": "2006-09-29 20:00:00",
        "calendarYear": "2006",
        "period": "Q3",
        "revenue": 555601856,
        "costOfRevenue": 179411610,
        "grossProfit": 376190246,
        "grossProfitRatio": 0.6770860139,
        "researchAndDevelopmentExpenses": 0,
        "generalAndAdministrativeExpenses": 0,
        "sellingAndMarketingExpenses": 0,
        "sellingGeneralAndAdministrativeExpenses": 68511213,
        "otherExpenses": 112187250,
        "operatingExpenses": 180698463,
        "costAndExpenses": 360110073,
        "interestIncome": 0,
        "interestExpense": 0,
        "depreciationAndAmortization": -125736982.65,
        "ebitda": 317148956,
        "ebitdaratio": 0.5708205482,
        "operatingIncome": 186021858,
        "operatingIncomeRatio": 0.3348114409,
        "totalOtherIncomeExpensesNet": -27331893,
        "incomeBeforeTax": 158689965,
        "incomeBeforeTaxRatio": 0.2856181334,
        "incomeTaxExpense": 75715395,
        "netIncome": 82974570,
        "netIncomeRatio": 0.1493417797,
        "eps": 2.8,
        "epsdiluted": 2.8,
        "weightedAverageShsOut": 25500000,
        "weightedAverageShsOutDil": 25500000,
        "link": "",
        "finalLink": ""
    },
    {
        "date": "2006-06-30",
        "symbol": "ASR",
        "reportedCurrency": "MXN",
        "cik": "0001123452",
        "fillingDate": "2006-06-30",
        "acceptedDate": "2006-06-29 20:00:00",
        "calendarYear": "2006",
        "period": "Q2",
        "revenue": 575602424,
        "costOfRevenue": 154257024,
        "grossProfit": 421345400,
        "grossProfitRatio": 0.7320076887,
        "researchAndDevelopmentExpenses": 0,
        "generalAndAdministrativeExpenses": 0,
        "sellingAndMarketingExpenses": 0,
        "sellingGeneralAndAdministrativeExpenses": 69814115,
        "otherExpenses": 113136115,
        "operatingExpenses": 182950231,
        "costAndExpenses": 337207256,
        "interestIncome": 0,
        "interestExpense": 0,
        "depreciationAndAmortization": 116149918,
        "ebitda": 354545086,
        "ebitdaratio": 0.6159548175,
        "operatingIncome": 235381365,
        "operatingIncomeRatio": 0.4089304617,
        "totalOtherIncomeExpensesNet": 31537694,
        "incomeBeforeTax": 266919059,
        "incomeBeforeTaxRatio": 0.4637212212,
        "incomeTaxExpense": 93179550,
        "netIncome": 173750796,
        "netIncomeRatio": 0.3018590415,
        "eps": 5.8,
        "epsdiluted": 5.8,
        "weightedAverageShsOut": 25500000,
        "weightedAverageShsOutDil": 25500000,
        "link": "",
        "finalLink": ""
    },
    {
        "date": "2006-03-31",
        "symbol": "ASR",
        "reportedCurrency": "MXN",
        "cik": "0001123452",
        "fillingDate": "2006-03-31",
        "acceptedDate": "2006-03-30 19:00:00",
        "calendarYear": "2006",
        "period": "Q1",
        "revenue": 503910851,
        "costOfRevenue": 137222270,
        "grossProfit": 366688581,
        "grossProfitRatio": 0.7276854235,
        "researchAndDevelopmentExpenses": 0,
        "generalAndAdministrativeExpenses": 0,
        "sellingAndMarketingExpenses": 0,
        "sellingGeneralAndAdministrativeExpenses": 64379107,
        "otherExpenses": 115000040,
        "operatingExpenses": 179379147,
        "costAndExpenses": 316601418,
        "interestIncome": 0,
        "interestExpense": 0,
        "depreciationAndAmortization": 116230977,
        "ebitda": 303540411,
        "ebitdaratio": 0.6023692691,
        "operatingIncome": 186078496,
        "operatingIncomeRatio": 0.3692686824,
        "totalOtherIncomeExpensesNet": 7527236,
        "incomeBeforeTax": 193605732,
        "incomeBeforeTaxRatio": 0.3842063167,
        "incomeTaxExpense": 64063203,
        "netIncome": 129542529,
        "netIncomeRatio": 0.2570742994,
        "eps": 4.3,
        "epsdiluted": 4.3,
        "weightedAverageShsOut": 29992459,
        "weightedAverageShsOutDil": 29992459,
        "link": "",
        "finalLink": ""
    },
    {
        "date": "2005-12-31",
        "symbol": "ASR",
        "reportedCurrency": "MXN",
        "cik": "0001123452",
        "fillingDate": "2005-12-31",
        "acceptedDate": "2005-12-30 19:00:00",
        "calendarYear": "2005",
        "period": "Q4",
        "revenue": 349973289,
        "costOfRevenue": 125302262,
        "grossProfit": 224671027,
        "grossProfitRatio": 0.641966213,
        "researchAndDevelopmentExpenses": 0,
        "generalAndAdministrativeExpenses": 0,
        "sellingAndMarketingExpenses": 0,
        "sellingGeneralAndAdministrativeExpenses": -94661147.85,
        "otherExpenses": 276399405,
        "operatingExpenses": 181738257,
        "costAndExpenses": 307040519,
        "interestIncome": 0,
        "interestExpense": 0,
        "depreciationAndAmortization": 754429890,
        "ebitda": 797362660,
        "ebitdaratio": 2.278352906,
        "operatingIncome": 35971281,
        "operatingIncomeRatio": 0.1027829327,
        "totalOtherIncomeExpensesNet": -7166845,
        "incomeBeforeTax": 28804436,
        "incomeBeforeTaxRatio": 0.0823046698,
        "incomeTaxExpense": 5679409,
        "netIncome": 14161027,
        "netIncomeRatio": 0.0404631652,
        "eps": 0.44,
        "epsdiluted": 0.44,
        "weightedAverageShsOut": 32371539,
        "weightedAverageShsOutDil": 32371539,
        "link": "",
        "finalLink": ""
    },
    {
        "date": "2005-09-30",
        "symbol": "ASR",
        "reportedCurrency": "MXN",
        "cik": "0001123452",
        "fillingDate": "2005-09-30",
        "acceptedDate": "2005-09-29 20:00:00",
        "calendarYear": "2005",
        "period": "Q3",
        "revenue": 538557048,
        "costOfRevenue": 139378676,
        "grossProfit": 399178372,
        "grossProfitRatio": 0.7411997921,
        "researchAndDevelopmentExpenses": 0,
        "generalAndAdministrativeExpenses": 0,
        "sellingAndMarketingExpenses": 0,
        "sellingGeneralAndAdministrativeExpenses": 66977250,
        "otherExpenses": 105183722,
        "operatingExpenses": 172160972,
        "costAndExpenses": 311539648,
        "interestIncome": 0,
        "interestExpense": 0,
        "depreciationAndAmortization": -109129513.35,
        "ebitda": 336244990,
        "ebitdaratio": 0.6243442385,
        "operatingIncome": 225000857,
        "operatingIncomeRatio": 0.4177846299,
        "totalOtherIncomeExpensesNet": 22365290,
        "incomeBeforeTax": 246492671,
        "incomeBeforeTaxRatio": 0.4576909204,
        "incomeTaxExpense": 77944222,
        "netIncome": 175449985,
        "netIncomeRatio": 0.3257779016,
        "eps": 5.6,
        "epsdiluted": 5.6,
        "weightedAverageShsOut": 32371539,
        "weightedAverageShsOutDil": 32371539,
        "link": "",
        "finalLink": ""
    },
    {
        "date": "2005-06-30",
        "symbol": "ASR",
        "reportedCurrency": "MXN",
        "cik": "0001123452",
        "fillingDate": "2005-06-30",
        "acceptedDate": "2005-06-29 20:00:00",
        "calendarYear": "2005",
        "period": "Q2",
        "revenue": 573463378,
        "costOfRevenue": 142581570,
        "grossProfit": 430881808,
        "grossProfitRatio": 0.7513676104,
        "researchAndDevelopmentExpenses": 0,
        "generalAndAdministrativeExpenses": 0,
        "sellingAndMarketingExpenses": 0,
        "sellingGeneralAndAdministrativeExpenses": 73371402,
        "otherExpenses": 107275760,
        "operatingExpenses": 180647162,
        "costAndExpenses": 323228733,
        "interestIncome": 0,
        "interestExpense": 0,
        "depreciationAndAmortization": -107277153.2,
        "ebitda": 357510405,
        "ebitdaratio": 0.6234232537,
        "operatingIncome": 250234644,
        "operatingIncomeRatio": 0.4363567991,
        "totalOtherIncomeExpensesNet": 6047804,
        "incomeBeforeTax": 256099182,
        "incomeBeforeTaxRatio": 0.4465833248,
        "incomeTaxExpense": 95277175,
        "netIncome": 165942697,
        "netIncomeRatio": 0.2893693013,
        "eps": 5.3,
        "epsdiluted": 5.3,
        "weightedAverageShsOut": 30000000,
        "weightedAverageShsOutDil": 30000000,
        "link": "",
        "finalLink": ""
    },
    {
        "date": "2005-03-31",
        "symbol": "ASR",
        "reportedCurrency": "MXN",
        "cik": "0001123452",
        "fillingDate": "2005-03-31",
        "acceptedDate": "2005-03-30 19:00:00",
        "calendarYear": "2005",
        "period": "Q1",
        "revenue": 591188268,
        "costOfRevenue": 126440402,
        "grossProfit": 464747866,
        "grossProfitRatio": 0.7861249811,
        "researchAndDevelopmentExpenses": 0,
        "generalAndAdministrativeExpenses": 0,
        "sellingAndMarketingExpenses": 0,
        "sellingGeneralAndAdministrativeExpenses": 77286528,
        "otherExpenses": 103932042,
        "operatingExpenses": 181218570,
        "costAndExpenses": 307658972,
        "interestIncome": 0,
        "interestExpense": 0,
        "depreciationAndAmortization": -103943224,
        "ebitda": 385012589,
        "ebitdaratio": 0.6512520797,
        "operatingIncome": 283518114,
        "operatingIncomeRatio": 0.4795733091,
        "totalOtherIncomeExpensesNet": 2426385,
        "incomeBeforeTax": 285944499,
        "incomeBeforeTaxRatio": 0.4836775601,
        "incomeTaxExpense": 69739015,
        "netIncome": 216227847,
        "netIncomeRatio": 0.3657512483,
        "eps": 7.2,
        "epsdiluted": 6.4,
        "weightedAverageShsOut": 30000000,
        "weightedAverageShsOutDil": 30000000,
        "link": "",
        "finalLink": ""
    },
    {
        "date": "2004-12-31",
        "symbol": "ASR",
        "reportedCurrency": "MXN",
        "cik": "0001123452",
        "fillingDate": "2004-12-31",
        "acceptedDate": "2004-12-30 19:00:00",
        "calendarYear": "2004",
        "period": "Q4",
        "revenue": 489295245,
        "costOfRevenue": 132236927,
        "grossProfit": 357058318,
        "grossProfitRatio": 0.7297400121,
        "researchAndDevelopmentExpenses": 0,
        "generalAndAdministrativeExpenses": 0,
        "sellingAndMarketingExpenses": 0,
        "sellingGeneralAndAdministrativeExpenses": -99443390,
        "otherExpenses": 266845927,
        "operatingExpenses": 167402537,
        "costAndExpenses": 299639465,
        "interestIncome": 0,
        "interestExpense": 0,
        "depreciationAndAmortization": 693697292,
        "ebitda": 883353072,
        "ebitdaratio": 1.8053579736,
        "operatingIncome": 185387000,
        "operatingIncomeRatio": 0.3788857584,
        "totalOtherIncomeExpensesNet": -8877053,
        "incomeBeforeTax": 176509947,
        "incomeBeforeTaxRatio": 0.3607432298,
        "incomeTaxExpense": -46212317.5,
        "netIncome": 205008265,
        "netIncomeRatio": 0.4189868328,
        "eps": 6.8,
        "epsdiluted": 6.8,
        "weightedAverageShsOut": 29854513,
        "weightedAverageShsOutDil": 30000000,
        "link": "",
        "finalLink": ""
    },
    {
        "date": "2004-09-30",
        "symbol": "ASR",
        "reportedCurrency": "MXN",
        "cik": "0001123452",
        "fillingDate": "2004-09-30",
        "acceptedDate": "2004-09-29 20:00:00",
        "calendarYear": "2004",
        "period": "Q3",
        "revenue": 512052067,
        "costOfRevenue": 122211995,
        "grossProfit": 389840072,
        "grossProfitRatio": 0.7613289685,
        "researchAndDevelopmentExpenses": 0,
        "generalAndAdministrativeExpenses": 0,
        "sellingAndMarketingExpenses": 0,
        "sellingGeneralAndAdministrativeExpenses": 69726287,
        "otherExpenses": 97822047,
        "operatingExpenses": 167548335,
        "costAndExpenses": 289760330,
        "interestIncome": 0,
        "interestExpense": 0,
        "depreciationAndAmortization": -102368035.5,
        "ebitda": 321995197,
        "ebitdaratio": 0.628832921,
        "operatingIncome": 220410325,
        "operatingIncomeRatio": 0.4304451426,
        "totalOtherIncomeExpensesNet": -775370,
        "incomeBeforeTax": 219634955,
        "incomeBeforeTaxRatio": 0.4289309021,
        "incomeTaxExpense": 83511910,
        "netIncome": 136134447,
        "netIncomeRatio": 0.2658605555,
        "eps": 4.5,
        "epsdiluted": 4.5,
        "weightedAverageShsOut": 30000000,
        "weightedAverageShsOutDil": 30000000,
        "link": "",
        "finalLink": ""
    },
    {
        "date": "2004-06-30",
        "symbol": "ASR",
        "reportedCurrency": "MXN",
        "cik": "0001123452",
        "fillingDate": "2004-06-30",
        "acceptedDate": "2004-06-29 20:00:00",
        "calendarYear": "2004",
        "period": "Q2",
        "revenue": 493808461,
        "costOfRevenue": 117613534,
        "grossProfit": 376194927,
        "grossProfitRatio": 0.7618235747,
        "researchAndDevelopmentExpenses": 0,
        "generalAndAdministrativeExpenses": 0,
        "sellingAndMarketingExpenses": 0,
        "sellingGeneralAndAdministrativeExpenses": 65392110,
        "otherExpenses": 93740224,
        "operatingExpenses": 159132334,
        "costAndExpenses": 276745868,
        "interestIncome": 0,
        "interestExpense": 0,
        "depreciationAndAmortization": -97049487,
        "ebitda": 314135854,
        "ebitdaratio": 0.6361491931,
        "operatingIncome": 213729556,
        "operatingIncomeRatio": 0.4328187402,
        "totalOtherIncomeExpensesNet": -3194641,
        "incomeBeforeTax": 210534915,
        "incomeBeforeTaxRatio": 0.4263493472,
        "incomeTaxExpense": 81745904,
        "netIncome": 128777478,
        "netIncomeRatio": 0.2607842679,
        "eps": 4.3,
        "epsdiluted": 4.3,
        "weightedAverageShsOut": 30000000,
        "weightedAverageShsOutDil": 30000000,
        "link": "",
        "finalLink": ""
    },
    {
        "date": "2004-03-31",
        "symbol": "ASR",
        "reportedCurrency": "MXN",
        "cik": "0001123452",
        "fillingDate": "2004-03-31",
        "acceptedDate": "2004-03-30 19:00:00",
        "calendarYear": "2004",
        "period": "Q1",
        "revenue": 465342200,
        "costOfRevenue": 91962610,
        "grossProfit": 373379590,
        "grossProfitRatio": 0.8023763802,
        "researchAndDevelopmentExpenses": 0,
        "generalAndAdministrativeExpenses": 0,
        "sellingAndMarketingExpenses": 0,
        "sellingGeneralAndAdministrativeExpenses": 67980620,
        "otherExpenses": 88767990,
        "operatingExpenses": 156748610,
        "costAndExpenses": 248711220,
        "interestIncome": 0,
        "interestExpense": 0,
        "depreciationAndAmortization": -94732770,
        "ebitda": 311363750,
        "ebitdaratio": 0.6691070571,
        "operatingIncome": 210666200,
        "operatingIncomeRatio": 0.452712434,
        "totalOtherIncomeExpensesNet": -10924260,
        "incomeBeforeTax": 199741940,
        "incomeBeforeTaxRatio": 0.4292366779,
        "incomeTaxExpense": 66975320,
        "netIncome": 132766620,
        "netIncomeRatio": 0.2853096495,
        "eps": 4.4,
        "epsdiluted": 4.4,
        "weightedAverageShsOut": 30000000,
        "weightedAverageShsOutDil": 30000000,
        "link": "",
        "finalLink": ""
    },
    {
        "date": "2003-12-31",
        "symbol": "ASR",
        "reportedCurrency": "MXN",
        "cik": "0001123452",
        "fillingDate": "2003-12-31",
        "acceptedDate": "2003-12-30 19:00:00",
        "calendarYear": "2003",
        "period": "Q4",
        "revenue": 358804162,
        "costOfRevenue": 106389180,
        "grossProfit": 252414982,
        "grossProfitRatio": 0.7034895599,
        "researchAndDevelopmentExpenses": 0,
        "generalAndAdministrativeExpenses": 0,
        "sellingAndMarketingExpenses": 0,
        "sellingGeneralAndAdministrativeExpenses": -53517081,
        "otherExpenses": 174917887,
        "operatingExpenses": 121400806,
        "costAndExpenses": 227789986,
        "interestIncome": 0,
        "interestExpense": 0,
        "depreciationAndAmortization": 620131072,
        "ebitda": 751145247,
        "ebitdaratio": 2.0934686008,
        "operatingIncome": 97372098,
        "operatingIncomeRatio": 0.2713795109,
        "totalOtherIncomeExpensesNet": 18429612,
        "incomeBeforeTax": 115801710,
        "incomeBeforeTaxRatio": 0.3227434971,
        "incomeTaxExpense": 58864803,
        "netIncome": 39027944,
        "netIncomeRatio": 0.1087722723,
        "eps": 2,
        "epsdiluted": 2,
        "weightedAverageShsOut": 20000000,
        "weightedAverageShsOutDil": 20000000,
        "link": "",
        "finalLink": ""
    },
    {
        "date": "2003-09-30",
        "symbol": "ASR",
        "reportedCurrency": "MXN",
        "cik": "0001123452",
        "fillingDate": "2003-09-30",
        "acceptedDate": "2003-09-29 20:00:00",
        "calendarYear": "2003",
        "period": "Q3",
        "revenue": 371880678,
        "costOfRevenue": 93119169,
        "grossProfit": 278761509,
        "grossProfitRatio": 0.7495993352,
        "researchAndDevelopmentExpenses": 0,
        "generalAndAdministrativeExpenses": 0,
        "sellingAndMarketingExpenses": 0,
        "sellingGeneralAndAdministrativeExpenses": 60582093,
        "otherExpenses": 87379929,
        "operatingExpenses": 147962022,
        "costAndExpenses": 241081191,
        "interestIncome": 0,
        "interestExpense": 0,
        "depreciationAndAmortization": -89788704,
        "ebitda": 219305190,
        "ebitdaratio": 0.5897192378,
        "operatingIncome": 129684750,
        "operatingIncomeRatio": 0.3487267763,
        "totalOtherIncomeExpensesNet": 893997,
        "incomeBeforeTax": 130578747,
        "incomeBeforeTaxRatio": 0.3511307651,
        "incomeTaxExpense": 57105438,
        "netIncome": 73473309,
        "netIncomeRatio": 0.1975722681,
        "eps": 2.4,
        "epsdiluted": 2.2,
        "weightedAverageShsOut": 20000000,
        "weightedAverageShsOutDil": 20000000,
        "link": "",
        "finalLink": ""
    },
    {
        "date": "2003-06-30",
        "symbol": "ASR",
        "reportedCurrency": "MXN",
        "cik": "0001123452",
        "fillingDate": "2003-06-30",
        "acceptedDate": "2003-06-29 20:00:00",
        "calendarYear": "2003",
        "period": "Q2",
        "revenue": 357209632,
        "costOfRevenue": 90313536,
        "grossProfit": 266896096,
        "grossProfitRatio": 0.7471693708,
        "researchAndDevelopmentExpenses": 0,
        "generalAndAdministrativeExpenses": 0,
        "sellingAndMarketingExpenses": 0,
        "sellingGeneralAndAdministrativeExpenses": 57748960,
        "otherExpenses": 87853472,
        "operatingExpenses": 145602432,
        "costAndExpenses": 235915968,
        "interestIncome": 0,
        "interestExpense": 0,
        "depreciationAndAmortization": -87418647,
        "ebitda": 209157560,
        "ebitdaratio": 0.5855316914,
        "operatingIncome": 121293664,
        "operatingIncomeRatio": 0.339558772,
        "totalOtherIncomeExpensesNet": 854768,
        "incomeBeforeTax": 122148432,
        "incomeBeforeTaxRatio": 0.341951675,
        "incomeTaxExpense": 49753752,
        "netIncome": 72384256,
        "netIncomeRatio": 0.2026380296,
        "eps": 2.4,
        "epsdiluted": 2.3,
        "weightedAverageShsOut": 20000000,
        "weightedAverageShsOutDil": 20000000,
        "link": "",
        "finalLink": ""
    },
    {
        "date": "2003-03-31",
        "symbol": "ASR",
        "reportedCurrency": "MXN",
        "cik": "0001123452",
        "fillingDate": "2003-03-31",
        "acceptedDate": "2003-03-30 19:00:00",
        "calendarYear": "2003",
        "period": "Q1",
        "revenue": 366868269,
        "costOfRevenue": 77165451,
        "grossProfit": 289702818,
        "grossProfitRatio": 0.7896644177,
        "researchAndDevelopmentExpenses": 0,
        "generalAndAdministrativeExpenses": 0,
        "sellingAndMarketingExpenses": 0,
        "sellingGeneralAndAdministrativeExpenses": 54369270,
        "otherExpenses": 88298721,
        "operatingExpenses": 142667991,
        "costAndExpenses": 219833442,
        "interestIncome": 0,
        "interestExpense": 0,
        "depreciationAndAmortization": -88298721,
        "ebitda": 228523878,
        "ebitdaratio": 0.6229044518,
        "operatingIncome": 147034827,
        "operatingIncomeRatio": 0.4007837129,
        "totalOtherIncomeExpensesNet": 6809670,
        "incomeBeforeTax": 153844497,
        "incomeBeforeTaxRatio": 0.4193453346,
        "incomeTaxExpense": 65556585,
        "netIncome": 88277103,
        "netIncomeRatio": 0.2406234348,
        "eps": 2.9,
        "epsdiluted": 2.9,
        "weightedAverageShsOut": 20000000,
        "weightedAverageShsOutDil": 20000000,
        "link": "",
        "finalLink": ""
    },
    {
        "date": "2002-12-31",
        "symbol": "ASR",
        "reportedCurrency": "MXN",
        "cik": "0001123452",
        "fillingDate": "2002-12-31",
        "acceptedDate": "2002-12-30 19:00:00",
        "calendarYear": "2002",
        "period": "Q4",
        "revenue": 298085558,
        "costOfRevenue": 99754064,
        "grossProfit": 198331494,
        "grossProfitRatio": 0.665350899,
        "researchAndDevelopmentExpenses": 0,
        "generalAndAdministrativeExpenses": 0,
        "sellingAndMarketingExpenses": 0,
        "sellingGeneralAndAdministrativeExpenses": -45082747,
        "otherExpenses": 174768797,
        "operatingExpenses": 129686050,
        "costAndExpenses": 229440114,
        "interestIncome": 0,
        "interestExpense": 0,
        "depreciationAndAmortization": 583574555,
        "ebitda": 652220000,
        "ebitdaratio": 2.1880295187,
        "operatingIncome": 57380025,
        "operatingIncomeRatio": 0.1924951527,
        "totalOtherIncomeExpensesNet": -4684663,
        "incomeBeforeTax": 52695362,
        "incomeBeforeTaxRatio": 0.1767793192,
        "incomeTaxExpense": -16198652.5,
        "netIncome": 58352015,
        "netIncomeRatio": 0.1957559279,
        "eps": 1.9,
        "epsdiluted": 2.9,
        "weightedAverageShsOut": 20000000,
        "weightedAverageShsOutDil": 20000000,
        "link": "",
        "finalLink": ""
    },
    {
        "date": "2002-09-30",
        "symbol": "ASR",
        "reportedCurrency": "MXN",
        "cik": "0001123452",
        "fillingDate": "2002-09-30",
        "acceptedDate": "2002-09-30 00:00:00",
        "calendarYear": "2002",
        "period": "Q3",
        "revenue": 316909910,
        "costOfRevenue": 85774357,
        "grossProfit": 231135553,
        "grossProfitRatio": 0.7293415122,
        "researchAndDevelopmentExpenses": 0,
        "generalAndAdministrativeExpenses": 0,
        "sellingAndMarketingExpenses": 0,
        "sellingGeneralAndAdministrativeExpenses": 52344351,
        "otherExpenses": 80761902,
        "operatingExpenses": 133106254,
        "costAndExpenses": 218880611,
        "interestIncome": 0,
        "interestExpense": 0,
        "depreciationAndAmortization": -85406390,
        "ebitda": 177880775,
        "ebitdaratio": 0.5612976098,
        "operatingIncome": 95962939,
        "operatingIncomeRatio": 0.3028082618,
        "totalOtherIncomeExpensesNet": 2976785,
        "incomeBeforeTax": 98939724,
        "incomeBeforeTaxRatio": 0.3122014203,
        "incomeTaxExpense": 48692420,
        "netIncome": 50247304,
        "netIncomeRatio": 0.1585539057,
        "eps": 2.5,
        "epsdiluted": 2.5,
        "weightedAverageShsOut": 20000000,
        "weightedAverageShsOutDil": 20000000,
        "link": "",
        "finalLink": ""
    },
    {
        "date": "2002-06-30",
        "symbol": "ASR",
        "reportedCurrency": "MXN",
        "cik": "0001123452",
        "fillingDate": "2002-06-30",
        "acceptedDate": "2002-06-29 20:00:00",
        "calendarYear": "2002",
        "period": "Q2",
        "revenue": 307797750,
        "costOfRevenue": 77948910,
        "grossProfit": 229848840,
        "grossProfitRatio": 0.7467528271,
        "researchAndDevelopmentExpenses": 0,
        "generalAndAdministrativeExpenses": 0,
        "sellingAndMarketingExpenses": 0,
        "sellingGeneralAndAdministrativeExpenses": 49078575,
        "otherExpenses": 81539055,
        "operatingExpenses": 130617630,
        "costAndExpenses": 208566540,
        "interestIncome": 0,
        "interestExpense": 0,
        "depreciationAndAmortization": 81529110,
        "ebitda": 180760320,
        "ebitdaratio": 0.58726979,
        "operatingIncome": 99231210,
        "operatingIncomeRatio": 0.3223909532,
        "totalOtherIncomeExpensesNet": 15146235,
        "incomeBeforeTax": 114377445,
        "incomeBeforeTaxRatio": 0.3715993538,
        "incomeTaxExpense": 59123025,
        "netIncome": 55254420,
        "netIncomeRatio": 0.1795153473,
        "eps": 1.8,
        "epsdiluted": 2.8,
        "weightedAverageShsOut": 20000000,
        "weightedAverageShsOutDil": 20000000,
        "link": "",
        "finalLink": ""
    },
    {
        "date": "2002-03-31",
        "symbol": "ASR",
        "reportedCurrency": "MXN",
        "cik": "0001123452",
        "fillingDate": "2002-03-31",
        "acceptedDate": "2002-03-30 19:00:00",
        "calendarYear": "2002",
        "period": "Q1",
        "revenue": 307183262,
        "costOfRevenue": 0,
        "grossProfit": 307183262,
        "grossProfitRatio": 1,
        "researchAndDevelopmentExpenses": 0,
        "generalAndAdministrativeExpenses": 0,
        "sellingAndMarketingExpenses": 0,
        "sellingGeneralAndAdministrativeExpenses": 0,
        "otherExpenses": 0,
        "operatingExpenses": 0,
        "costAndExpenses": 0,
        "interestIncome": 0,
        "interestExpense": 0,
        "depreciationAndAmortization": 0,
        "ebitda": 307183262,
        "ebitdaratio": 1,
        "operatingIncome": 307183262,
        "operatingIncomeRatio": 1,
        "totalOtherIncomeExpensesNet": -307183262.4,
        "incomeBeforeTax": 0,
        "incomeBeforeTaxRatio": 0,
        "incomeTaxExpense": -55149323.2,
        "netIncome": 55149323,
        "netIncomeRatio": 0.1795323177,
        "eps": 2.8,
        "epsdiluted": 2.8,
        "weightedAverageShsOut": 20000000,
        "weightedAverageShsOutDil": 20000000,
        "link": "",
        "finalLink": ""
    },
    {
        "date": "2001-12-31",
        "symbol": "ASR",
        "reportedCurrency": "MXN",
        "cik": "0001123452",
        "fillingDate": "2001-12-31",
        "acceptedDate": "2001-12-30 19:00:00",
        "calendarYear": "2001",
        "period": "Q4",
        "revenue": 243804659,
        "costOfRevenue": 0,
        "grossProfit": 243804659,
        "grossProfitRatio": 1,
        "researchAndDevelopmentExpenses": 0,
        "generalAndAdministrativeExpenses": 0,
        "sellingAndMarketingExpenses": 0,
        "sellingGeneralAndAdministrativeExpenses": 0,
        "otherExpenses": -780307826.5,
        "operatingExpenses": -780307826.5,
        "costAndExpenses": -780307826.5,
        "interestIncome": 0,
        "interestExpense": 0,
        "depreciationAndAmortization": 0,
        "ebitda": -536503167.5,
        "ebitdaratio": -2.2005451811,
        "operatingIncome": -536503167.5,
        "operatingIncomeRatio": -2.2005451811,
        "totalOtherIncomeExpensesNet": 536503167,
        "incomeBeforeTax": 0,
        "incomeBeforeTaxRatio": 0,
        "incomeTaxExpense": -14506428,
        "netIncome": 14506428,
        "netIncomeRatio": 0.0595002083,
        "eps": 0.72,
        "epsdiluted": 0.72,
        "weightedAverageShsOut": 20000000,
        "weightedAverageShsOutDil": 20000000,
        "link": "",
        "finalLink": ""
    },
    {
        "date": "2001-09-30",
        "symbol": "ASR",
        "reportedCurrency": "MXN",
        "cik": "0001123452",
        "fillingDate": "2001-09-30",
        "acceptedDate": "2001-09-29 20:00:00",
        "calendarYear": "2001",
        "period": "Q3",
        "revenue": 287235522,
        "costOfRevenue": 0,
        "grossProfit": 287235522,
        "grossProfitRatio": 1,
        "researchAndDevelopmentExpenses": 0,
        "generalAndAdministrativeExpenses": 0,
        "sellingAndMarketingExpenses": 0,
        "sellingGeneralAndAdministrativeExpenses": 0,
        "otherExpenses": 0,
        "operatingExpenses": 0,
        "costAndExpenses": 0,
        "interestIncome": 0,
        "interestExpense": 0,
        "depreciationAndAmortization": 0,
        "ebitda": 287235522,
        "ebitdaratio": 1,
        "operatingIncome": 287235522,
        "operatingIncomeRatio": 1,
        "totalOtherIncomeExpensesNet": -287235522,
        "incomeBeforeTax": 0,
        "incomeBeforeTaxRatio": 0,
        "incomeTaxExpense": -65145024,
        "netIncome": 65145024,
        "netIncomeRatio": 0.2268000265,
        "eps": 2.2,
        "epsdiluted": 2.2,
        "weightedAverageShsOut": 20000000,
        "weightedAverageShsOutDil": 20000000,
        "link": "",
        "finalLink": ""
    },
    {
        "date": "2001-06-30",
        "symbol": "ASR",
        "reportedCurrency": "MXN",
        "cik": "0001123452",
        "fillingDate": "2001-06-30",
        "acceptedDate": "2001-06-29 20:00:00",
        "calendarYear": "2001",
        "period": "Q2",
        "revenue": 306166720,
        "costOfRevenue": 0,
        "grossProfit": 306166720,
        "grossProfitRatio": 1,
        "researchAndDevelopmentExpenses": 0,
        "generalAndAdministrativeExpenses": 0,
        "sellingAndMarketingExpenses": 0,
        "sellingGeneralAndAdministrativeExpenses": 0,
        "otherExpenses": 0,
        "operatingExpenses": 0,
        "costAndExpenses": 0,
        "interestIncome": 0,
        "interestExpense": 0,
        "depreciationAndAmortization": 0,
        "ebitda": 306166720,
        "ebitdaratio": 1,
        "operatingIncome": 306166720,
        "operatingIncomeRatio": 1,
        "totalOtherIncomeExpensesNet": -306166720,
        "incomeBeforeTax": 0,
        "incomeBeforeTaxRatio": 0,
        "incomeTaxExpense": -77020800,
        "netIncome": 77020800,
        "netIncomeRatio": 0.251564899,
        "eps": 2.6,
        "epsdiluted": 2.6,
        "weightedAverageShsOut": 20000000,
        "weightedAverageShsOutDil": 20000000,
        "link": "",
        "finalLink": ""
    },
    {
        "date": "2001-03-31",
        "symbol": "ASR",
        "reportedCurrency": "MXN",
        "cik": "0001123452",
        "fillingDate": "2001-03-31",
        "acceptedDate": "2001-03-30 19:00:00",
        "calendarYear": "2001",
        "period": "Q1",
        "revenue": 327467360,
        "costOfRevenue": 0,
        "grossProfit": 327467360,
        "grossProfitRatio": 1,
        "researchAndDevelopmentExpenses": 0,
        "generalAndAdministrativeExpenses": 0,
        "sellingAndMarketingExpenses": 0,
        "sellingGeneralAndAdministrativeExpenses": 0,
        "otherExpenses": 0,
        "operatingExpenses": 0,
        "costAndExpenses": 0,
        "interestIncome": 0,
        "interestExpense": 0,
        "depreciationAndAmortization": 0,
        "ebitda": 327467360,
        "ebitdaratio": 1,
        "operatingIncome": 327467360,
        "operatingIncomeRatio": 1,
        "totalOtherIncomeExpensesNet": -327467360,
        "incomeBeforeTax": 0,
        "incomeBeforeTaxRatio": 0,
        "incomeTaxExpense": -89690260,
        "netIncome": 89690260,
        "netIncomeRatio": 0.2738906864,
        "eps": 3,
        "epsdiluted": 3,
        "weightedAverageShsOut": 20000000,
        "weightedAverageShsOutDil": 20000000,
        "link": "",
        "finalLink": ""
    },
    {
        "date": "2000-12-31",
        "symbol": "ASR",
        "reportedCurrency": "MXN",
        "cik": "0001123452",
        "fillingDate": "2000-12-31",
        "acceptedDate": "2000-12-30 19:00:00",
        "calendarYear": "2000",
        "period": "Q4",
        "revenue": 275281436,
        "costOfRevenue": 0,
        "grossProfit": 275281436,
        "grossProfitRatio": 1,
        "researchAndDevelopmentExpenses": 0,
        "generalAndAdministrativeExpenses": 0,
        "sellingAndMarketingExpenses": 0,
        "sellingGeneralAndAdministrativeExpenses": 0,
        "otherExpenses": -771680261.36,
        "operatingExpenses": -771680261.36,
        "costAndExpenses": -771680261.36,
        "interestIncome": 0,
        "interestExpense": 0,
        "depreciationAndAmortization": 0,
        "ebitda": -496398824.92,
        "ebitdaratio": -1.8032411925,
        "operatingIncome": -496398824.92,
        "operatingIncomeRatio": -1.8032411925,
        "totalOtherIncomeExpensesNet": 496398824,
        "incomeBeforeTax": 0,
        "incomeBeforeTaxRatio": 0,
        "incomeTaxExpense": -45195828.77,
        "netIncome": 45195828,
        "netIncomeRatio": 0.1641804426,
        "eps": 2.3,
        "epsdiluted": 2.3,
        "weightedAverageShsOut": 20000000,
        "weightedAverageShsOutDil": 20000000,
        "link": "",
        "finalLink": ""
    },
    {
        "date": "2000-09-30",
        "symbol": "ASR",
        "reportedCurrency": "MXN",
        "cik": "0001123452",
        "fillingDate": "2000-09-30",
        "acceptedDate": "2000-09-29 20:00:00",
        "calendarYear": "2000",
        "period": "Q3",
        "revenue": 287344361,
        "costOfRevenue": 0,
        "grossProfit": 287344361,
        "grossProfitRatio": 1,
        "researchAndDevelopmentExpenses": 0,
        "generalAndAdministrativeExpenses": 0,
        "sellingAndMarketingExpenses": 0,
        "sellingGeneralAndAdministrativeExpenses": 0,
        "otherExpenses": 0,
        "operatingExpenses": 0,
        "costAndExpenses": 0,
        "interestIncome": 0,
        "interestExpense": 0,
        "depreciationAndAmortization": 0,
        "ebitda": 287344361,
        "ebitdaratio": 1,
        "operatingIncome": 287344361,
        "operatingIncomeRatio": 1,
        "totalOtherIncomeExpensesNet": -287344361.04,
        "incomeBeforeTax": 0,
        "incomeBeforeTaxRatio": 0,
        "incomeTaxExpense": -51148920.64,
        "netIncome": 51148920,
        "netIncomeRatio": 0.1780056509,
        "eps": 1.7,
        "epsdiluted": 1.7,
        "weightedAverageShsOut": 20000000,
        "weightedAverageShsOutDil": 20000000,
        "link": "",
        "finalLink": ""
    }
]