[
    {
        "date": "2025-09-30",
        "symbol": "ATGE",
        "reportedCurrency": "USD",
        "cik": "0000730464",
        "fillingDate": "2025-10-30",
        "acceptedDate": "2025-10-30 16:21:03",
        "calendarYear": "2026",
        "period": "Q1",
        "revenue": 462288000,
        "costOfRevenue": 188689000,
        "grossProfit": 273599000,
        "grossProfitRatio": 0.5918366905,
        "researchAndDevelopmentExpenses": 0,
        "generalAndAdministrativeExpenses": 0,
        "sellingAndMarketingExpenses": 0,
        "sellingGeneralAndAdministrativeExpenses": 0,
        "otherExpenses": 187812000,
        "operatingExpenses": 187812000,
        "costAndExpenses": 376811000,
        "interestIncome": 0,
        "interestExpense": 11090000,
        "depreciationAndAmortization": 0,
        "ebitda": 87963000,
        "ebitdaratio": 0.1902774894,
        "operatingIncome": 85477000,
        "operatingIncomeRatio": 0.1848998892,
        "totalOtherIncomeExpensesNet": -8604000,
        "incomeBeforeTax": 76873000,
        "incomeBeforeTaxRatio": 0.1662881148,
        "incomeTaxExpense": 15811000,
        "netIncome": 61062000,
        "netIncomeRatio": 0.1320864915,
        "eps": 1.69,
        "epsdiluted": 1.65,
        "weightedAverageShsOut": 36111000,
        "weightedAverageShsOutDil": 37057000,
        "link": "https://www.sec.gov/Archives/edgar/data/730464/000110465925104397/0001104659-25-104397-index.htm",
        "finalLink": "https://www.sec.gov/Archives/edgar/data/730464/000110465925104397/atge-20250930x10q.htm"
    },
    {
        "date": "2025-06-30",
        "symbol": "ATGE",
        "reportedCurrency": "USD",
        "cik": "0000730464",
        "fillingDate": "2025-08-07",
        "acceptedDate": "2025-08-07 16:24:47",
        "calendarYear": "2025",
        "period": "Q4",
        "revenue": 457106000,
        "costOfRevenue": 185352000,
        "grossProfit": 271754000,
        "grossProfitRatio": 0.5945098074,
        "researchAndDevelopmentExpenses": 0,
        "generalAndAdministrativeExpenses": -66537000,
        "sellingAndMarketingExpenses": 247400000,
        "sellingGeneralAndAdministrativeExpenses": 180863000,
        "otherExpenses": 13578000,
        "operatingExpenses": 194441000,
        "costAndExpenses": 380181000,
        "interestIncome": 1705000,
        "interestExpense": 10853000,
        "depreciationAndAmortization": 20453000,
        "ebitda": 99889000,
        "ebitdaratio": 0.2185248061,
        "operatingIncome": 76925000,
        "operatingIncomeRatio": 0.1682870056,
        "totalOtherIncomeExpensesNet": -8342000,
        "incomeBeforeTax": 68583000,
        "incomeBeforeTaxRatio": 0.1500374093,
        "incomeTaxExpense": 14121000,
        "netIncome": 54212000,
        "netIncomeRatio": 0.118598312,
        "eps": 1.51,
        "epsdiluted": 1.45,
        "weightedAverageShsOut": 36034000,
        "weightedAverageShsOutDil": 37584000,
        "link": "https://www.sec.gov/Archives/edgar/data/730464/000155837025010780/0001558370-25-010780-index.htm",
        "finalLink": "https://www.sec.gov/Archives/edgar/data/730464/000155837025010780/atge-20250630x10k.htm"
    },
    {
        "date": "2025-03-31",
        "symbol": "ATGE",
        "reportedCurrency": "USD",
        "cik": "0000730464",
        "fillingDate": "2025-05-08",
        "acceptedDate": "2025-05-08 16:20:34",
        "calendarYear": "2025",
        "period": "Q3",
        "revenue": 466055000,
        "costOfRevenue": 199869000,
        "grossProfit": 266186000,
        "grossProfitRatio": 0.5711471822,
        "researchAndDevelopmentExpenses": 0,
        "generalAndAdministrativeExpenses": 175167000,
        "sellingAndMarketingExpenses": 0,
        "sellingGeneralAndAdministrativeExpenses": 175167000,
        "otherExpenses": 510000,
        "operatingExpenses": 175677000,
        "costAndExpenses": 375546000,
        "interestIncome": 2072000,
        "interestExpense": 13074000,
        "depreciationAndAmortization": 24317000,
        "ebitda": 115018000,
        "ebitdaratio": 0.2467906148,
        "operatingIncome": 90509000,
        "operatingIncomeRatio": 0.194202401,
        "totalOtherIncomeExpensesNet": -11176000,
        "incomeBeforeTax": 79333000,
        "incomeBeforeTaxRatio": 0.1702223986,
        "incomeTaxExpense": 18539000,
        "netIncome": 60832000,
        "netIncomeRatio": 0.1305253672,
        "eps": 1.64,
        "epsdiluted": 1.59,
        "weightedAverageShsOut": 37140000,
        "weightedAverageShsOutDil": 38233000,
        "link": "https://www.sec.gov/Archives/edgar/data/730464/000155837025006986/0001558370-25-006986-index.htm",
        "finalLink": "https://www.sec.gov/Archives/edgar/data/730464/000155837025006986/atge-20250331x10q.htm"
    },
    {
        "date": "2024-12-31",
        "symbol": "ATGE",
        "reportedCurrency": "USD",
        "cik": "0000730464",
        "fillingDate": "2025-01-30",
        "acceptedDate": "2025-01-30 16:20:45",
        "calendarYear": "2025",
        "period": "Q2",
        "revenue": 447729000,
        "costOfRevenue": 186636000,
        "grossProfit": 261093000,
        "grossProfitRatio": 0.5831496285,
        "researchAndDevelopmentExpenses": 0,
        "generalAndAdministrativeExpenses": 156009000,
        "sellingAndMarketingExpenses": 0,
        "sellingGeneralAndAdministrativeExpenses": 156901000,
        "otherExpenses": 322000,
        "operatingExpenses": 157223000,
        "costAndExpenses": 343859000,
        "interestIncome": 191000,
        "interestExpense": 11694000,
        "depreciationAndAmortization": 20139000,
        "ebitda": 127950000,
        "ebitdaratio": 0.2857755473,
        "operatingIncome": 103870000,
        "operatingIncomeRatio": 0.2319930136,
        "totalOtherIncomeExpensesNet": -11674000,
        "incomeBeforeTax": 92196000,
        "incomeBeforeTaxRatio": 0.2059192056,
        "incomeTaxExpense": 21020000,
        "netIncome": 75856000,
        "netIncomeRatio": 0.1694239149,
        "eps": 2.03,
        "epsdiluted": 1.98,
        "weightedAverageShsOut": 37435000,
        "weightedAverageShsOutDil": 38401000,
        "link": "https://www.sec.gov/Archives/edgar/data/730464/000155837025000544/0001558370-25-000544-index.htm",
        "finalLink": "https://www.sec.gov/Archives/edgar/data/730464/000155837025000544/atge-20241231x10q.htm"
    },
    {
        "date": "2024-09-30",
        "symbol": "ATGE",
        "reportedCurrency": "USD",
        "cik": "0000730464",
        "fillingDate": "2024-10-29",
        "acceptedDate": "2024-10-29 16:15:39",
        "calendarYear": "2025",
        "period": "Q1",
        "revenue": 417400000,
        "costOfRevenue": 185995000,
        "grossProfit": 231405000,
        "grossProfitRatio": 0.5543962626,
        "researchAndDevelopmentExpenses": 0,
        "generalAndAdministrativeExpenses": 159073000,
        "sellingAndMarketingExpenses": 0,
        "sellingGeneralAndAdministrativeExpenses": 159073000,
        "otherExpenses": 2094000,
        "operatingExpenses": 161167000,
        "costAndExpenses": 347162000,
        "interestIncome": 2033000,
        "interestExpense": 14482000,
        "depreciationAndAmortization": 19556000,
        "ebitda": 92440000,
        "ebitdaratio": 0.2214662195,
        "operatingIncome": 70238000,
        "operatingIncomeRatio": 0.1682750359,
        "totalOtherIncomeExpensesNet": -11836000,
        "incomeBeforeTax": 58402000,
        "incomeBeforeTaxRatio": 0.1399185434,
        "incomeTaxExpense": 12157000,
        "netIncome": 46165000,
        "netIncomeRatio": 0.1106013416,
        "eps": 1.22,
        "epsdiluted": 1.18,
        "weightedAverageShsOut": 37721000,
        "weightedAverageShsOutDil": 39109000,
        "link": "https://www.sec.gov/Archives/edgar/data/730464/000155837024013841/0001558370-24-013841-index.htm",
        "finalLink": "https://www.sec.gov/Archives/edgar/data/730464/000155837024013841/atge-20240930x10q.htm"
    },
    {
        "date": "2024-06-30",
        "symbol": "ATGE",
        "reportedCurrency": "USD",
        "cik": "0000730464",
        "fillingDate": "2024-08-06",
        "acceptedDate": "2024-08-06 16:20:56",
        "calendarYear": "2024",
        "period": "Q4",
        "revenue": 409907000,
        "costOfRevenue": 182540000,
        "grossProfit": 227367000,
        "grossProfitRatio": 0.5546794761,
        "researchAndDevelopmentExpenses": 0,
        "generalAndAdministrativeExpenses": -63217000,
        "sellingAndMarketingExpenses": 227900000,
        "sellingGeneralAndAdministrativeExpenses": 164683000,
        "otherExpenses": -5839000,
        "operatingExpenses": 158844000,
        "costAndExpenses": 341384000,
        "interestIncome": 1810000,
        "interestExpense": 14749000,
        "depreciationAndAmortization": 22854000,
        "ebitda": 95624000,
        "ebitdaratio": 0.2332821835,
        "operatingIncome": 68523000,
        "operatingIncomeRatio": 0.1671671867,
        "totalOtherIncomeExpensesNet": -12855000,
        "incomeBeforeTax": 55668000,
        "incomeBeforeTaxRatio": 0.1358064146,
        "incomeTaxExpense": 5068000,
        "netIncome": 49419000,
        "netIncomeRatio": 0.1205614932,
        "eps": 1.34,
        "epsdiluted": 1.32,
        "weightedAverageShsOut": 37642000,
        "weightedAverageShsOutDil": 38595000,
        "link": "https://www.sec.gov/Archives/edgar/data/730464/000155837024011099/0001558370-24-011099-index.htm",
        "finalLink": "https://www.sec.gov/Archives/edgar/data/730464/000155837024011099/atge-20240630x10k.htm"
    },
    {
        "date": "2024-03-31",
        "symbol": "ATGE",
        "reportedCurrency": "USD",
        "cik": "0000730464",
        "fillingDate": "2024-05-02",
        "acceptedDate": "2024-05-02 16:20:58",
        "calendarYear": "2024",
        "period": "Q3",
        "revenue": 412658000,
        "costOfRevenue": 175321000,
        "grossProfit": 237337000,
        "grossProfitRatio": 0.5751421274,
        "researchAndDevelopmentExpenses": 0,
        "generalAndAdministrativeExpenses": 156689000,
        "sellingAndMarketingExpenses": 4431000,
        "sellingGeneralAndAdministrativeExpenses": 161120000,
        "otherExpenses": 14492000,
        "operatingExpenses": 175612000,
        "costAndExpenses": 350933000,
        "interestIncome": 2165000,
        "interestExpense": 16559999,
        "depreciationAndAmortization": 27043000,
        "ebitda": 107691000,
        "ebitdaratio": 0.2609691318,
        "operatingIncome": 61725000,
        "operatingIncomeRatio": 0.1495790703,
        "totalOtherIncomeExpensesNet": -13689000,
        "incomeBeforeTax": 48036000,
        "incomeBeforeTaxRatio": 0.1164063219,
        "incomeTaxExpense": 10595000,
        "netIncome": 36821000,
        "netIncomeRatio": 0.0892288529,
        "eps": 0.95,
        "epsdiluted": 0.93,
        "weightedAverageShsOut": 38713000,
        "weightedAverageShsOutDil": 39636000,
        "link": "https://www.sec.gov/Archives/edgar/data/730464/000155837024006552/0001558370-24-006552-index.htm",
        "finalLink": "https://www.sec.gov/Archives/edgar/data/730464/000155837024006552/atge-20240331x10q.htm"
    },
    {
        "date": "2023-12-31",
        "symbol": "ATGE",
        "reportedCurrency": "USD",
        "cik": "0000730464",
        "fillingDate": "2024-01-30",
        "acceptedDate": "2024-01-30 17:11:46",
        "calendarYear": "2024",
        "period": "Q2",
        "revenue": 393242000,
        "costOfRevenue": 172069000,
        "grossProfit": 221173000,
        "grossProfitRatio": 0.5624348366,
        "researchAndDevelopmentExpenses": 0,
        "generalAndAdministrativeExpenses": 126998000,
        "sellingAndMarketingExpenses": 0,
        "sellingGeneralAndAdministrativeExpenses": 155584000,
        "otherExpenses": 6977000,
        "operatingExpenses": 162561000,
        "costAndExpenses": 334630000,
        "interestIncome": 2541000,
        "interestExpense": 16693000,
        "depreciationAndAmortization": 28844000,
        "ebitda": 91019000,
        "ebitdaratio": 0.2314579826,
        "operatingIncome": 58612000,
        "operatingIncomeRatio": 0.1490481688,
        "totalOtherIncomeExpensesNet": -13130000,
        "incomeBeforeTax": 45482000,
        "incomeBeforeTaxRatio": 0.1156590598,
        "incomeTaxExpense": 7769000,
        "netIncome": 39891000,
        "netIncomeRatio": 0.1014413516,
        "eps": 1,
        "epsdiluted": 0.98,
        "weightedAverageShsOut": 39872000,
        "weightedAverageShsOutDil": 40787000,
        "link": "https://www.sec.gov/Archives/edgar/data/730464/000155837024000642/0001558370-24-000642-index.htm",
        "finalLink": "https://www.sec.gov/Archives/edgar/data/730464/000155837024000642/atge-20231231x10q.htm"
    },
    {
        "date": "2023-09-30",
        "symbol": "ATGE",
        "reportedCurrency": "USD",
        "cik": "0000730464",
        "fillingDate": "2023-10-26",
        "acceptedDate": "2023-10-26 16:16:05",
        "calendarYear": "2024",
        "period": "Q1",
        "revenue": 368845000,
        "costOfRevenue": 168618000,
        "grossProfit": 200227000,
        "grossProfitRatio": 0.542848622,
        "researchAndDevelopmentExpenses": 0,
        "generalAndAdministrativeExpenses": 166095000,
        "sellingAndMarketingExpenses": 0,
        "sellingGeneralAndAdministrativeExpenses": 166095000,
        "otherExpenses": 5938000,
        "operatingExpenses": 172033000,
        "costAndExpenses": 340651000,
        "interestIncome": 2661000,
        "interestExpense": 15657000,
        "depreciationAndAmortization": 29220000,
        "ebitda": 59628000,
        "ebitdaratio": 0.1616614025,
        "operatingIncome": 28194000,
        "operatingIncomeRatio": 0.0764386124,
        "totalOtherIncomeExpensesNet": -13443000,
        "incomeBeforeTax": 14751000,
        "incomeBeforeTaxRatio": 0.0399924087,
        "incomeTaxExpense": 2792000,
        "netIncome": 10646000,
        "netIncomeRatio": 0.0288630726,
        "eps": 0.26,
        "epsdiluted": 0.25,
        "weightedAverageShsOut": 41399000,
        "weightedAverageShsOutDil": 42184000,
        "link": "https://www.sec.gov/Archives/edgar/data/730464/000155837023016860/0001558370-23-016860-index.htm",
        "finalLink": "https://www.sec.gov/Archives/edgar/data/730464/000155837023016860/atge-20230930x10q.htm"
    },
    {
        "date": "2023-06-30",
        "symbol": "ATGE",
        "reportedCurrency": "USD",
        "cik": "0000730464",
        "fillingDate": "2023-08-10",
        "acceptedDate": "2023-08-10 16:16:11",
        "calendarYear": "2023",
        "period": "Q4",
        "revenue": 364641000,
        "costOfRevenue": 163718000,
        "grossProfit": 200923000,
        "grossProfitRatio": 0.5510159307,
        "researchAndDevelopmentExpenses": 0,
        "generalAndAdministrativeExpenses": -76104000,
        "sellingAndMarketingExpenses": 219400000,
        "sellingGeneralAndAdministrativeExpenses": 143296000,
        "otherExpenses": 3664000,
        "operatingExpenses": 153296000,
        "costAndExpenses": 317014000,
        "interestIncome": 0,
        "interestExpense": 15294000,
        "depreciationAndAmortization": 32802000,
        "ebitda": 76023000,
        "ebitdaratio": 0.2084872518,
        "operatingIncome": 39557000,
        "operatingIncomeRatio": 0.1084820412,
        "totalOtherIncomeExpensesNet": -11630000,
        "incomeBeforeTax": 27927000,
        "incomeBeforeTaxRatio": 0.0765876574,
        "incomeTaxExpense": 4377000,
        "netIncome": 22244000,
        "netIncomeRatio": 0.0610024654,
        "eps": 0.51,
        "epsdiluted": 0.5,
        "weightedAverageShsOut": 43292000,
        "weightedAverageShsOutDil": 44129000,
        "link": "https://www.sec.gov/Archives/edgar/data/730464/000155837023014509/0001558370-23-014509-index.htm",
        "finalLink": "https://www.sec.gov/Archives/edgar/data/730464/000155837023014509/atge-20230630x10k.htm"
    },
    {
        "date": "2023-03-31",
        "symbol": "ATGE",
        "reportedCurrency": "USD",
        "cik": "0000730464",
        "fillingDate": "2023-05-02",
        "acceptedDate": "2023-05-02 16:21:15",
        "calendarYear": "2023",
        "period": "Q3",
        "revenue": 369082000,
        "costOfRevenue": 165820000,
        "grossProfit": 203262000,
        "grossProfitRatio": 0.5507231455,
        "researchAndDevelopmentExpenses": 0,
        "generalAndAdministrativeExpenses": 144526000,
        "sellingAndMarketingExpenses": 0,
        "sellingGeneralAndAdministrativeExpenses": 144526000,
        "otherExpenses": 0,
        "operatingExpenses": 144526000,
        "costAndExpenses": 310346000,
        "interestIncome": 14457000,
        "interestExpense": 14457000,
        "depreciationAndAmortization": 33705000,
        "ebitda": 97114000,
        "ebitdaratio": 0.2631231,
        "operatingIncome": 34310000,
        "operatingIncomeRatio": 0.0929603719,
        "totalOtherIncomeExpensesNet": -10477000,
        "incomeBeforeTax": 48952000,
        "incomeBeforeTaxRatio": 0.1326317729,
        "incomeTaxExpense": 389000,
        "netIncome": 45869000,
        "netIncomeRatio": 0.1242786156,
        "eps": 1.03,
        "epsdiluted": 1.01,
        "weightedAverageShsOut": 45125000,
        "weightedAverageShsOutDil": 45801000,
        "link": "https://www.sec.gov/Archives/edgar/data/730464/000155837023007668/0001558370-23-007668-index.htm",
        "finalLink": "https://www.sec.gov/Archives/edgar/data/730464/000155837023007668/atge-20230331x10q.htm"
    },
    {
        "date": "2022-12-31",
        "symbol": "ATGE",
        "reportedCurrency": "USD",
        "cik": "0000730464",
        "fillingDate": "2023-02-02",
        "acceptedDate": "2023-02-02 16:11:11",
        "calendarYear": "2023",
        "period": "Q2",
        "revenue": 363302000,
        "costOfRevenue": 159303000,
        "grossProfit": 203999000,
        "grossProfitRatio": 0.5615135617,
        "researchAndDevelopmentExpenses": 0,
        "generalAndAdministrativeExpenses": 0,
        "sellingAndMarketingExpenses": 0,
        "sellingGeneralAndAdministrativeExpenses": 140668000,
        "otherExpenses": 0,
        "operatingExpenses": 140668000,
        "costAndExpenses": 299971000,
        "interestIncome": 2609000,
        "interestExpense": 15589000,
        "depreciationAndAmortization": 35736000,
        "ebitda": 79189000,
        "ebitdaratio": 0.2179701736,
        "operatingIncome": 46027000,
        "operatingIncomeRatio": 0.1266907421,
        "totalOtherIncomeExpensesNet": -17686000,
        "incomeBeforeTax": 27864000,
        "incomeBeforeTaxRatio": 0.0766965225,
        "incomeTaxExpense": 4247000,
        "netIncome": 24653000,
        "netIncomeRatio": 0.0678581456,
        "eps": 0.53,
        "epsdiluted": 0.52,
        "weightedAverageShsOut": 45425000,
        "weightedAverageShsOutDil": 46121000,
        "link": "https://www.sec.gov/Archives/edgar/data/730464/000155837023000784/0001558370-23-000784-index.htm",
        "finalLink": "https://www.sec.gov/Archives/edgar/data/730464/000155837023000784/atge-20221231x10q.htm"
    },
    {
        "date": "2022-09-30",
        "symbol": "ATGE",
        "reportedCurrency": "USD",
        "cik": "0000730464",
        "fillingDate": "2022-11-03",
        "acceptedDate": "2022-11-03 16:11:08",
        "calendarYear": "2023",
        "period": "Q1",
        "revenue": 354559000,
        "costOfRevenue": 159645000,
        "grossProfit": 194914000,
        "grossProfitRatio": 0.5497364331,
        "researchAndDevelopmentExpenses": 0,
        "generalAndAdministrativeExpenses": 146385000,
        "sellingAndMarketingExpenses": 1956000,
        "sellingGeneralAndAdministrativeExpenses": 148341000,
        "otherExpenses": 0,
        "operatingExpenses": 148341000,
        "costAndExpenses": 307986000,
        "interestIncome": 1567000,
        "interestExpense": 17760000,
        "depreciationAndAmortization": 49041000,
        "ebitda": 73701000,
        "ebitdaratio": 0.2078666738,
        "operatingIncome": 48140000,
        "operatingIncomeRatio": 0.1357742999,
        "totalOtherIncomeExpensesNet": -16734000,
        "incomeBeforeTax": 6900000,
        "incomeBeforeTaxRatio": 0.019460795,
        "incomeTaxExpense": 1054000,
        "netIncome": 5846000,
        "netIncomeRatio": 0.016488088,
        "eps": 0.13,
        "epsdiluted": 0.13,
        "weightedAverageShsOut": 45274000,
        "weightedAverageShsOutDil": 46342000,
        "link": "https://www.sec.gov/Archives/edgar/data/730464/000155837022016243/0001558370-22-016243-index.htm",
        "finalLink": "https://www.sec.gov/Archives/edgar/data/730464/000155837022016243/atge-20220930x10q.htm"
    },
    {
        "date": "2022-06-30",
        "symbol": "ATGE",
        "reportedCurrency": "USD",
        "cik": "0000730464",
        "fillingDate": "2022-08-11",
        "acceptedDate": "2022-08-11 16:13:41",
        "calendarYear": "2022",
        "period": "Q4",
        "revenue": 361231000,
        "costOfRevenue": 161279000,
        "grossProfit": 199952000,
        "grossProfitRatio": 0.553529459,
        "researchAndDevelopmentExpenses": 0,
        "generalAndAdministrativeExpenses": -55567000,
        "sellingAndMarketingExpenses": 190700000,
        "sellingGeneralAndAdministrativeExpenses": 135133000,
        "otherExpenses": 0,
        "operatingExpenses": 135133000,
        "costAndExpenses": 296412000,
        "interestIncome": 1036000,
        "interestExpense": 19441000,
        "depreciationAndAmortization": 43907000,
        "ebitda": 89472000,
        "ebitdaratio": 0.2476863835,
        "operatingIncome": 21948000,
        "operatingIncomeRatio": 0.060758905,
        "totalOtherIncomeExpensesNet": -19839000,
        "incomeBeforeTax": 26124000,
        "incomeBeforeTaxRatio": 0.0723193746,
        "incomeTaxExpense": 23660000,
        "netIncome": 2464000,
        "netIncomeRatio": 0.00682112,
        "eps": 0.0546,
        "epsdiluted": 0.0538,
        "weightedAverageShsOut": 45162000,
        "weightedAverageShsOutDil": 45758000,
        "link": "https://www.sec.gov/Archives/edgar/data/730464/000155837022013289/0001558370-22-013289-index.htm",
        "finalLink": "https://www.sec.gov/Archives/edgar/data/730464/000155837022013289/atge-20220630x10k.htm"
    },
    {
        "date": "2022-03-31",
        "symbol": "ATGE",
        "reportedCurrency": "USD",
        "cik": "0000730464",
        "fillingDate": "2022-05-05",
        "acceptedDate": "2022-05-05 16:11:18",
        "calendarYear": "2022",
        "period": "Q3",
        "revenue": 365623000,
        "costOfRevenue": 166027000,
        "grossProfit": 199596000,
        "grossProfitRatio": 0.5459065759,
        "researchAndDevelopmentExpenses": 0,
        "generalAndAdministrativeExpenses": 148863000,
        "sellingAndMarketingExpenses": 1027000,
        "sellingGeneralAndAdministrativeExpenses": 149890000,
        "otherExpenses": -327000,
        "operatingExpenses": 149890000,
        "costAndExpenses": 315917000,
        "interestIncome": 1044999,
        "interestExpense": 36585000,
        "depreciationAndAmortization": 48988000,
        "ebitda": 83297000,
        "ebitdaratio": 0.2278221009,
        "operatingIncome": 33264000,
        "operatingIncomeRatio": 0.0909789592,
        "totalOtherIncomeExpensesNet": -35225000,
        "incomeBeforeTax": -2276000,
        "incomeBeforeTaxRatio": -0.0062249913,
        "incomeTaxExpense": -8133000,
        "netIncome": 5857000,
        "netIncomeRatio": 0.0160192329,
        "eps": 0.12,
        "epsdiluted": 0.12,
        "weightedAverageShsOut": 48925000,
        "weightedAverageShsOutDil": 49377000,
        "link": "https://www.sec.gov/Archives/edgar/data/730464/000155837022007371/0001558370-22-007371-index.htm",
        "finalLink": "https://www.sec.gov/Archives/edgar/data/730464/000155837022007371/atge-20220331x10q.htm"
    },
    {
        "date": "2021-12-31",
        "symbol": "ATGE",
        "reportedCurrency": "USD",
        "cik": "0000730464",
        "fillingDate": "2022-02-08",
        "acceptedDate": "2022-02-08 16:16:54",
        "calendarYear": "2022",
        "period": "Q2",
        "revenue": 371198000,
        "costOfRevenue": 180420000,
        "grossProfit": 190778000,
        "grossProfitRatio": 0.5139521226,
        "researchAndDevelopmentExpenses": 0,
        "generalAndAdministrativeExpenses": 0,
        "sellingAndMarketingExpenses": 0,
        "sellingGeneralAndAdministrativeExpenses": 153597000,
        "otherExpenses": 0,
        "operatingExpenses": 153597000,
        "costAndExpenses": 334017000,
        "interestIncome": 861000,
        "interestExpense": 25929000,
        "depreciationAndAmortization": 42330000,
        "ebitda": 67925000,
        "ebitdaratio": 0.1829885937,
        "operatingIncome": 24734000,
        "operatingIncomeRatio": 0.0666329021,
        "totalOtherIncomeExpensesNet": -25068000,
        "incomeBeforeTax": -334000,
        "incomeBeforeTaxRatio": -0.0008997893,
        "incomeTaxExpense": -39368000,
        "netIncome": 17853000,
        "netIncomeRatio": 0.0480956255,
        "eps": 0.36,
        "epsdiluted": 0.36,
        "weightedAverageShsOut": 49776000,
        "weightedAverageShsOutDil": 50237000,
        "link": "https://www.sec.gov/Archives/edgar/data/730464/000155837022000908/0001558370-22-000908-index.htm",
        "finalLink": "https://www.sec.gov/Archives/edgar/data/730464/000155837022000908/atge-20211231x10q.htm"
    },
    {
        "date": "2021-09-30",
        "symbol": "ATGE",
        "reportedCurrency": "USD",
        "cik": "0000730464",
        "fillingDate": "2021-11-03",
        "acceptedDate": "2021-11-03 17:23:42",
        "calendarYear": "2022",
        "period": "Q1",
        "revenue": 348327000,
        "costOfRevenue": 163110000,
        "grossProfit": 185217000,
        "grossProfitRatio": 0.5317331129,
        "researchAndDevelopmentExpenses": 0,
        "generalAndAdministrativeExpenses": 0,
        "sellingAndMarketingExpenses": 0,
        "sellingGeneralAndAdministrativeExpenses": 159479000,
        "otherExpenses": 0,
        "operatingExpenses": 159479000,
        "costAndExpenses": 322589000,
        "interestIncome": 878000,
        "interestExpense": 47393000,
        "depreciationAndAmortization": 43011000,
        "ebitda": -4731000,
        "ebitdaratio": -0.0135820651,
        "operatingIncome": -4731000,
        "operatingIncomeRatio": -0.0135820651,
        "totalOtherIncomeExpensesNet": -29183000,
        "incomeBeforeTax": -51246000,
        "incomeBeforeTaxRatio": -0.1471203783,
        "incomeTaxExpense": -10612000,
        "netIncome": -58004000,
        "netIncomeRatio": -0.166521688,
        "eps": -1.17,
        "epsdiluted": -1.17,
        "weightedAverageShsOut": 49663000,
        "weightedAverageShsOutDil": 49663000,
        "link": "https://www.sec.gov/Archives/edgar/data/730464/000155837021014347/0001558370-21-014347-index.htm",
        "finalLink": "https://www.sec.gov/Archives/edgar/data/730464/000155837021014347/atge-20210930x10q.htm"
    },
    {
        "date": "2021-06-30",
        "symbol": "ATGE",
        "reportedCurrency": "USD",
        "cik": "0000730464",
        "fillingDate": "2021-08-19",
        "acceptedDate": "2021-08-19 16:11:24",
        "calendarYear": "2021",
        "period": "Q4",
        "revenue": 280374000,
        "costOfRevenue": 125635000,
        "grossProfit": 154739000,
        "grossProfitRatio": 0.5519021022,
        "researchAndDevelopmentExpenses": 0,
        "generalAndAdministrativeExpenses": 35168000,
        "sellingAndMarketingExpenses": 72700000,
        "sellingGeneralAndAdministrativeExpenses": 107868000,
        "otherExpenses": 0,
        "operatingExpenses": 107868000,
        "costAndExpenses": 233503000,
        "interestIncome": 961000,
        "interestExpense": 25382000,
        "depreciationAndAmortization": 23756000,
        "ebitda": 67066000,
        "ebitdaratio": 0.2392019231,
        "operatingIncome": 40240000,
        "operatingIncomeRatio": 0.1435225806,
        "totalOtherIncomeExpensesNet": -23785000,
        "incomeBeforeTax": 16455000,
        "incomeBeforeTaxRatio": 0.0586894648,
        "incomeTaxExpense": 3594000,
        "netIncome": 9012000,
        "netIncomeRatio": 0.0321427807,
        "eps": 0.18,
        "epsdiluted": 0.18,
        "weightedAverageShsOut": 49884000,
        "weightedAverageShsOutDil": 50326000,
        "link": "https://www.sec.gov/Archives/edgar/data/730464/000155837021011957/0001558370-21-011957-index.htm",
        "finalLink": "https://www.sec.gov/Archives/edgar/data/730464/000155837021011957/atge-20210630x10k.htm"
    },
    {
        "date": "2021-03-31",
        "symbol": "ATGE",
        "reportedCurrency": "USD",
        "cik": "0000730464",
        "fillingDate": "2021-04-29",
        "acceptedDate": "2021-04-29 16:07:15",
        "calendarYear": "2021",
        "period": "Q3",
        "revenue": 280654000,
        "costOfRevenue": 123077000,
        "grossProfit": 157577000,
        "grossProfitRatio": 0.5614635815,
        "researchAndDevelopmentExpenses": 0,
        "generalAndAdministrativeExpenses": 0,
        "sellingAndMarketingExpenses": 0,
        "sellingGeneralAndAdministrativeExpenses": 108500000,
        "otherExpenses": 0,
        "operatingExpenses": 108500000,
        "costAndExpenses": 231577000,
        "interestIncome": 910000,
        "interestExpense": 8555000,
        "depreciationAndAmortization": 21273000,
        "ebitda": 70479000,
        "ebitdaratio": 0.25112416,
        "operatingIncome": 44214000,
        "operatingIncomeRatio": 0.1575391764,
        "totalOtherIncomeExpensesNet": -7166000,
        "incomeBeforeTax": 37048000,
        "incomeBeforeTaxRatio": 0.1320059575,
        "incomeTaxExpense": 7341000,
        "netIncome": 24652000,
        "netIncomeRatio": 0.0878376934,
        "eps": 0.49,
        "epsdiluted": 0.48,
        "weightedAverageShsOut": 50658000,
        "weightedAverageShsOutDil": 51111000,
        "link": "https://www.sec.gov/Archives/edgar/data/730464/000155837021005248/0001558370-21-005248-index.htm",
        "finalLink": "https://www.sec.gov/Archives/edgar/data/730464/000155837021005248/atge-20210331x10q.htm"
    },
    {
        "date": "2020-12-31",
        "symbol": "ATGE",
        "reportedCurrency": "USD",
        "cik": "0000730464",
        "fillingDate": "2021-02-02",
        "acceptedDate": "2021-02-02 16:57:24",
        "calendarYear": "2021",
        "period": "Q2",
        "revenue": 283111000,
        "costOfRevenue": 126823000,
        "grossProfit": 156288000,
        "grossProfitRatio": 0.5520378933,
        "researchAndDevelopmentExpenses": 0,
        "generalAndAdministrativeExpenses": 0,
        "sellingAndMarketingExpenses": 0,
        "sellingGeneralAndAdministrativeExpenses": 103721000,
        "otherExpenses": 0,
        "operatingExpenses": 103721000,
        "costAndExpenses": 230544000,
        "interestIncome": 1219000,
        "interestExpense": 3736000,
        "depreciationAndAmortization": 17266000,
        "ebitda": 47176000,
        "ebitdaratio": 0.1666342883,
        "operatingIncome": 40323000,
        "operatingIncomeRatio": 0.1424282349,
        "totalOtherIncomeExpensesNet": 9747000,
        "incomeBeforeTax": 38811000,
        "incomeBeforeTaxRatio": 0.1370875734,
        "incomeTaxExpense": 7223000,
        "netIncome": 23315000,
        "netIncomeRatio": 0.0823528581,
        "eps": 0.45,
        "epsdiluted": 0.44,
        "weightedAverageShsOut": 52251000,
        "weightedAverageShsOutDil": 52441000,
        "link": "https://www.sec.gov/Archives/edgar/data/730464/000155837021000661/0001558370-21-000661-index.htm",
        "finalLink": "https://www.sec.gov/Archives/edgar/data/730464/000155837021000661/atge-20201231x10q.htm"
    },
    {
        "date": "2020-09-30",
        "symbol": "ATGE",
        "reportedCurrency": "USD",
        "cik": "0000730464",
        "fillingDate": "2020-11-05",
        "acceptedDate": "2020-11-05 16:35:19",
        "calendarYear": "2021",
        "period": "Q1",
        "revenue": 268241000,
        "costOfRevenue": 113698000,
        "grossProfit": 154543000,
        "grossProfitRatio": 0.5761348936,
        "researchAndDevelopmentExpenses": 0,
        "generalAndAdministrativeExpenses": 0,
        "sellingAndMarketingExpenses": 0,
        "sellingGeneralAndAdministrativeExpenses": 100178000,
        "otherExpenses": 0,
        "operatingExpenses": 100178000,
        "costAndExpenses": 213876000,
        "interestIncome": 1004000,
        "interestExpense": 3692000,
        "depreciationAndAmortization": 26132000,
        "ebitda": 64360000,
        "ebitdaratio": 0.2399334926,
        "operatingIncome": 36706000,
        "operatingIncomeRatio": 0.136839633,
        "totalOtherIncomeExpensesNet": -2170000,
        "incomeBeforeTax": 34536000,
        "incomeBeforeTaxRatio": 0.1287498928,
        "incomeTaxExpense": 7090000,
        "netIncome": 19930000,
        "netIncomeRatio": 0.0742988581,
        "eps": 0.38,
        "epsdiluted": 0.38,
        "weightedAverageShsOut": 52464000,
        "weightedAverageShsOutDil": 52797000,
        "link": "https://www.sec.gov/Archives/edgar/data/730464/000155837020012896/0001558370-20-012896-index.htm",
        "finalLink": "https://www.sec.gov/Archives/edgar/data/730464/000155837020012896/atge-20200930x10q.htm"
    },
    {
        "date": "2020-06-30",
        "symbol": "ATGE",
        "reportedCurrency": "USD",
        "cik": "0000730464",
        "fillingDate": "2020-08-18",
        "acceptedDate": "2020-08-18 16:09:32",
        "calendarYear": "2020",
        "period": "Q4",
        "revenue": 259729000,
        "costOfRevenue": 116050000,
        "grossProfit": 143679000,
        "grossProfitRatio": 0.5531881307,
        "researchAndDevelopmentExpenses": 0,
        "generalAndAdministrativeExpenses": 21069000,
        "sellingAndMarketingExpenses": 82600000,
        "sellingGeneralAndAdministrativeExpenses": 103669000,
        "otherExpenses": 0,
        "operatingExpenses": 103669000,
        "costAndExpenses": 219719000,
        "interestIncome": 1013000,
        "interestExpense": 3925000,
        "depreciationAndAmortization": 33970000,
        "ebitda": 41023000,
        "ebitdaratio": 0.1579453969,
        "operatingIncome": 21721000,
        "operatingIncomeRatio": 0.0836294753,
        "totalOtherIncomeExpensesNet": 25103000,
        "incomeBeforeTax": 46824000,
        "incomeBeforeTaxRatio": 0.1802802151,
        "incomeTaxExpense": -24571000,
        "netIncome": -256052000,
        "netIncomeRatio": -0.9858429363,
        "eps": -4.9,
        "epsdiluted": -4.86,
        "weightedAverageShsOut": 52274000,
        "weightedAverageShsOutDil": 52650000,
        "link": "https://www.sec.gov/Archives/edgar/data/730464/000155837020010728/0001558370-20-010728-index.htm",
        "finalLink": "https://www.sec.gov/Archives/edgar/data/730464/000155837020010728/atge-20200630x10k.htm"
    },
    {
        "date": "2020-03-31",
        "symbol": "ATGE",
        "reportedCurrency": "USD",
        "cik": "0000730464",
        "fillingDate": "2020-05-05",
        "acceptedDate": "2020-05-05 16:14:41",
        "calendarYear": "2020",
        "period": "Q3",
        "revenue": 271487000,
        "costOfRevenue": 118712000,
        "grossProfit": 152775000,
        "grossProfitRatio": 0.5627341272,
        "researchAndDevelopmentExpenses": 0,
        "generalAndAdministrativeExpenses": 96434000,
        "sellingAndMarketingExpenses": 0,
        "sellingGeneralAndAdministrativeExpenses": 96434000,
        "otherExpenses": 0,
        "operatingExpenses": 96434000,
        "costAndExpenses": 215146000,
        "interestIncome": 782000,
        "interestExpense": 5191000,
        "depreciationAndAmortization": 22185000,
        "ebitda": 187146000,
        "ebitdaratio": 0.6893368743,
        "operatingIncome": 54487000,
        "operatingIncomeRatio": 0.200698376,
        "totalOtherIncomeExpensesNet": 105881000,
        "incomeBeforeTax": 160368000,
        "incomeBeforeTaxRatio": 0.5907023172,
        "incomeTaxExpense": 6937000,
        "netIncome": 150832000,
        "netIncomeRatio": 0.5555772468,
        "eps": 2.85,
        "epsdiluted": 2.83,
        "weightedAverageShsOut": 52955000,
        "weightedAverageShsOutDil": 53319000,
        "link": "https://www.sec.gov/Archives/edgar/data/730464/000155837020005193/0001558370-20-005193-index.htm",
        "finalLink": "https://www.sec.gov/Archives/edgar/data/730464/000155837020005193/atge-20200505x10q.htm"
    },
    {
        "date": "2019-12-31",
        "symbol": "ATGE",
        "reportedCurrency": "USD",
        "cik": "0000730464",
        "fillingDate": "2020-02-04",
        "acceptedDate": "2020-02-04 16:53:09",
        "calendarYear": "2020",
        "period": "Q2",
        "revenue": 266172000,
        "costOfRevenue": 127258000,
        "grossProfit": 138914000,
        "grossProfitRatio": 0.5218956164,
        "researchAndDevelopmentExpenses": 0,
        "generalAndAdministrativeExpenses": 96648000,
        "sellingAndMarketingExpenses": 0,
        "sellingGeneralAndAdministrativeExpenses": 96648000,
        "otherExpenses": 0,
        "operatingExpenses": 96648000,
        "costAndExpenses": 223906000,
        "interestIncome": 1215000,
        "interestExpense": 5066000,
        "depreciationAndAmortization": 19912000,
        "ebitda": 33851000,
        "ebitdaratio": 0.1271771636,
        "operatingIncome": 40311000,
        "operatingIncomeRatio": 0.1514471845,
        "totalOtherIncomeExpensesNet": -31438000,
        "incomeBeforeTax": 8873000,
        "incomeBeforeTaxRatio": 0.0333355875,
        "incomeTaxExpense": 7570000,
        "netIncome": 5525000,
        "netIncomeRatio": 0.0207572547,
        "eps": 0.1,
        "epsdiluted": 0.1,
        "weightedAverageShsOut": 53890000,
        "weightedAverageShsOutDil": 54280000,
        "link": "https://www.sec.gov/Archives/edgar/data/730464/000155837020000490/0001558370-20-000490-index.htm",
        "finalLink": "https://www.sec.gov/Archives/edgar/data/730464/000155837020000490/atge-20191231x10q.htm"
    },
    {
        "date": "2019-09-30",
        "symbol": "ATGE",
        "reportedCurrency": "USD",
        "cik": "0000730464",
        "fillingDate": "2019-10-29",
        "acceptedDate": "2019-10-29 19:16:04",
        "calendarYear": "2020",
        "period": "Q1",
        "revenue": 254613000,
        "costOfRevenue": 128034000,
        "grossProfit": 126579000,
        "grossProfitRatio": 0.4971427225,
        "researchAndDevelopmentExpenses": 0,
        "generalAndAdministrativeExpenses": 99087000,
        "sellingAndMarketingExpenses": 0,
        "sellingGeneralAndAdministrativeExpenses": 99087000,
        "otherExpenses": 0,
        "operatingExpenses": 99087000,
        "costAndExpenses": 227121000,
        "interestIncome": 678000,
        "interestExpense": 5328000,
        "depreciationAndAmortization": 23731000,
        "ebitda": 50173000,
        "ebitdaratio": 0.1970559241,
        "operatingIncome": 25741000,
        "operatingIncomeRatio": 0.1010985299,
        "totalOtherIncomeExpensesNet": -4627000,
        "incomeBeforeTax": 21114000,
        "incomeBeforeTaxRatio": 0.0829258522,
        "incomeTaxExpense": 3706000,
        "netIncome": 14361000,
        "netIncomeRatio": 0.0564032473,
        "eps": 0.26,
        "epsdiluted": 0.26,
        "weightedAverageShsOut": 55493000,
        "weightedAverageShsOutDil": 56140000,
        "link": "https://www.sec.gov/Archives/edgar/data/730464/000155837019009314/0001558370-19-009314-index.htm",
        "finalLink": "https://www.sec.gov/Archives/edgar/data/730464/000155837019009314/atge-20200930x10q3e9281.htm"
    },
    {
        "date": "2019-06-30",
        "symbol": "ATGE",
        "reportedCurrency": "USD",
        "cik": "0000730464",
        "fillingDate": "2019-08-28",
        "acceptedDate": "2019-08-28 16:12:03",
        "calendarYear": "2019",
        "period": "Q4",
        "revenue": 330294000,
        "costOfRevenue": 160316000,
        "grossProfit": 169978000,
        "grossProfitRatio": 0.5146263632,
        "researchAndDevelopmentExpenses": 0,
        "generalAndAdministrativeExpenses": 18181000,
        "sellingAndMarketingExpenses": 72000000,
        "sellingGeneralAndAdministrativeExpenses": 90181000,
        "otherExpenses": 0,
        "operatingExpenses": 99863000,
        "costAndExpenses": 260179000,
        "interestIncome": 1855000,
        "interestExpense": 6604000,
        "depreciationAndAmortization": 13752000,
        "ebitda": 87753000,
        "ebitdaratio": 0.2656814838,
        "operatingIncome": 71892000,
        "operatingIncomeRatio": 0.2176606296,
        "totalOtherIncomeExpensesNet": -4495000,
        "incomeBeforeTax": 67397000,
        "incomeBeforeTaxRatio": 0.204051542,
        "incomeTaxExpense": 15337000,
        "netIncome": 49498000,
        "netIncomeRatio": 0.1498604274,
        "eps": 0.88,
        "epsdiluted": 0.86,
        "weightedAverageShsOut": 56247727,
        "weightedAverageShsOutDil": 57284000,
        "link": "https://www.sec.gov/Archives/edgar/data/730464/000155837019008351/0001558370-19-008351-index.htm",
        "finalLink": "https://www.sec.gov/Archives/edgar/data/730464/000155837019008351/atge-20190630x10k.htm"
    },
    {
        "date": "2019-03-31",
        "symbol": "ATGE",
        "reportedCurrency": "USD",
        "cik": "0000730464",
        "fillingDate": "2019-05-02",
        "acceptedDate": "2019-05-02 16:12:19",
        "calendarYear": "2019",
        "period": "Q3",
        "revenue": 308609000,
        "costOfRevenue": 156339000,
        "grossProfit": 152270000,
        "grossProfitRatio": 0.4934075157,
        "researchAndDevelopmentExpenses": 0,
        "generalAndAdministrativeExpenses": 102062000,
        "sellingAndMarketingExpenses": 0,
        "sellingGeneralAndAdministrativeExpenses": 102062000,
        "otherExpenses": 0,
        "operatingExpenses": 102062000,
        "costAndExpenses": 258401000,
        "interestIncome": 1062000,
        "interestExpense": 4786000,
        "depreciationAndAmortization": 10808000,
        "ebitda": 58573000,
        "ebitdaratio": 0.1897967979,
        "operatingIncome": 46306000,
        "operatingIncomeRatio": 0.1500474711,
        "totalOtherIncomeExpensesNet": -1824000,
        "incomeBeforeTax": 43755000,
        "incomeBeforeTaxRatio": 0.1417813479,
        "incomeTaxExpense": 7542000,
        "netIncome": 37905000,
        "netIncomeRatio": 0.1228253227,
        "eps": 0.65,
        "epsdiluted": 0.64,
        "weightedAverageShsOut": 58061000,
        "weightedAverageShsOutDil": 58802000,
        "link": "https://www.sec.gov/Archives/edgar/data/730464/000114420419023287/0001144204-19-023287-index.htm",
        "finalLink": "https://www.sec.gov/Archives/edgar/data/730464/000114420419023287/tv519187_10q.htm"
    },
    {
        "date": "2018-12-31",
        "symbol": "ATGE",
        "reportedCurrency": "USD",
        "cik": "0000730464",
        "fillingDate": "2019-02-07",
        "acceptedDate": "2019-02-07 16:12:37",
        "calendarYear": "2019",
        "period": "Q2",
        "revenue": 316594000,
        "costOfRevenue": 158232000,
        "grossProfit": 158362000,
        "grossProfitRatio": 0.5002053103,
        "researchAndDevelopmentExpenses": 0,
        "generalAndAdministrativeExpenses": 99989000,
        "sellingAndMarketingExpenses": 0,
        "sellingGeneralAndAdministrativeExpenses": 99989000,
        "otherExpenses": 0,
        "operatingExpenses": 99989000,
        "costAndExpenses": 258221000,
        "interestIncome": 1173000,
        "interestExpense": 5006000,
        "depreciationAndAmortization": 10576000,
        "ebitda": 57209000,
        "ebitdaratio": 0.1807014662,
        "operatingIncome": 70299000,
        "operatingIncomeRatio": 0.2220477962,
        "totalOtherIncomeExpensesNet": -4505000,
        "incomeBeforeTax": 65794000,
        "incomeBeforeTaxRatio": 0.2078182151,
        "incomeTaxExpense": 13165000,
        "netIncome": 17295000,
        "netIncomeRatio": 0.0546283252,
        "eps": 0.29,
        "epsdiluted": 0.29,
        "weightedAverageShsOut": 59185000,
        "weightedAverageShsOutDil": 60000000,
        "link": "https://www.sec.gov/Archives/edgar/data/730464/000114420419005592/0001144204-19-005592-index.htm",
        "finalLink": "https://www.sec.gov/Archives/edgar/data/730464/000114420419005592/tv511687_10q.htm"
    },
    {
        "date": "2018-09-30",
        "symbol": "ATGE",
        "reportedCurrency": "USD",
        "cik": "0000730464",
        "fillingDate": "2018-11-01",
        "acceptedDate": "2018-11-01 16:07:23",
        "calendarYear": "2019",
        "period": "Q1",
        "revenue": 284190000,
        "costOfRevenue": 148653000,
        "grossProfit": 135537000,
        "grossProfitRatio": 0.4769238889,
        "researchAndDevelopmentExpenses": 0,
        "generalAndAdministrativeExpenses": 72364000,
        "sellingAndMarketingExpenses": 16800000,
        "sellingGeneralAndAdministrativeExpenses": 89164000,
        "otherExpenses": 0,
        "operatingExpenses": 98497000,
        "costAndExpenses": 247150000,
        "interestIncome": 969000,
        "interestExpense": 4918000,
        "depreciationAndAmortization": 9332000,
        "ebitda": 11589000,
        "ebitdaratio": 0.0407790563,
        "operatingIncome": -2508000,
        "operatingIncomeRatio": -0.0088250818,
        "totalOtherIncomeExpensesNet": -4257000,
        "incomeBeforeTax": -6765000,
        "incomeBeforeTaxRatio": -0.023804497,
        "incomeTaxExpense": -1887000,
        "netIncome": -9530000,
        "netIncomeRatio": -0.0335339034,
        "eps": -0.16,
        "epsdiluted": -0.16,
        "weightedAverageShsOut": 60328000,
        "weightedAverageShsOutDil": 61202000,
        "link": "https://www.sec.gov/Archives/edgar/data/730464/000114420418056800/0001144204-18-056800-index.htm",
        "finalLink": "https://www.sec.gov/Archives/edgar/data/730464/000114420418056800/tv505179_10q.htm"
    },
    {
        "date": "2018-06-30",
        "symbol": "ATGE",
        "reportedCurrency": "USD",
        "cik": "0000730464",
        "fillingDate": "2018-08-24",
        "acceptedDate": "2018-08-24 12:50:00",
        "calendarYear": "2018",
        "period": "Q4",
        "revenue": 319787000,
        "costOfRevenue": 155673000,
        "grossProfit": 164114000,
        "grossProfitRatio": 0.5131978473,
        "researchAndDevelopmentExpenses": 0,
        "generalAndAdministrativeExpenses": 63474000,
        "sellingAndMarketingExpenses": 33590000,
        "sellingGeneralAndAdministrativeExpenses": 97064000,
        "otherExpenses": 0,
        "operatingExpenses": 97064000,
        "costAndExpenses": 252737000,
        "interestIncome": 1015000,
        "interestExpense": 7373000,
        "depreciationAndAmortization": 7144000,
        "ebitda": 73326000,
        "ebitdaratio": 0.2292963754,
        "operatingIncome": 65167000,
        "operatingIncomeRatio": 0.2037825177,
        "totalOtherIncomeExpensesNet": -6358000,
        "incomeBeforeTax": 58809000,
        "incomeBeforeTaxRatio": 0.1839005338,
        "incomeTaxExpense": -38673000,
        "netIncome": 62806000,
        "netIncomeRatio": 0.1963994784,
        "eps": 1.03,
        "epsdiluted": 1.02,
        "weightedAverageShsOut": 60976699,
        "weightedAverageShsOutDil": 61659000,
        "link": "https://www.sec.gov/Archives/edgar/data/730464/000114420418046216/0001144204-18-046216-index.htm",
        "finalLink": "https://www.sec.gov/Archives/edgar/data/730464/000114420418046216/tv500801_10k.htm"
    },
    {
        "date": "2018-03-31",
        "symbol": "ATGE",
        "reportedCurrency": "USD",
        "cik": "0000730464",
        "fillingDate": "2018-05-03",
        "acceptedDate": "2018-05-03 16:07:16",
        "calendarYear": "2018",
        "period": "Q3",
        "revenue": 342193000,
        "costOfRevenue": 179736000,
        "grossProfit": 162457000,
        "grossProfitRatio": 0.4747525519,
        "researchAndDevelopmentExpenses": 0,
        "generalAndAdministrativeExpenses": 75533000,
        "sellingAndMarketingExpenses": 22100000,
        "sellingGeneralAndAdministrativeExpenses": 97633000,
        "otherExpenses": 0,
        "operatingExpenses": 108046000,
        "costAndExpenses": 287782000,
        "interestIncome": 1329000,
        "interestExpense": 2850000,
        "depreciationAndAmortization": 15504000,
        "ebitda": 70975000,
        "ebitdaratio": 0.2074121914,
        "operatingIncome": 53790000,
        "operatingIncomeRatio": 0.157191994,
        "totalOtherIncomeExpensesNet": -1521000,
        "incomeBeforeTax": 52269000,
        "incomeBeforeTaxRatio": 0.1527471339,
        "incomeTaxExpense": 7656000,
        "netIncome": 39334000,
        "netIncomeRatio": 0.1149468283,
        "eps": 0.64,
        "epsdiluted": 0.63,
        "weightedAverageShsOut": 61030000,
        "weightedAverageShsOutDil": 61965000,
        "link": "https://www.sec.gov/Archives/edgar/data/730464/000114420418025084/0001144204-18-025084-index.htm",
        "finalLink": "https://www.sec.gov/Archives/edgar/data/730464/000114420418025084/tv491608_10q.htm"
    },
    {
        "date": "2017-12-31",
        "symbol": "ATGE",
        "reportedCurrency": "USD",
        "cik": "0000730464",
        "fillingDate": "2018-02-06",
        "acceptedDate": "2018-02-06 16:08:59",
        "calendarYear": "2018",
        "period": "Q2",
        "revenue": 337244000,
        "costOfRevenue": 178970000,
        "grossProfit": 158274000,
        "grossProfitRatio": 0.4693159849,
        "researchAndDevelopmentExpenses": 0,
        "generalAndAdministrativeExpenses": 72223000,
        "sellingAndMarketingExpenses": 17200000,
        "sellingGeneralAndAdministrativeExpenses": 89423000,
        "otherExpenses": 0,
        "operatingExpenses": 100336000,
        "costAndExpenses": 279306000,
        "interestIncome": 1365000,
        "interestExpense": 2481000,
        "depreciationAndAmortization": 10531000,
        "ebitda": 67280000,
        "ebitdaratio": 0.1994994722,
        "operatingIncome": 55384000,
        "operatingIncomeRatio": 0.1642253087,
        "totalOtherIncomeExpensesNet": -5651000,
        "incomeBeforeTax": 54268000,
        "incomeBeforeTaxRatio": 0.1609161319,
        "incomeTaxExpense": 109636000,
        "netIncome": -81156000,
        "netIncomeRatio": -0.2406447557,
        "eps": -1.33,
        "epsdiluted": -1.31,
        "weightedAverageShsOut": 61234000,
        "weightedAverageShsOutDil": 62023000,
        "link": "https://www.sec.gov/Archives/edgar/data/730464/000114420418006004/0001144204-18-006004-index.htm",
        "finalLink": "https://www.sec.gov/Archives/edgar/data/730464/000114420418006004/tv483807_10q.htm"
    },
    {
        "date": "2017-09-30",
        "symbol": "ATGE",
        "reportedCurrency": "USD",
        "cik": "0000730464",
        "fillingDate": "2017-11-02",
        "acceptedDate": "2017-11-02 16:18:20",
        "calendarYear": "2018",
        "period": "Q1",
        "revenue": 325278000,
        "costOfRevenue": 195941000,
        "grossProfit": 129337000,
        "grossProfitRatio": 0.3976198821,
        "researchAndDevelopmentExpenses": 0,
        "generalAndAdministrativeExpenses": 150480000,
        "sellingAndMarketingExpenses": -49272000,
        "sellingGeneralAndAdministrativeExpenses": 101208000,
        "otherExpenses": 0,
        "operatingExpenses": 101208000,
        "costAndExpenses": 297149000,
        "interestIncome": 2118000,
        "interestExpense": 1916000,
        "depreciationAndAmortization": 19645000,
        "ebitda": 36199000,
        "ebitdaratio": 0.1112863458,
        "operatingIncome": 25742000,
        "operatingIncomeRatio": 0.07913846,
        "totalOtherIncomeExpensesNet": 4302000,
        "incomeBeforeTax": 25944000,
        "incomeBeforeTaxRatio": 0.0797594673,
        "incomeTaxExpense": 3596000,
        "netIncome": 12785000,
        "netIncomeRatio": 0.0393048408,
        "eps": 0.2,
        "epsdiluted": 0.2,
        "weightedAverageShsOut": 63595000,
        "weightedAverageShsOutDil": 63925000,
        "link": "https://www.sec.gov/Archives/edgar/data/730464/000114420417055825/0001144204-17-055825-index.htm",
        "finalLink": "https://www.sec.gov/Archives/edgar/data/730464/000114420417055825/tv477459_10q.htm"
    },
    {
        "date": "2017-06-30",
        "symbol": "ATGE",
        "reportedCurrency": "USD",
        "cik": "0000730464",
        "fillingDate": "2017-08-24",
        "acceptedDate": "2017-08-24 15:03:23",
        "calendarYear": "2017",
        "period": "Q4",
        "revenue": 451469000,
        "costOfRevenue": 232490000,
        "grossProfit": 218979000,
        "grossProfitRatio": 0.4850366249,
        "researchAndDevelopmentExpenses": 0,
        "generalAndAdministrativeExpenses": 58821000,
        "sellingAndMarketingExpenses": 1900000,
        "sellingGeneralAndAdministrativeExpenses": 60721000,
        "otherExpenses": 0,
        "operatingExpenses": 153655000,
        "costAndExpenses": 386145000,
        "interestIncome": 1184000,
        "interestExpense": 2734000,
        "depreciationAndAmortization": 21118000,
        "ebitda": 75669000,
        "ebitdaratio": 0.1676061922,
        "operatingIncome": 53367000,
        "operatingIncomeRatio": 0.1182074517,
        "totalOtherIncomeExpensesNet": -1550000,
        "incomeBeforeTax": 51817000,
        "incomeBeforeTaxRatio": 0.1147742148,
        "incomeTaxExpense": 7769000,
        "netIncome": 42859000,
        "netIncomeRatio": 0.0949323209,
        "eps": 0.68,
        "epsdiluted": 0.67,
        "weightedAverageShsOut": 63027941,
        "weightedAverageShsOutDil": 64034000,
        "link": "https://www.sec.gov/Archives/edgar/data/730464/000114420417044976/0001144204-17-044976-index.htm",
        "finalLink": "https://www.sec.gov/Archives/edgar/data/730464/000114420417044976/v472999_10k.htm"
    },
    {
        "date": "2017-03-31",
        "symbol": "ATGE",
        "reportedCurrency": "USD",
        "cik": "0000730464",
        "fillingDate": "2017-05-04",
        "acceptedDate": "2017-05-04 16:31:49",
        "calendarYear": "2017",
        "period": "Q3",
        "revenue": 452089000,
        "costOfRevenue": 239244000,
        "grossProfit": 212845000,
        "grossProfitRatio": 0.4708033153,
        "researchAndDevelopmentExpenses": 0,
        "generalAndAdministrativeExpenses": 78390000,
        "sellingAndMarketingExpenses": 25300000,
        "sellingGeneralAndAdministrativeExpenses": 103690000,
        "otherExpenses": 0,
        "operatingExpenses": 157781000,
        "costAndExpenses": 397025000,
        "interestIncome": 1690000,
        "interestExpense": 1995000,
        "depreciationAndAmortization": 21329000,
        "ebitda": 70312000,
        "ebitdaratio": 0.1555268985,
        "operatingIncome": 47293000,
        "operatingIncomeRatio": 0.104609933,
        "totalOtherIncomeExpensesNet": -305000,
        "incomeBeforeTax": 46988000,
        "incomeBeforeTaxRatio": 0.1039352871,
        "incomeTaxExpense": 6966000,
        "netIncome": 39859000,
        "netIncomeRatio": 0.0881662681,
        "eps": 0.63,
        "epsdiluted": 0.62,
        "weightedAverageShsOut": 63666000,
        "weightedAverageShsOutDil": 64266000,
        "link": "https://www.sec.gov/Archives/edgar/data/730464/000114420417024564/0001144204-17-024564-index.htm",
        "finalLink": "https://www.sec.gov/Archives/edgar/data/730464/000114420417024564/v464817_10q.htm"
    },
    {
        "date": "2016-12-31",
        "symbol": "ATGE",
        "reportedCurrency": "USD",
        "cik": "0000730464",
        "fillingDate": "2017-02-02",
        "acceptedDate": "2017-02-02 16:32:36",
        "calendarYear": "2017",
        "period": "Q2",
        "revenue": 456350000,
        "costOfRevenue": 239787000,
        "grossProfit": 216563000,
        "grossProfitRatio": 0.4745546182,
        "researchAndDevelopmentExpenses": 0,
        "generalAndAdministrativeExpenses": 76967000,
        "sellingAndMarketingExpenses": 24200000,
        "sellingGeneralAndAdministrativeExpenses": 101167000,
        "otherExpenses": 0,
        "operatingExpenses": 145651000,
        "costAndExpenses": 385438000,
        "interestIncome": 993000,
        "interestExpense": 2300000,
        "depreciationAndAmortization": 20699000,
        "ebitda": 4846000,
        "ebitdaratio": 0.0106190424,
        "operatingIncome": 4846000,
        "operatingIncomeRatio": 0.0106190424,
        "totalOtherIncomeExpensesNet": 5009000,
        "incomeBeforeTax": 3539000,
        "incomeBeforeTaxRatio": 0.0077550126,
        "incomeTaxExpense": -11216000,
        "netIncome": 14413000,
        "netIncomeRatio": 0.0315832146,
        "eps": 0.23,
        "epsdiluted": 0.23,
        "weightedAverageShsOut": 63569000,
        "weightedAverageShsOutDil": 64028000,
        "link": "https://www.sec.gov/Archives/edgar/data/730464/000114420417005663/0001144204-17-005663-index.htm",
        "finalLink": "https://www.sec.gov/Archives/edgar/data/730464/000114420417005663/v457313_10q.htm"
    },
    {
        "date": "2016-09-30",
        "symbol": "ATGE",
        "reportedCurrency": "USD",
        "cik": "0000730464",
        "fillingDate": "2016-11-02",
        "acceptedDate": "2016-11-02 12:06:11",
        "calendarYear": "2017",
        "period": "Q1",
        "revenue": 449892000,
        "costOfRevenue": 250673000,
        "grossProfit": 199219000,
        "grossProfitRatio": 0.4428151645,
        "researchAndDevelopmentExpenses": 0,
        "generalAndAdministrativeExpenses": 79165000,
        "sellingAndMarketingExpenses": 24300000,
        "sellingGeneralAndAdministrativeExpenses": 103465000,
        "otherExpenses": 0,
        "operatingExpenses": 161065000,
        "costAndExpenses": 411738000,
        "interestIncome": 1058000,
        "interestExpense": 2115000,
        "depreciationAndAmortization": 20915000,
        "ebitda": 58991000,
        "ebitdaratio": 0.1311225805,
        "operatingIncome": 33107000,
        "operatingIncomeRatio": 0.0735887724,
        "totalOtherIncomeExpensesNet": -1057000,
        "incomeBeforeTax": 32050000,
        "incomeBeforeTaxRatio": 0.0712393197,
        "incomeTaxExpense": 6901000,
        "netIncome": 25152000,
        "netIncomeRatio": 0.055906751,
        "eps": 0.4,
        "epsdiluted": 0.39,
        "weightedAverageShsOut": 63419000,
        "weightedAverageShsOutDil": 63896000,
        "link": "https://www.sec.gov/Archives/edgar/data/730464/000114420416131026/0001144204-16-131026-index.htm",
        "finalLink": "https://www.sec.gov/Archives/edgar/data/730464/000114420416131026/v450984_10q.htm"
    },
    {
        "date": "2016-06-30",
        "symbol": "ATGE",
        "reportedCurrency": "USD",
        "cik": "0000730464",
        "fillingDate": "2016-08-25",
        "acceptedDate": "2016-08-25 14:59:06",
        "calendarYear": "2016",
        "period": "Q4",
        "revenue": 471700000,
        "costOfRevenue": 247813000,
        "grossProfit": 223887000,
        "grossProfitRatio": 0.4746385414,
        "researchAndDevelopmentExpenses": 0,
        "generalAndAdministrativeExpenses": 169387000,
        "sellingAndMarketingExpenses": 1000,
        "sellingGeneralAndAdministrativeExpenses": 169388000,
        "otherExpenses": 0,
        "operatingExpenses": 169388000,
        "costAndExpenses": 417201000,
        "interestIncome": 387000,
        "interestExpense": 353000,
        "depreciationAndAmortization": 21712000,
        "ebitda": -2761000,
        "ebitdaratio": -0.0058532966,
        "operatingIncome": -24860000,
        "operatingIncomeRatio": -0.0527029892,
        "totalOtherIncomeExpensesNet": 32000,
        "incomeBeforeTax": -24826000,
        "incomeBeforeTaxRatio": -0.0526309095,
        "incomeTaxExpense": -15225000,
        "netIncome": -9969000,
        "netIncomeRatio": -0.0211341955,
        "eps": -0.16,
        "epsdiluted": -0.16,
        "weightedAverageShsOut": 63536000,
        "weightedAverageShsOutDil": 63784000,
        "link": "https://www.sec.gov/Archives/edgar/data/730464/000114420416121173/0001144204-16-121173-index.htm",
        "finalLink": "https://www.sec.gov/Archives/edgar/data/730464/000114420416121173/v446933_10k.htm"
    },
    {
        "date": "2016-03-31",
        "symbol": "ATGE",
        "reportedCurrency": "USD",
        "cik": "0000730464",
        "fillingDate": "2016-05-05",
        "acceptedDate": "2016-05-05 16:12:04",
        "calendarYear": "2016",
        "period": "Q3",
        "revenue": 474221000,
        "costOfRevenue": 252867000,
        "grossProfit": 221354000,
        "grossProfitRatio": 0.4667739303,
        "researchAndDevelopmentExpenses": 0,
        "generalAndAdministrativeExpenses": 161483000,
        "sellingAndMarketingExpenses": 0,
        "sellingGeneralAndAdministrativeExpenses": 161483000,
        "otherExpenses": 0,
        "operatingExpenses": 161483000,
        "costAndExpenses": 414350000,
        "interestIncome": 27000,
        "interestExpense": 1408000,
        "depreciationAndAmortization": 21567000,
        "ebitda": 81438000,
        "ebitdaratio": 0.1717300583,
        "operatingIncome": 60847000,
        "operatingIncomeRatio": 0.1283093747,
        "totalOtherIncomeExpensesNet": -1381000,
        "incomeBeforeTax": 59466000,
        "incomeBeforeTaxRatio": 0.1253972304,
        "incomeTaxExpense": 7536000,
        "netIncome": 51925000,
        "netIncomeRatio": 0.1094953619,
        "eps": 0.81,
        "epsdiluted": 0.81,
        "weightedAverageShsOut": 63922000,
        "weightedAverageShsOutDil": 64353000,
        "link": "https://www.sec.gov/Archives/edgar/data/730464/000114420416099243/0001144204-16-099243-index.htm",
        "finalLink": "https://www.sec.gov/Archives/edgar/data/730464/000114420416099243/v437631_10q.htm"
    },
    {
        "date": "2015-12-31",
        "symbol": "ATGE",
        "reportedCurrency": "USD",
        "cik": "0000730464",
        "fillingDate": "2016-02-08",
        "acceptedDate": "2016-02-08 14:58:33",
        "calendarYear": "2016",
        "period": "Q2",
        "revenue": 456203000,
        "costOfRevenue": 241021000,
        "grossProfit": 215182000,
        "grossProfitRatio": 0.4716803704,
        "researchAndDevelopmentExpenses": 0,
        "generalAndAdministrativeExpenses": 159163000,
        "sellingAndMarketingExpenses": 0,
        "sellingGeneralAndAdministrativeExpenses": 159163000,
        "otherExpenses": 0,
        "operatingExpenses": 159163000,
        "costAndExpenses": 400184000,
        "interestIncome": 240000,
        "interestExpense": 1847000,
        "depreciationAndAmortization": 21247000,
        "ebitda": -56377000,
        "ebitdaratio": -0.1235787577,
        "operatingIncome": -56377000,
        "operatingIncomeRatio": -0.1235787577,
        "totalOtherIncomeExpensesNet": -1607000,
        "incomeBeforeTax": -57984000,
        "incomeBeforeTaxRatio": -0.1271013124,
        "incomeTaxExpense": -7514000,
        "netIncome": -50587000,
        "netIncomeRatio": -0.1108870393,
        "eps": -0.79,
        "epsdiluted": -0.78,
        "weightedAverageShsOut": 64252000,
        "weightedAverageShsOutDil": 64654000,
        "link": "https://www.sec.gov/Archives/edgar/data/730464/000114420416079508/0001144204-16-079508-index.htm",
        "finalLink": "https://www.sec.gov/Archives/edgar/data/730464/000114420416079508/v429549_10q.htm"
    },
    {
        "date": "2015-09-30",
        "symbol": "ATGE",
        "reportedCurrency": "USD",
        "cik": "0000730464",
        "fillingDate": "2015-11-04",
        "acceptedDate": "2015-11-04 14:13:53",
        "calendarYear": "2016",
        "period": "Q1",
        "revenue": 441413000,
        "costOfRevenue": 245077000,
        "grossProfit": 196336000,
        "grossProfitRatio": 0.4447898,
        "researchAndDevelopmentExpenses": 0,
        "generalAndAdministrativeExpenses": 164016000,
        "sellingAndMarketingExpenses": 0,
        "sellingGeneralAndAdministrativeExpenses": 164016000,
        "otherExpenses": 0,
        "operatingExpenses": 164016000,
        "costAndExpenses": 409093000,
        "interestIncome": 127000,
        "interestExpense": 2326000,
        "depreciationAndAmortization": 21025000,
        "ebitda": 53345000,
        "ebitdaratio": 0.1208505413,
        "operatingIncome": 8247000,
        "operatingIncomeRatio": 0.0186831833,
        "totalOtherIncomeExpensesNet": -2199000,
        "incomeBeforeTax": 6048000,
        "incomeBeforeTaxRatio": 0.0137014542,
        "incomeTaxExpense": 662000,
        "netIncome": 5465000,
        "netIncomeRatio": 0.0123806956,
        "eps": 0.08,
        "epsdiluted": 0.08,
        "weightedAverageShsOut": 68312500,
        "weightedAverageShsOutDil": 68312500,
        "link": "https://www.sec.gov/Archives/edgar/data/730464/000114420415062732/0001144204-15-062732-index.htm",
        "finalLink": "https://www.sec.gov/Archives/edgar/data/730464/000114420415062732/v422580_10q.htm"
    },
    {
        "date": "2015-06-30",
        "symbol": "ATGE",
        "reportedCurrency": "USD",
        "cik": "0000730464",
        "fillingDate": "2015-08-27",
        "acceptedDate": "2015-08-27 13:03:52",
        "calendarYear": "2015",
        "period": "Q4",
        "revenue": 473189000,
        "costOfRevenue": 249729000,
        "grossProfit": 223460000,
        "grossProfitRatio": 0.4722425923,
        "researchAndDevelopmentExpenses": 0,
        "generalAndAdministrativeExpenses": 175407000,
        "sellingAndMarketingExpenses": 0,
        "sellingGeneralAndAdministrativeExpenses": 175407000,
        "otherExpenses": 0,
        "operatingExpenses": 175407000,
        "costAndExpenses": 425136000,
        "interestIncome": 48000,
        "interestExpense": 1755000,
        "depreciationAndAmortization": 24612000,
        "ebitda": 72665000,
        "ebitdaratio": 0.153564432,
        "operatingIncome": 33847000,
        "operatingIncomeRatio": 0.071529558,
        "totalOtherIncomeExpensesNet": -1707000,
        "incomeBeforeTax": 32140000,
        "incomeBeforeTaxRatio": 0.0679221199,
        "incomeTaxExpense": 1884000,
        "netIncome": 29926000,
        "netIncomeRatio": 0.0632432284,
        "eps": 0.46,
        "epsdiluted": 0.46,
        "weightedAverageShsOut": 65056522,
        "weightedAverageShsOutDil": 65213000,
        "link": "https://www.sec.gov/Archives/edgar/data/730464/000114420415052225/0001144204-15-052225-index.htm",
        "finalLink": "https://www.sec.gov/Archives/edgar/data/730464/000114420415052225/v418056_10k.htm"
    },
    {
        "date": "2015-03-31",
        "symbol": "ATGE",
        "reportedCurrency": "USD",
        "cik": "0000730464",
        "fillingDate": "2015-05-08",
        "acceptedDate": "2015-05-08 15:59:39",
        "calendarYear": "2015",
        "period": "Q3",
        "revenue": 489830000,
        "costOfRevenue": 253186000,
        "grossProfit": 236644000,
        "grossProfitRatio": 0.4831145499,
        "researchAndDevelopmentExpenses": 0,
        "generalAndAdministrativeExpenses": 180212000,
        "sellingAndMarketingExpenses": 0,
        "sellingGeneralAndAdministrativeExpenses": 180212000,
        "otherExpenses": 0,
        "operatingExpenses": 180212000,
        "costAndExpenses": 433398000,
        "interestIncome": 1318000,
        "interestExpense": 2813000,
        "depreciationAndAmortization": 23289000,
        "ebitda": 79721000,
        "ebitdaratio": 0.1627523835,
        "operatingIncome": 49450000,
        "operatingIncomeRatio": 0.100953392,
        "totalOtherIncomeExpensesNet": -1495000,
        "incomeBeforeTax": 47955000,
        "incomeBeforeTaxRatio": 0.0979013127,
        "incomeTaxExpense": 6327000,
        "netIncome": 47120000,
        "netIncomeRatio": 0.0961966397,
        "eps": 0.73,
        "epsdiluted": 0.72,
        "weightedAverageShsOut": 64547945,
        "weightedAverageShsOutDil": 65265000,
        "link": "https://www.sec.gov/Archives/edgar/data/730464/000114420415028773/0001144204-15-028773-index.htm",
        "finalLink": "https://www.sec.gov/Archives/edgar/data/730464/000114420415028773/v408323_10q.htm"
    },
    {
        "date": "2014-12-31",
        "symbol": "ATGE",
        "reportedCurrency": "USD",
        "cik": "0000730464",
        "fillingDate": "2015-02-05",
        "acceptedDate": "2015-02-05 16:43:41",
        "calendarYear": "2015",
        "period": "Q2",
        "revenue": 484880000,
        "costOfRevenue": 250809000,
        "grossProfit": 234071000,
        "grossProfitRatio": 0.4827400594,
        "researchAndDevelopmentExpenses": 0,
        "generalAndAdministrativeExpenses": 174913000,
        "sellingAndMarketingExpenses": 0,
        "sellingGeneralAndAdministrativeExpenses": 174913000,
        "otherExpenses": 0,
        "operatingExpenses": 174913000,
        "costAndExpenses": 425722000,
        "interestIncome": 300000,
        "interestExpense": 352000,
        "depreciationAndAmortization": 21443000,
        "ebitda": 80601000,
        "ebitdaratio": 0.1662287576,
        "operatingIncome": 48970000,
        "operatingIncomeRatio": 0.1009940604,
        "totalOtherIncomeExpensesNet": -52000,
        "incomeBeforeTax": 48918000,
        "incomeBeforeTaxRatio": 0.1008868174,
        "incomeTaxExpense": 6116000,
        "netIncome": 42413000,
        "netIncomeRatio": 0.0874711269,
        "eps": 0.66,
        "epsdiluted": 0.65,
        "weightedAverageShsOut": 64641000,
        "weightedAverageShsOutDil": 65470000,
        "link": "https://www.sec.gov/Archives/edgar/data/730464/000114420415006336/0001144204-15-006336-index.htm",
        "finalLink": "https://www.sec.gov/Archives/edgar/data/730464/000114420415006336/v399262_10q.htm"
    },
    {
        "date": "2014-09-30",
        "symbol": "ATGE",
        "reportedCurrency": "USD",
        "cik": "0000730464",
        "fillingDate": "2014-11-05",
        "acceptedDate": "2014-11-05 14:12:33",
        "calendarYear": "2015",
        "period": "Q1",
        "revenue": 462044000,
        "costOfRevenue": 246331000,
        "grossProfit": 215713000,
        "grossProfitRatio": 0.4668667919,
        "researchAndDevelopmentExpenses": 0,
        "generalAndAdministrativeExpenses": 177753000,
        "sellingAndMarketingExpenses": 0,
        "sellingGeneralAndAdministrativeExpenses": 177753000,
        "otherExpenses": 0,
        "operatingExpenses": 177753000,
        "costAndExpenses": 424084000,
        "interestIncome": 397000,
        "interestExpense": 393000,
        "depreciationAndAmortization": 21212000,
        "ebitda": 59172000,
        "ebitdaratio": 0.1280657253,
        "operatingIncome": 24643000,
        "operatingIncomeRatio": 0.0533347473,
        "totalOtherIncomeExpensesNet": 4000,
        "incomeBeforeTax": 24647000,
        "incomeBeforeTaxRatio": 0.0533434045,
        "incomeTaxExpense": 4210000,
        "netIncome": 20440000,
        "netIncomeRatio": 0.0442382111,
        "eps": 0.32,
        "epsdiluted": 0.31,
        "weightedAverageShsOut": 63875000,
        "weightedAverageShsOutDil": 65429000,
        "link": "https://www.sec.gov/Archives/edgar/data/730464/000114420414065246/0001144204-14-065246-index.htm",
        "finalLink": "https://www.sec.gov/Archives/edgar/data/730464/000114420414065246/v391689_10q.htm"
    },
    {
        "date": "2014-06-30",
        "symbol": "ATGE",
        "reportedCurrency": "USD",
        "cik": "0000730464",
        "fillingDate": "2014-08-27",
        "acceptedDate": "2014-08-27 15:48:05",
        "calendarYear": "2014",
        "period": "Q4",
        "revenue": 485073000,
        "costOfRevenue": 256073000,
        "grossProfit": 229000000,
        "grossProfitRatio": 0.472093891,
        "researchAndDevelopmentExpenses": 0,
        "generalAndAdministrativeExpenses": 169716000,
        "sellingAndMarketingExpenses": 0,
        "sellingGeneralAndAdministrativeExpenses": 169716000,
        "otherExpenses": 0,
        "operatingExpenses": 169716000,
        "costAndExpenses": 425789000,
        "interestIncome": 233000,
        "interestExpense": 507000,
        "depreciationAndAmortization": 22927000,
        "ebitda": 82211000,
        "ebitdaratio": 0.1694817069,
        "operatingIncome": 42898000,
        "operatingIncomeRatio": 0.0884361735,
        "totalOtherIncomeExpensesNet": -274000,
        "incomeBeforeTax": 42624000,
        "incomeBeforeTaxRatio": 0.0878713101,
        "incomeTaxExpense": 4586000,
        "netIncome": 37484000,
        "netIncomeRatio": 0.0772749669,
        "eps": 0.58,
        "epsdiluted": 0.58,
        "weightedAverageShsOut": 64627586,
        "weightedAverageShsOutDil": 64988000,
        "link": "https://www.sec.gov/Archives/edgar/data/730464/000114420414052733/0001144204-14-052733-index.htm",
        "finalLink": "https://www.sec.gov/Archives/edgar/data/730464/000114420414052733/v386090_10k.htm"
    },
    {
        "date": "2014-03-31",
        "symbol": "ATGE",
        "reportedCurrency": "USD",
        "cik": "0000730464",
        "fillingDate": "2014-05-05",
        "acceptedDate": "2014-05-05 16:05:33",
        "calendarYear": "2014",
        "period": "Q3",
        "revenue": 496117000,
        "costOfRevenue": 242631000,
        "grossProfit": 253486000,
        "grossProfitRatio": 0.5109399597,
        "researchAndDevelopmentExpenses": 0,
        "generalAndAdministrativeExpenses": 183949000,
        "sellingAndMarketingExpenses": 0,
        "sellingGeneralAndAdministrativeExpenses": 183949000,
        "otherExpenses": 0,
        "operatingExpenses": 183949000,
        "costAndExpenses": 426580000,
        "interestIncome": 605000,
        "interestExpense": 1073000,
        "depreciationAndAmortization": 22581000,
        "ebitda": 92118000,
        "ebitdaratio": 0.1856779752,
        "operatingIncome": 69537000,
        "operatingIncomeRatio": 0.140162502,
        "totalOtherIncomeExpensesNet": -468000,
        "incomeBeforeTax": 69069000,
        "incomeBeforeTaxRatio": 0.1392191761,
        "incomeTaxExpense": 12918000,
        "netIncome": 55525000,
        "netIncomeRatio": 0.1119191642,
        "eps": 0.86,
        "epsdiluted": 0.86,
        "weightedAverageShsOut": 64563953,
        "weightedAverageShsOutDil": 64841000,
        "link": "https://www.sec.gov/Archives/edgar/data/730464/000114420414027549/0001144204-14-027549-index.htm",
        "finalLink": "https://www.sec.gov/Archives/edgar/data/730464/000114420414027549/v375872_10q.htm"
    },
    {
        "date": "2013-12-31",
        "symbol": "ATGE",
        "reportedCurrency": "USD",
        "cik": "0000730464",
        "fillingDate": "2014-02-04",
        "acceptedDate": "2014-02-04 17:13:49",
        "calendarYear": "2014",
        "period": "Q2",
        "revenue": 491269000,
        "costOfRevenue": 242997000,
        "grossProfit": 248272000,
        "grossProfitRatio": 0.5053687491,
        "researchAndDevelopmentExpenses": 0,
        "generalAndAdministrativeExpenses": 185046000,
        "sellingAndMarketingExpenses": 0,
        "sellingGeneralAndAdministrativeExpenses": 185046000,
        "otherExpenses": 0,
        "operatingExpenses": 185046000,
        "costAndExpenses": 428043000,
        "interestIncome": 310000,
        "interestExpense": 1052000,
        "depreciationAndAmortization": 22680000,
        "ebitda": 85906000,
        "ebitdaratio": 0.1748655014,
        "operatingIncome": 58562000,
        "operatingIncomeRatio": 0.1192055676,
        "totalOtherIncomeExpensesNet": -742000,
        "incomeBeforeTax": 57820000,
        "incomeBeforeTaxRatio": 0.1176951935,
        "incomeTaxExpense": 8492000,
        "netIncome": 48155000,
        "netIncomeRatio": 0.0980216541,
        "eps": 0.75,
        "epsdiluted": 0.74,
        "weightedAverageShsOut": 64196000,
        "weightedAverageShsOutDil": 64719000,
        "link": "https://www.sec.gov/Archives/edgar/data/730464/000114420414005910/0001144204-14-005910-index.htm",
        "finalLink": "https://www.sec.gov/Archives/edgar/data/730464/000114420414005910/v365803_10q.htm"
    },
    {
        "date": "2013-09-30",
        "symbol": "ATGE",
        "reportedCurrency": "USD",
        "cik": "0000730464",
        "fillingDate": "2013-11-05",
        "acceptedDate": "2013-11-05 14:57:37",
        "calendarYear": "2014",
        "period": "Q1",
        "revenue": 450913000,
        "costOfRevenue": 241737000,
        "grossProfit": 209176000,
        "grossProfitRatio": 0.4638943654,
        "researchAndDevelopmentExpenses": 0,
        "generalAndAdministrativeExpenses": 189158000,
        "sellingAndMarketingExpenses": 0,
        "sellingGeneralAndAdministrativeExpenses": 189158000,
        "otherExpenses": 0,
        "operatingExpenses": 189158000,
        "costAndExpenses": 430895000,
        "interestIncome": 583000,
        "interestExpense": 1000000,
        "depreciationAndAmortization": 21629000,
        "ebitda": 41647000,
        "ebitdaratio": 0.0923614977,
        "operatingIncome": 10271000,
        "operatingIncomeRatio": 0.0227782299,
        "totalOtherIncomeExpensesNet": -417000,
        "incomeBeforeTax": 9854000,
        "incomeBeforeTaxRatio": 0.0218534396,
        "incomeTaxExpense": 1703000,
        "netIncome": -7132000,
        "netIncomeRatio": -0.0158167984,
        "eps": -0.11,
        "epsdiluted": -0.11,
        "weightedAverageShsOut": 63983262,
        "weightedAverageShsOutDil": 64836364,
        "link": "https://www.sec.gov/Archives/edgar/data/730464/000114420413058782/0001144204-13-058782-index.htm",
        "finalLink": "https://www.sec.gov/Archives/edgar/data/730464/000114420413058782/v357757_10q.htm"
    },
    {
        "date": "2013-06-30",
        "symbol": "ATGE",
        "reportedCurrency": "USD",
        "cik": "0000730464",
        "fillingDate": "2013-08-29",
        "acceptedDate": "2013-08-29 17:07:02",
        "calendarYear": "2013",
        "period": "Q4",
        "revenue": 479964000,
        "costOfRevenue": 245698000,
        "grossProfit": 234266000,
        "grossProfitRatio": 0.4880907735,
        "researchAndDevelopmentExpenses": 0,
        "generalAndAdministrativeExpenses": 183429000,
        "sellingAndMarketingExpenses": 8872000,
        "sellingGeneralAndAdministrativeExpenses": 192301000,
        "otherExpenses": 0,
        "operatingExpenses": 192301000,
        "costAndExpenses": 437999000,
        "interestIncome": 446000,
        "interestExpense": 605000,
        "depreciationAndAmortization": 21928000,
        "ebitda": 4004000,
        "ebitdaratio": 0.0083422923,
        "operatingIncome": -25362000,
        "operatingIncomeRatio": -0.0528414631,
        "totalOtherIncomeExpensesNet": -159000,
        "incomeBeforeTax": -25521000,
        "incomeBeforeTaxRatio": -0.053172738,
        "incomeTaxExpense": -6512000,
        "netIncome": -32310000,
        "netIncomeRatio": -0.0673175488,
        "eps": -0.51,
        "epsdiluted": -0.51,
        "weightedAverageShsOut": 63352941,
        "weightedAverageShsOutDil": 63751000,
        "link": "https://www.sec.gov/Archives/edgar/data/730464/000114420413048520/0001144204-13-048520-index.htm",
        "finalLink": "https://www.sec.gov/Archives/edgar/data/730464/000114420413048520/v352578_10k.htm"
    },
    {
        "date": "2013-03-31",
        "symbol": "ATGE",
        "reportedCurrency": "USD",
        "cik": "0000730464",
        "fillingDate": "2013-05-03",
        "acceptedDate": "2013-05-03 15:43:35",
        "calendarYear": "2013",
        "period": "Q3",
        "revenue": 508752000,
        "costOfRevenue": 241020000,
        "grossProfit": 267732000,
        "grossProfitRatio": 0.5262524766,
        "researchAndDevelopmentExpenses": 0,
        "generalAndAdministrativeExpenses": 192100000,
        "sellingAndMarketingExpenses": 0,
        "sellingGeneralAndAdministrativeExpenses": 192100000,
        "otherExpenses": 0,
        "operatingExpenses": 192100000,
        "costAndExpenses": 433120000,
        "interestIncome": 415000,
        "interestExpense": 756000,
        "depreciationAndAmortization": 24084000,
        "ebitda": 99416000,
        "ebitdaratio": 0.1954115168,
        "operatingIncome": 73603000,
        "operatingIncomeRatio": 0.1446736327,
        "totalOtherIncomeExpensesNet": -2386000,
        "incomeBeforeTax": 73262000,
        "incomeBeforeTaxRatio": 0.1440033651,
        "incomeTaxExpense": 16102000,
        "netIncome": 56821000,
        "netIncomeRatio": 0.1116870302,
        "eps": 0.89,
        "epsdiluted": 0.88,
        "weightedAverageShsOut": 63843820,
        "weightedAverageShsOutDil": 64279000,
        "link": "https://www.sec.gov/Archives/edgar/data/730464/000114420413026229/0001144204-13-026229-index.htm",
        "finalLink": "https://www.sec.gov/Archives/edgar/data/730464/000114420413026229/v340657_10q.htm"
    },
    {
        "date": "2012-12-31",
        "symbol": "ATGE",
        "reportedCurrency": "USD",
        "cik": "0000730464",
        "fillingDate": "2013-02-07",
        "acceptedDate": "2013-02-07 13:56:12",
        "calendarYear": "2013",
        "period": "Q2",
        "revenue": 505244000,
        "costOfRevenue": 243401000,
        "grossProfit": 261843000,
        "grossProfitRatio": 0.5182505878,
        "researchAndDevelopmentExpenses": 0,
        "generalAndAdministrativeExpenses": 186454000,
        "sellingAndMarketingExpenses": 0,
        "sellingGeneralAndAdministrativeExpenses": 186454000,
        "otherExpenses": 0,
        "operatingExpenses": 186454000,
        "costAndExpenses": 429855000,
        "interestIncome": 230000,
        "interestExpense": 759000,
        "depreciationAndAmortization": 24306000,
        "ebitda": 91018000,
        "ebitdaratio": 0.1801466222,
        "operatingIncome": 65905000,
        "operatingIncomeRatio": 0.1304419251,
        "totalOtherIncomeExpensesNet": -529000,
        "incomeBeforeTax": 65376000,
        "incomeBeforeTaxRatio": 0.1293949062,
        "incomeTaxExpense": 14152000,
        "netIncome": 50286000,
        "netIncomeRatio": 0.0995281488,
        "eps": 0.78,
        "epsdiluted": 0.78,
        "weightedAverageShsOut": 64302000,
        "weightedAverageShsOutDil": 64536000,
        "link": "https://www.sec.gov/Archives/edgar/data/730464/000119312513043140/0001193125-13-043140-index.htm",
        "finalLink": "https://www.sec.gov/Archives/edgar/data/730464/000119312513043140/d462469d10q.htm"
    },
    {
        "date": "2012-09-30",
        "symbol": "ATGE",
        "reportedCurrency": "USD",
        "cik": "0000730464",
        "fillingDate": "2012-11-05",
        "acceptedDate": "2012-11-05 15:57:52",
        "calendarYear": "2013",
        "period": "Q1",
        "revenue": 482736000,
        "costOfRevenue": 242545000,
        "grossProfit": 240191000,
        "grossProfitRatio": 0.4975618143,
        "researchAndDevelopmentExpenses": 0,
        "generalAndAdministrativeExpenses": 194401000,
        "sellingAndMarketingExpenses": 0,
        "sellingGeneralAndAdministrativeExpenses": 194401000,
        "otherExpenses": 0,
        "operatingExpenses": 194401000,
        "costAndExpenses": 436946000,
        "interestIncome": 561000,
        "interestExpense": 1491000,
        "depreciationAndAmortization": 22932000,
        "ebitda": 69283000,
        "ebitdaratio": 0.1435215107,
        "operatingIncome": 45790000,
        "operatingIncomeRatio": 0.0948551589,
        "totalOtherIncomeExpensesNet": -930000,
        "incomeBeforeTax": 44860000,
        "incomeBeforeTaxRatio": 0.0929286401,
        "incomeTaxExpense": 13038000,
        "netIncome": 31989000,
        "netIncomeRatio": 0.0662660336,
        "eps": 0.49,
        "epsdiluted": 0.49,
        "weightedAverageShsOut": 64873000,
        "weightedAverageShsOutDil": 65109000,
        "link": "https://www.sec.gov/Archives/edgar/data/730464/000119312512451729/0001193125-12-451729-index.htm",
        "finalLink": "https://www.sec.gov/Archives/edgar/data/730464/000119312512451729/d413423d10q.htm"
    },
    {
        "date": "2012-06-30",
        "symbol": "ATGE",
        "reportedCurrency": "USD",
        "cik": "0000730464",
        "fillingDate": "2012-08-28",
        "acceptedDate": "2012-08-28 17:06:53",
        "calendarYear": "2012",
        "period": "Q4",
        "revenue": 505887000,
        "costOfRevenue": 251987000,
        "grossProfit": 253900000,
        "grossProfitRatio": 0.5018907384,
        "researchAndDevelopmentExpenses": 0,
        "generalAndAdministrativeExpenses": 212275000,
        "sellingAndMarketingExpenses": 0,
        "sellingGeneralAndAdministrativeExpenses": 212275000,
        "otherExpenses": 0,
        "operatingExpenses": 212275000,
        "costAndExpenses": 464262000,
        "interestIncome": 298000,
        "interestExpense": 959000,
        "depreciationAndAmortization": 23841000,
        "ebitda": 39301000,
        "ebitdaratio": 0.0776873096,
        "operatingIncome": 15162000,
        "operatingIncomeRatio": 0.02997112,
        "totalOtherIncomeExpensesNet": -661000,
        "incomeBeforeTax": 14501000,
        "incomeBeforeTaxRatio": 0.0286645041,
        "incomeTaxExpense": 6016000,
        "netIncome": 8085000,
        "netIncomeRatio": 0.0159818299,
        "eps": 0.12,
        "epsdiluted": 0.12,
        "weightedAverageShsOut": 67375000,
        "weightedAverageShsOutDil": 67375000,
        "link": "https://www.sec.gov/Archives/edgar/data/730464/000119312512372041/0001193125-12-372041-index.htm",
        "finalLink": "https://www.sec.gov/Archives/edgar/data/730464/000119312512372041/d365898d10k.htm"
    },
    {
        "date": "2012-03-31",
        "symbol": "ATGE",
        "reportedCurrency": "USD",
        "cik": "0000730464",
        "fillingDate": "2012-05-03",
        "acceptedDate": "2012-05-03 16:14:00",
        "calendarYear": "2012",
        "period": "Q3",
        "revenue": 540807000,
        "costOfRevenue": 244195000,
        "grossProfit": 296612000,
        "grossProfitRatio": 0.5484618357,
        "researchAndDevelopmentExpenses": 0,
        "generalAndAdministrativeExpenses": 201158000,
        "sellingAndMarketingExpenses": 0,
        "sellingGeneralAndAdministrativeExpenses": 201158000,
        "otherExpenses": 0,
        "operatingExpenses": 201158000,
        "costAndExpenses": 445353000,
        "interestIncome": 110000,
        "interestExpense": 650000,
        "depreciationAndAmortization": 22517000,
        "ebitda": 118081000,
        "ebitdaratio": 0.2183422182,
        "operatingIncome": 95454000,
        "operatingIncomeRatio": 0.1765028929,
        "totalOtherIncomeExpensesNet": -540000,
        "incomeBeforeTax": 94914000,
        "incomeBeforeTaxRatio": 0.1755043851,
        "incomeTaxExpense": 27610000,
        "netIncome": 67131000,
        "netIncomeRatio": 0.1241311595,
        "eps": 1.01,
        "epsdiluted": 1,
        "weightedAverageShsOut": 66700000,
        "weightedAverageShsOutDil": 67225000,
        "link": "https://www.sec.gov/Archives/edgar/data/730464/000119312512208495/0001193125-12-208495-index.htm",
        "finalLink": "https://www.sec.gov/Archives/edgar/data/730464/000119312512208495/d321372d10q.htm"
    },
    {
        "date": "2011-12-31",
        "symbol": "ATGE",
        "reportedCurrency": "USD",
        "cik": "0000730464",
        "fillingDate": "2012-02-06",
        "acceptedDate": "2012-02-06 15:15:01",
        "calendarYear": "2012",
        "period": "Q2",
        "revenue": 524049000,
        "costOfRevenue": 241212000,
        "grossProfit": 282837000,
        "grossProfitRatio": 0.5397147977,
        "researchAndDevelopmentExpenses": 0,
        "generalAndAdministrativeExpenses": 194042000,
        "sellingAndMarketingExpenses": 0,
        "sellingGeneralAndAdministrativeExpenses": 194042000,
        "otherExpenses": 0,
        "operatingExpenses": 194042000,
        "costAndExpenses": 435254000,
        "interestIncome": 226000,
        "interestExpense": 481000,
        "depreciationAndAmortization": 22335000,
        "ebitda": 40012000,
        "ebitdaratio": 0.0763516389,
        "operatingIncome": 13756000,
        "operatingIncomeRatio": 0.0262494538,
        "totalOtherIncomeExpensesNet": 3440000,
        "incomeBeforeTax": 17196000,
        "incomeBeforeTaxRatio": 0.0328137254,
        "incomeTaxExpense": 7916000,
        "netIncome": 8865000,
        "netIncomeRatio": 0.0169163571,
        "eps": 0.13,
        "epsdiluted": 0.13,
        "weightedAverageShsOut": 68192308,
        "weightedAverageShsOutDil": 68192308,
        "link": "https://www.sec.gov/Archives/edgar/data/730464/000119312512040930/0001193125-12-040930-index.htm",
        "finalLink": "https://www.sec.gov/Archives/edgar/data/730464/000119312512040930/d267016d10q.htm"
    },
    {
        "date": "2011-09-30",
        "symbol": "ATGE",
        "reportedCurrency": "USD",
        "cik": "0000730464",
        "fillingDate": "2011-11-04",
        "acceptedDate": "2011-11-04 15:52:46",
        "calendarYear": "2012",
        "period": "Q1",
        "revenue": 519038000,
        "costOfRevenue": 238248000,
        "grossProfit": 280790000,
        "grossProfitRatio": 0.5409815852,
        "researchAndDevelopmentExpenses": 0,
        "generalAndAdministrativeExpenses": 200925000,
        "sellingAndMarketingExpenses": 0,
        "sellingGeneralAndAdministrativeExpenses": 200925000,
        "otherExpenses": 0,
        "operatingExpenses": 200925000,
        "costAndExpenses": 439173000,
        "interestIncome": 184000,
        "interestExpense": 522000,
        "depreciationAndAmortization": 19996000,
        "ebitda": 100045000,
        "ebitdaratio": 0.1927508198,
        "operatingIncome": 79865000,
        "operatingIncomeRatio": 0.1538712002,
        "totalOtherIncomeExpensesNet": -338000,
        "incomeBeforeTax": 79527000,
        "incomeBeforeTaxRatio": 0.1532199955,
        "incomeTaxExpense": 22215000,
        "netIncome": 57484000,
        "netIncomeRatio": 0.1107510433,
        "eps": 0.84,
        "epsdiluted": 0.83,
        "weightedAverageShsOut": 68433333,
        "weightedAverageShsOutDil": 69257831,
        "link": "https://www.sec.gov/Archives/edgar/data/730464/000119312511297326/0001193125-11-297326-index.htm",
        "finalLink": "https://www.sec.gov/Archives/edgar/data/730464/000119312511297326/d235562d10q.htm"
    },
    {
        "date": "2011-06-30",
        "symbol": "ATGE",
        "reportedCurrency": "USD",
        "cik": "0000730464",
        "fillingDate": "2011-08-26",
        "acceptedDate": "2011-08-26 13:48:16",
        "calendarYear": "2011",
        "period": "Q4",
        "revenue": 546750000,
        "costOfRevenue": 234592000,
        "grossProfit": 312158000,
        "grossProfitRatio": 0.5709336991,
        "researchAndDevelopmentExpenses": 0,
        "generalAndAdministrativeExpenses": 202578000,
        "sellingAndMarketingExpenses": 0,
        "sellingGeneralAndAdministrativeExpenses": 202578000,
        "otherExpenses": 0,
        "operatingExpenses": 202578000,
        "costAndExpenses": 437170000,
        "interestIncome": 300000,
        "interestExpense": 441000,
        "depreciationAndAmortization": 16693000,
        "ebitda": 126573000,
        "ebitdaratio": 0.2315006859,
        "operatingIncome": 109580000,
        "operatingIncomeRatio": 0.2004206676,
        "totalOtherIncomeExpensesNet": -141000,
        "incomeBeforeTax": 109439000,
        "incomeBeforeTaxRatio": 0.2001627801,
        "incomeTaxExpense": 33751000,
        "netIncome": 75196000,
        "netIncomeRatio": 0.1375326932,
        "eps": 1.1,
        "epsdiluted": 1.09,
        "weightedAverageShsOut": 68433333,
        "weightedAverageShsOutDil": 69257831,
        "link": "https://www.sec.gov/Archives/edgar/data/730464/000095012311080434/0000950123-11-080434-index.htm",
        "finalLink": "https://www.sec.gov/Archives/edgar/data/730464/000095012311080434/c65966e10vk.htm"
    },
    {
        "date": "2011-03-31",
        "symbol": "ATGE",
        "reportedCurrency": "USD",
        "cik": "0000730464",
        "fillingDate": "2011-05-05",
        "acceptedDate": "2011-05-05 13:20:41",
        "calendarYear": "2011",
        "period": "Q3",
        "revenue": 562730000,
        "costOfRevenue": 232914000,
        "grossProfit": 329816000,
        "grossProfitRatio": 0.5860999058,
        "researchAndDevelopmentExpenses": 0,
        "generalAndAdministrativeExpenses": 192589000,
        "sellingAndMarketingExpenses": 0,
        "sellingGeneralAndAdministrativeExpenses": 192589000,
        "otherExpenses": 0,
        "operatingExpenses": 192589000,
        "costAndExpenses": 425503000,
        "interestIncome": 435000,
        "interestExpense": 348000,
        "depreciationAndAmortization": 16512000,
        "ebitda": 154174000,
        "ebitdaratio": 0.2739750857,
        "operatingIncome": 137227000,
        "operatingIncomeRatio": 0.2438593997,
        "totalOtherIncomeExpensesNet": 87000,
        "incomeBeforeTax": 137314000,
        "incomeBeforeTaxRatio": 0.2440140032,
        "incomeTaxExpense": 44405000,
        "netIncome": 92900000,
        "netIncomeRatio": 0.1650880529,
        "eps": 1.34,
        "epsdiluted": 1.32,
        "weightedAverageShsOut": 69328358,
        "weightedAverageShsOutDil": 70378788,
        "link": "https://www.sec.gov/Archives/edgar/data/730464/000095012311045456/0000950123-11-045456-index.htm",
        "finalLink": "https://www.sec.gov/Archives/edgar/data/730464/000095012311045456/c64497e10vq.htm"
    },
    {
        "date": "2010-12-31",
        "symbol": "ATGE",
        "reportedCurrency": "USD",
        "cik": "0000730464",
        "fillingDate": "2011-02-04",
        "acceptedDate": "2011-02-04 13:14:30",
        "calendarYear": "2011",
        "period": "Q2",
        "revenue": 551463000,
        "costOfRevenue": 229917000,
        "grossProfit": 321546000,
        "grossProfitRatio": 0.5830781032,
        "researchAndDevelopmentExpenses": 0,
        "generalAndAdministrativeExpenses": 185993000,
        "sellingAndMarketingExpenses": 0,
        "sellingGeneralAndAdministrativeExpenses": 185993000,
        "otherExpenses": 0,
        "operatingExpenses": 185993000,
        "costAndExpenses": 415910000,
        "interestIncome": 381000,
        "interestExpense": 239000,
        "depreciationAndAmortization": 16123000,
        "ebitda": 152057000,
        "ebitdaratio": 0.2757338208,
        "operatingIncome": 135553000,
        "operatingIncomeRatio": 0.2458061556,
        "totalOtherIncomeExpensesNet": 142000,
        "incomeBeforeTax": 135695000,
        "incomeBeforeTaxRatio": 0.2460636525,
        "incomeTaxExpense": 46823000,
        "netIncome": 88706000,
        "netIncomeRatio": 0.16085576,
        "eps": 1.26,
        "epsdiluted": 1.25,
        "weightedAverageShsOut": 70401587,
        "weightedAverageShsOutDil": 70823000,
        "link": "https://www.sec.gov/Archives/edgar/data/730464/000095012311009138/0000950123-11-009138-index.htm",
        "finalLink": "https://www.sec.gov/Archives/edgar/data/730464/000095012311009138/c62794e10vq.htm"
    },
    {
        "date": "2010-09-30",
        "symbol": "ATGE",
        "reportedCurrency": "USD",
        "cik": "0000730464",
        "fillingDate": "2010-11-04",
        "acceptedDate": "2010-11-04 13:38:39",
        "calendarYear": "2011",
        "period": "Q1",
        "revenue": 521428000,
        "costOfRevenue": 228081000,
        "grossProfit": 293347000,
        "grossProfitRatio": 0.5625839042,
        "researchAndDevelopmentExpenses": 0,
        "generalAndAdministrativeExpenses": 181532000,
        "sellingAndMarketingExpenses": 0,
        "sellingGeneralAndAdministrativeExpenses": 181532000,
        "otherExpenses": 0,
        "operatingExpenses": 181532000,
        "costAndExpenses": 409613000,
        "interestIncome": 423000,
        "interestExpense": 254000,
        "depreciationAndAmortization": 15243000,
        "ebitda": 127481000,
        "ebitdaratio": 0.2444843775,
        "operatingIncome": 111815000,
        "operatingIncomeRatio": 0.214439961,
        "totalOtherIncomeExpensesNet": 169000,
        "incomeBeforeTax": 111984000,
        "incomeBeforeTaxRatio": 0.214764071,
        "incomeTaxExpense": 38623000,
        "netIncome": 73601000,
        "netIncomeRatio": 0.1411527574,
        "eps": 1.04,
        "epsdiluted": 1.03,
        "weightedAverageShsOut": 70770192,
        "weightedAverageShsOutDil": 71457282,
        "link": "https://www.sec.gov/Archives/edgar/data/730464/000095012310100754/0000950123-10-100754-index.htm",
        "finalLink": "https://www.sec.gov/Archives/edgar/data/730464/000095012310100754/c61066e10vq.htm"
    },
    {
        "date": "2010-06-30",
        "symbol": "ATGE",
        "reportedCurrency": "USD",
        "cik": "0000730464",
        "fillingDate": "2010-08-25",
        "acceptedDate": "2010-08-25 14:01:54",
        "calendarYear": "2010",
        "period": "Q4",
        "revenue": 506674000,
        "costOfRevenue": 215341000,
        "grossProfit": 291333000,
        "grossProfitRatio": 0.5749910199,
        "researchAndDevelopmentExpenses": 0,
        "generalAndAdministrativeExpenses": 190765000,
        "sellingAndMarketingExpenses": 0,
        "sellingGeneralAndAdministrativeExpenses": 190765000,
        "otherExpenses": 0,
        "operatingExpenses": 190765000,
        "costAndExpenses": 406106000,
        "interestIncome": 530000,
        "interestExpense": 332000,
        "depreciationAndAmortization": 14513000,
        "ebitda": 115611000,
        "ebitdaratio": 0.2281763027,
        "operatingIncome": 100568000,
        "operatingIncomeRatio": 0.1984866009,
        "totalOtherIncomeExpensesNet": 198000,
        "incomeBeforeTax": 100766000,
        "incomeBeforeTaxRatio": 0.1988773847,
        "incomeTaxExpense": 28864000,
        "netIncome": 71576000,
        "netIncomeRatio": 0.1412663764,
        "eps": 1.01,
        "epsdiluted": 1,
        "weightedAverageShsOut": 70770192,
        "weightedAverageShsOutDil": 71457282,
        "link": "https://www.sec.gov/Archives/edgar/data/730464/000095012310080775/0000950123-10-080775-index.htm",
        "finalLink": "https://www.sec.gov/Archives/edgar/data/730464/000095012310080775/c60004e10vk.htm"
    },
    {
        "date": "2010-03-31",
        "symbol": "ATGE",
        "reportedCurrency": "USD",
        "cik": "0000730464",
        "fillingDate": "2010-05-06",
        "acceptedDate": "2010-05-06 13:05:13",
        "calendarYear": "2010",
        "period": "Q3",
        "revenue": 504385000,
        "costOfRevenue": 214300000,
        "grossProfit": 290085000,
        "grossProfitRatio": 0.5751261437,
        "researchAndDevelopmentExpenses": 0,
        "generalAndAdministrativeExpenses": 168065000,
        "sellingAndMarketingExpenses": 0,
        "sellingGeneralAndAdministrativeExpenses": 168065000,
        "otherExpenses": 0,
        "operatingExpenses": 168065000,
        "costAndExpenses": 382365000,
        "interestIncome": 476000,
        "interestExpense": 336000,
        "depreciationAndAmortization": 14932000,
        "ebitda": 137509000,
        "ebitdaratio": 0.2726270607,
        "operatingIncome": 122020000,
        "operatingIncomeRatio": 0.2419183758,
        "totalOtherIncomeExpensesNet": 221000,
        "incomeBeforeTax": 122241000,
        "incomeBeforeTaxRatio": 0.2423565332,
        "incomeTaxExpense": 41321000,
        "netIncome": 81152000,
        "netIncomeRatio": 0.1608929687,
        "eps": 1.14,
        "epsdiluted": 1.12,
        "weightedAverageShsOut": 71185965,
        "weightedAverageShsOutDil": 72387000,
        "link": "https://www.sec.gov/Archives/edgar/data/730464/000114036110019359/0001140361-10-019359-index.htm",
        "finalLink": "https://www.sec.gov/Archives/edgar/data/730464/000114036110019359/form10q.htm"
    },
    {
        "date": "2009-12-31",
        "symbol": "ATGE",
        "reportedCurrency": "USD",
        "cik": "0000730464",
        "fillingDate": "2010-02-04",
        "acceptedDate": "2010-02-04 14:22:57",
        "calendarYear": "2010",
        "period": "Q2",
        "revenue": 473012000,
        "costOfRevenue": 199965000,
        "grossProfit": 273047000,
        "grossProfitRatio": 0.5772517399,
        "researchAndDevelopmentExpenses": 0,
        "generalAndAdministrativeExpenses": 164118000,
        "sellingAndMarketingExpenses": 0,
        "sellingGeneralAndAdministrativeExpenses": 164118000,
        "otherExpenses": 0,
        "operatingExpenses": 164118000,
        "costAndExpenses": 364083000,
        "interestIncome": 574000,
        "interestExpense": 495000,
        "depreciationAndAmortization": 16825000,
        "ebitda": 126641000,
        "ebitdaratio": 0.2677331653,
        "operatingIncome": 108929000,
        "operatingIncomeRatio": 0.2302880265,
        "totalOtherIncomeExpensesNet": 392000,
        "incomeBeforeTax": 109321000,
        "incomeBeforeTaxRatio": 0.2311167581,
        "incomeTaxExpense": 36731000,
        "netIncome": 72454000,
        "netIncomeRatio": 0.1531758179,
        "eps": 1.02,
        "epsdiluted": 1,
        "weightedAverageShsOut": 71033333,
        "weightedAverageShsOutDil": 72232000,
        "link": "https://www.sec.gov/Archives/edgar/data/730464/000115752310000638/0001157523-10-000638-index.htm",
        "finalLink": "https://www.sec.gov/Archives/edgar/data/730464/000115752310000638/a6166955.htm"
    },
    {
        "date": "2009-09-30",
        "symbol": "ATGE",
        "reportedCurrency": "USD",
        "cik": "0000730464",
        "fillingDate": "2009-11-05",
        "acceptedDate": "2009-11-05 10:56:01",
        "calendarYear": "2010",
        "period": "Q1",
        "revenue": 431110000,
        "costOfRevenue": 196483000,
        "grossProfit": 234627000,
        "grossProfitRatio": 0.5442392893,
        "researchAndDevelopmentExpenses": 0,
        "generalAndAdministrativeExpenses": 155242000,
        "sellingAndMarketingExpenses": 0,
        "sellingGeneralAndAdministrativeExpenses": 155242000,
        "otherExpenses": 0,
        "operatingExpenses": 155242000,
        "costAndExpenses": 351725000,
        "interestIncome": 500000,
        "interestExpense": 422000,
        "depreciationAndAmortization": 15952000,
        "ebitda": 96668000,
        "ebitdaratio": 0.2242304748,
        "operatingIncome": 79385000,
        "operatingIncomeRatio": 0.1841409385,
        "totalOtherIncomeExpensesNet": 909000,
        "incomeBeforeTax": 80294000,
        "incomeBeforeTaxRatio": 0.1862494491,
        "incomeTaxExpense": 25723000,
        "netIncome": 54727000,
        "netIncomeRatio": 0.1269443993,
        "eps": 0.77,
        "epsdiluted": 0.76,
        "weightedAverageShsOut": 71074026,
        "weightedAverageShsOutDil": 72009211,
        "link": "https://www.sec.gov/Archives/edgar/data/730464/000115752309007730/0001157523-09-007730-index.htm",
        "finalLink": "https://www.sec.gov/Archives/edgar/data/730464/000115752309007730/a6091608.htm"
    },
    {
        "date": "2009-06-30",
        "symbol": "ATGE",
        "reportedCurrency": "USD",
        "cik": "0000730464",
        "fillingDate": "2009-08-26",
        "acceptedDate": "2009-08-26 10:09:36",
        "calendarYear": "2009",
        "period": "Q4",
        "revenue": 396239000,
        "costOfRevenue": 184752000,
        "grossProfit": 211487000,
        "grossProfitRatio": 0.5337359523,
        "researchAndDevelopmentExpenses": 0,
        "generalAndAdministrativeExpenses": 152893000,
        "sellingAndMarketingExpenses": 0,
        "sellingGeneralAndAdministrativeExpenses": 152893000,
        "otherExpenses": 4900000,
        "operatingExpenses": 157793000,
        "costAndExpenses": 342545000,
        "interestIncome": 623000,
        "interestExpense": 762000,
        "depreciationAndAmortization": 14073000,
        "ebitda": 69181000,
        "ebitdaratio": 0.1745941212,
        "operatingIncome": 53694000,
        "operatingIncomeRatio": 0.1355091245,
        "totalOtherIncomeExpensesNet": 652000,
        "incomeBeforeTax": 54346000,
        "incomeBeforeTaxRatio": 0.1371545961,
        "incomeTaxExpense": 17275000,
        "netIncome": 37032000,
        "netIncomeRatio": 0.0934587459,
        "eps": 0.52,
        "epsdiluted": 0.51,
        "weightedAverageShsOut": 71074026,
        "weightedAverageShsOutDil": 72009211,
        "link": "https://www.sec.gov/Archives/edgar/data/730464/000114036109019718/0001140361-09-019718-index.htm",
        "finalLink": "https://www.sec.gov/Archives/edgar/data/730464/000114036109019718/form10k.htm"
    },
    {
        "date": "2009-03-31",
        "symbol": "ATGE",
        "reportedCurrency": "USD",
        "cik": "0000730464",
        "fillingDate": "2009-05-07",
        "acceptedDate": "2009-05-07 12:39:56",
        "calendarYear": "2009",
        "period": "Q3",
        "revenue": 391882000,
        "costOfRevenue": 178201000,
        "grossProfit": 213681000,
        "grossProfitRatio": 0.5452687289,
        "researchAndDevelopmentExpenses": 0,
        "generalAndAdministrativeExpenses": 137917000,
        "sellingAndMarketingExpenses": 0,
        "sellingGeneralAndAdministrativeExpenses": 137917000,
        "otherExpenses": 3977000,
        "operatingExpenses": 141894000,
        "costAndExpenses": 320095000,
        "interestIncome": 776000,
        "interestExpense": 484000,
        "depreciationAndAmortization": 13273000,
        "ebitda": 86806000,
        "ebitdaratio": 0.2215105567,
        "operatingIncome": 71787000,
        "operatingIncomeRatio": 0.1831852445,
        "totalOtherIncomeExpensesNet": 1262000,
        "incomeBeforeTax": 73049000,
        "incomeBeforeTaxRatio": 0.1864056017,
        "incomeTaxExpense": 22163000,
        "netIncome": 50886000,
        "netIncomeRatio": 0.1298503121,
        "eps": 0.71,
        "epsdiluted": 0.7,
        "weightedAverageShsOut": 71644000,
        "weightedAverageShsOutDil": 72653000,
        "link": "https://www.sec.gov/Archives/edgar/data/730464/000114036109011347/0001140361-09-011347-index.htm",
        "finalLink": "https://www.sec.gov/Archives/edgar/data/730464/000114036109011347/form10q.htm"
    },
    {
        "date": "2008-12-31",
        "symbol": "ATGE",
        "reportedCurrency": "USD",
        "cik": "0000730464",
        "fillingDate": "2009-02-06",
        "acceptedDate": "2009-02-06 15:15:05",
        "calendarYear": "2009",
        "period": "Q2",
        "revenue": 369615000,
        "costOfRevenue": 167107000,
        "grossProfit": 202508000,
        "grossProfitRatio": 0.5478890197,
        "researchAndDevelopmentExpenses": 0,
        "generalAndAdministrativeExpenses": 139968000,
        "sellingAndMarketingExpenses": 0,
        "sellingGeneralAndAdministrativeExpenses": 139968000,
        "otherExpenses": 0,
        "operatingExpenses": 139968000,
        "costAndExpenses": 307075000,
        "interestIncome": 500,
        "interestExpense": 1176000,
        "depreciationAndAmortization": 13327000,
        "ebitda": 75859000,
        "ebitdaratio": 0.2052378827,
        "operatingIncome": 62540000,
        "operatingIncomeRatio": 0.1692030897,
        "totalOtherIncomeExpensesNet": -1184000,
        "incomeBeforeTax": 61356000,
        "incomeBeforeTaxRatio": 0.1659997565,
        "incomeTaxExpense": 18491000,
        "netIncome": 42865000,
        "netIncomeRatio": 0.1159720249,
        "eps": 0.6,
        "epsdiluted": 0.59,
        "weightedAverageShsOut": 71597000,
        "weightedAverageShsOutDil": 72662000,
        "link": "https://www.sec.gov/Archives/edgar/data/730464/000114036109002919/0001140361-09-002919-index.htm",
        "finalLink": "https://www.sec.gov/Archives/edgar/data/730464/000114036109002919/form10q.htm"
    },
    {
        "date": "2008-09-30",
        "symbol": "ATGE",
        "reportedCurrency": "USD",
        "cik": "0000730464",
        "fillingDate": "2008-11-06",
        "acceptedDate": "2008-11-06 14:44:27",
        "calendarYear": "2009",
        "period": "Q1",
        "revenue": 303717000,
        "costOfRevenue": 139613000,
        "grossProfit": 164104000,
        "grossProfitRatio": 0.5403187836,
        "researchAndDevelopmentExpenses": 0,
        "generalAndAdministrativeExpenses": 117292000,
        "sellingAndMarketingExpenses": 0,
        "sellingGeneralAndAdministrativeExpenses": 117292000,
        "otherExpenses": 0,
        "operatingExpenses": 117292000,
        "costAndExpenses": 256905000,
        "interestIncome": 2142000,
        "interestExpense": 353000,
        "depreciationAndAmortization": 9777000,
        "ebitda": 58731000,
        "ebitdaratio": 0.193374095,
        "operatingIncome": 46812000,
        "operatingIncomeRatio": 0.1541303253,
        "totalOtherIncomeExpensesNet": 1789000,
        "incomeBeforeTax": 48601000,
        "incomeBeforeTaxRatio": 0.1600206771,
        "incomeTaxExpense": 13771000,
        "netIncome": 34830000,
        "netIncomeRatio": 0.1146791256,
        "eps": 0.49,
        "epsdiluted": 0.48,
        "weightedAverageShsOut": 71425000,
        "weightedAverageShsOutDil": 72560000,
        "link": "https://www.sec.gov/Archives/edgar/data/730464/000073046408000012/0000730464-08-000012-index.htm",
        "finalLink": "https://www.sec.gov/Archives/edgar/data/730464/000073046408000012/form10-q.htm"
    },
    {
        "date": "2008-06-30",
        "symbol": "ATGE",
        "reportedCurrency": "USD",
        "cik": "0000730464",
        "fillingDate": "2008-08-27",
        "acceptedDate": "2008-08-27 17:13:20",
        "calendarYear": "2008",
        "period": "Q4",
        "revenue": 276805000,
        "costOfRevenue": 127372000,
        "grossProfit": 149433000,
        "grossProfitRatio": 0.5398493524,
        "researchAndDevelopmentExpenses": 0,
        "generalAndAdministrativeExpenses": 118484000,
        "sellingAndMarketingExpenses": 0,
        "sellingGeneralAndAdministrativeExpenses": 118484000,
        "otherExpenses": 0,
        "operatingExpenses": 118484000,
        "costAndExpenses": 245856000,
        "interestIncome": 0,
        "interestExpense": 0,
        "depreciationAndAmortization": 9859000,
        "ebitda": 40808000,
        "ebitdaratio": 0.1474250826,
        "operatingIncome": 30949000,
        "operatingIncomeRatio": 0.1118079514,
        "totalOtherIncomeExpensesNet": 2237000,
        "incomeBeforeTax": 33186000,
        "incomeBeforeTaxRatio": 0.1198894529,
        "incomeTaxExpense": 8620000,
        "netIncome": 24566000,
        "netIncomeRatio": 0.0887483969,
        "eps": 0.34,
        "epsdiluted": 0.34,
        "weightedAverageShsOut": 71425000,
        "weightedAverageShsOutDil": 72560000,
        "link": "https://www.sec.gov/Archives/edgar/data/730464/000114036108020341/0001140361-08-020341-index.htm",
        "finalLink": "https://www.sec.gov/Archives/edgar/data/730464/000114036108020341/form10k.htm"
    },
    {
        "date": "2008-03-31",
        "symbol": "ATGE",
        "reportedCurrency": "USD",
        "cik": "0000730464",
        "fillingDate": "2008-05-12",
        "acceptedDate": "2008-05-12 12:23:09",
        "calendarYear": "2008",
        "period": "Q3",
        "revenue": 290973000,
        "costOfRevenue": 130846000,
        "grossProfit": 160127000,
        "grossProfitRatio": 0.550315665,
        "researchAndDevelopmentExpenses": 0,
        "generalAndAdministrativeExpenses": 109576000,
        "sellingAndMarketingExpenses": 0,
        "sellingGeneralAndAdministrativeExpenses": 109576000,
        "otherExpenses": 0,
        "operatingExpenses": 109576000,
        "costAndExpenses": 240422000,
        "interestIncome": 0,
        "interestExpense": 0,
        "depreciationAndAmortization": 10281000,
        "ebitda": 60832000,
        "ebitdaratio": 0.2090640712,
        "operatingIncome": 50551000,
        "operatingIncomeRatio": 0.173730896,
        "totalOtherIncomeExpensesNet": 2724000,
        "incomeBeforeTax": 53275000,
        "incomeBeforeTaxRatio": 0.1830925893,
        "incomeTaxExpense": 14957000,
        "netIncome": 38318000,
        "netIncomeRatio": 0.1316891945,
        "eps": 0.54,
        "epsdiluted": 0.53,
        "weightedAverageShsOut": 70959259,
        "weightedAverageShsOutDil": 72298113,
        "link": "https://www.sec.gov/Archives/edgar/data/730464/000114036108011875/0001140361-08-011875-index.htm",
        "finalLink": "https://www.sec.gov/Archives/edgar/data/730464/000114036108011875/form10q.htm"
    },
    {
        "date": "2007-12-31",
        "symbol": "ATGE",
        "reportedCurrency": "USD",
        "cik": "0000730464",
        "fillingDate": "2008-02-07",
        "acceptedDate": "2008-02-07 14:19:40",
        "calendarYear": "2008",
        "period": "Q2",
        "revenue": 273737000,
        "costOfRevenue": 123887000,
        "grossProfit": 149850000,
        "grossProfitRatio": 0.5474232566,
        "researchAndDevelopmentExpenses": 0,
        "generalAndAdministrativeExpenses": 102917000,
        "sellingAndMarketingExpenses": 0,
        "sellingGeneralAndAdministrativeExpenses": 102917000,
        "otherExpenses": 0,
        "operatingExpenses": 102917000,
        "costAndExpenses": 226804000,
        "interestIncome": 0,
        "interestExpense": 0,
        "depreciationAndAmortization": 10248000,
        "ebitda": 57181000,
        "ebitdaratio": 0.2088902852,
        "operatingIncome": 46933000,
        "operatingIncomeRatio": 0.1714528909,
        "totalOtherIncomeExpensesNet": 2794000,
        "incomeBeforeTax": 49727000,
        "incomeBeforeTaxRatio": 0.1816597683,
        "incomeTaxExpense": 13914000,
        "netIncome": 35813000,
        "netIncomeRatio": 0.1308299572,
        "eps": 0.5,
        "epsdiluted": 0.49,
        "weightedAverageShsOut": 71626000,
        "weightedAverageShsOutDil": 73087755,
        "link": "https://www.sec.gov/Archives/edgar/data/730464/000073046408000002/0000730464-08-000002-index.htm",
        "finalLink": "https://www.sec.gov/Archives/edgar/data/730464/000073046408000002/form_10q.htm"
    },
    {
        "date": "2007-09-30",
        "symbol": "ATGE",
        "reportedCurrency": "USD",
        "cik": "0000730464",
        "fillingDate": "2007-11-08",
        "acceptedDate": "2007-11-08 14:38:36",
        "calendarYear": "2008",
        "period": "Q1",
        "revenue": 250318000,
        "costOfRevenue": 121028000,
        "grossProfit": 129290000,
        "grossProfitRatio": 0.5165030082,
        "researchAndDevelopmentExpenses": 0,
        "generalAndAdministrativeExpenses": 91645000,
        "sellingAndMarketingExpenses": 0,
        "sellingGeneralAndAdministrativeExpenses": 91645000,
        "otherExpenses": 3743000,
        "operatingExpenses": 95388000,
        "costAndExpenses": 216416000,
        "interestIncome": 0,
        "interestExpense": 0,
        "depreciationAndAmortization": 9486000,
        "ebitda": 33902000,
        "ebitdaratio": 0.1354357258,
        "operatingIncome": 33902000,
        "operatingIncomeRatio": 0.1354357258,
        "totalOtherIncomeExpensesNet": 2186000,
        "incomeBeforeTax": 36088000,
        "incomeBeforeTaxRatio": 0.1441686175,
        "incomeTaxExpense": 9253000,
        "netIncome": 26835000,
        "netIncomeRatio": 0.107203637,
        "eps": 0.38,
        "epsdiluted": 0.37,
        "weightedAverageShsOut": 70618421,
        "weightedAverageShsOutDil": 72527027,
        "link": "https://www.sec.gov/Archives/edgar/data/730464/000114036107021340/0001140361-07-021340-index.htm",
        "finalLink": "https://www.sec.gov/Archives/edgar/data/730464/000114036107021340/form10-q.htm"
    },
    {
        "date": "2007-06-30",
        "symbol": "ATGE",
        "reportedCurrency": "USD",
        "cik": "0000730464",
        "fillingDate": "2007-08-24",
        "acceptedDate": "2007-08-24 15:40:50",
        "calendarYear": "2007",
        "period": "Q4",
        "revenue": 227503000,
        "costOfRevenue": 120022000,
        "grossProfit": 107481000,
        "grossProfitRatio": 0.4724377261,
        "researchAndDevelopmentExpenses": 0,
        "generalAndAdministrativeExpenses": 89706000,
        "sellingAndMarketingExpenses": 0,
        "sellingGeneralAndAdministrativeExpenses": 89706000,
        "otherExpenses": -20812000,
        "operatingExpenses": 68894000,
        "costAndExpenses": 188916000,
        "interestIncome": 0,
        "interestExpense": 0,
        "depreciationAndAmortization": 10613000,
        "ebitda": 49200000,
        "ebitdaratio": 0.2162608845,
        "operatingIncome": 33432000,
        "operatingIncomeRatio": 0.1469519083,
        "totalOtherIncomeExpensesNet": -13496000,
        "incomeBeforeTax": 19936000,
        "incomeBeforeTaxRatio": 0.0876296137,
        "incomeTaxExpense": 3989000,
        "netIncome": 15947000,
        "netIncomeRatio": 0.070095779,
        "eps": 0.23,
        "epsdiluted": 0.22,
        "weightedAverageShsOut": 70618421,
        "weightedAverageShsOutDil": 72527027,
        "link": "https://www.sec.gov/Archives/edgar/data/730464/000114036107017229/0001140361-07-017229-index.htm",
        "finalLink": "https://www.sec.gov/Archives/edgar/data/730464/000114036107017229/form10k.htm"
    },
    {
        "date": "2007-03-31",
        "symbol": "ATGE",
        "reportedCurrency": "USD",
        "cik": "0000730464",
        "fillingDate": "2007-05-09",
        "acceptedDate": "2007-05-09 16:01:09",
        "calendarYear": "2007",
        "period": "Q3",
        "revenue": 247781000,
        "costOfRevenue": 125815000,
        "grossProfit": 121966000,
        "grossProfitRatio": 0.4922330606,
        "researchAndDevelopmentExpenses": 0,
        "generalAndAdministrativeExpenses": 90283000,
        "sellingAndMarketingExpenses": 0,
        "sellingGeneralAndAdministrativeExpenses": 90283000,
        "otherExpenses": 0,
        "operatingExpenses": 90283000,
        "costAndExpenses": 216098000,
        "interestIncome": 0,
        "interestExpense": 774000,
        "depreciationAndAmortization": 11444000,
        "ebitda": 41171000,
        "ebitdaratio": 0.1661588257,
        "operatingIncome": 30586000,
        "operatingIncomeRatio": 0.1234396503,
        "totalOtherIncomeExpensesNet": 183000,
        "incomeBeforeTax": 30769000,
        "incomeBeforeTaxRatio": 0.1241782058,
        "incomeTaxExpense": 7845000,
        "netIncome": 22924000,
        "netIncomeRatio": 0.0925171825,
        "eps": 0.32,
        "epsdiluted": 0.32,
        "weightedAverageShsOut": 71637500,
        "weightedAverageShsOutDil": 71637500,
        "link": "https://www.sec.gov/Archives/edgar/data/730464/000114036107009484/0001140361-07-009484-index.htm",
        "finalLink": "https://www.sec.gov/Archives/edgar/data/730464/000114036107009484/form10q.htm"
    },
    {
        "date": "2006-12-31",
        "symbol": "ATGE",
        "reportedCurrency": "USD",
        "cik": "0000730464",
        "fillingDate": "2007-02-08",
        "acceptedDate": "2007-02-08 14:52:24",
        "calendarYear": "2007",
        "period": "Q2",
        "revenue": 237536000,
        "costOfRevenue": 120580000,
        "grossProfit": 116956000,
        "grossProfitRatio": 0.4923716826,
        "researchAndDevelopmentExpenses": 0,
        "generalAndAdministrativeExpenses": 93238000,
        "sellingAndMarketingExpenses": 0,
        "sellingGeneralAndAdministrativeExpenses": 93238000,
        "otherExpenses": 0,
        "operatingExpenses": 93238000,
        "costAndExpenses": 213818000,
        "interestIncome": 0,
        "interestExpense": 700,
        "depreciationAndAmortization": 11358000,
        "ebitda": 35076000,
        "ebitdaratio": 0.147666038,
        "operatingIncome": 23718000,
        "operatingIncomeRatio": 0.099850128,
        "totalOtherIncomeExpensesNet": -1720000,
        "incomeBeforeTax": 21998000,
        "incomeBeforeTaxRatio": 0.0926091203,
        "incomeTaxExpense": 5601000,
        "netIncome": 16397000,
        "netIncomeRatio": 0.0690295366,
        "eps": 0.23,
        "epsdiluted": 0.23,
        "weightedAverageShsOut": 71291304,
        "weightedAverageShsOutDil": 71291304,
        "link": "https://www.sec.gov/Archives/edgar/data/730464/000114036107002820/0001140361-07-002820-index.htm",
        "finalLink": "https://www.sec.gov/Archives/edgar/data/730464/000114036107002820/form10-q.htm"
    },
    {
        "date": "2006-09-30",
        "symbol": "ATGE",
        "reportedCurrency": "USD",
        "cik": "0000730464",
        "fillingDate": "2006-11-09",
        "acceptedDate": "2006-11-09 12:44:19",
        "calendarYear": "2007",
        "period": "Q1",
        "revenue": 220653000,
        "costOfRevenue": 120304000,
        "grossProfit": 100349000,
        "grossProfitRatio": 0.4547819427,
        "researchAndDevelopmentExpenses": 0,
        "generalAndAdministrativeExpenses": 85798000,
        "sellingAndMarketingExpenses": 0,
        "sellingGeneralAndAdministrativeExpenses": 85798000,
        "otherExpenses": 0,
        "operatingExpenses": 85798000,
        "costAndExpenses": 206102000,
        "interestIncome": 0,
        "interestExpense": 2169000,
        "depreciationAndAmortization": 10592000,
        "ebitda": 43560000,
        "ebitdaratio": 0.1974140392,
        "operatingIncome": 14551000,
        "operatingIncomeRatio": 0.0659451718,
        "totalOtherIncomeExpensesNet": 17686000,
        "incomeBeforeTax": 32237000,
        "incomeBeforeTaxRatio": 0.1460981722,
        "incomeTaxExpense": 11317000,
        "netIncome": 20920000,
        "netIncomeRatio": 0.0948094973,
        "eps": 0.3,
        "epsdiluted": 0.29,
        "weightedAverageShsOut": 69733333,
        "weightedAverageShsOutDil": 72137931,
        "link": "https://www.sec.gov/Archives/edgar/data/730464/000114036106015818/0001140361-06-015818-index.htm",
        "finalLink": "https://www.sec.gov/Archives/edgar/data/730464/000114036106015818/form10-q.htm"
    },
    {
        "date": "2006-06-30",
        "symbol": "ATGE",
        "reportedCurrency": "USD",
        "cik": "0000730464",
        "fillingDate": "2006-09-13",
        "acceptedDate": "2006-09-13 12:59:03",
        "calendarYear": "2006",
        "period": "Q4",
        "revenue": 216443000,
        "costOfRevenue": 114406000,
        "grossProfit": 102037000,
        "grossProfitRatio": 0.4714266574,
        "researchAndDevelopmentExpenses": 0,
        "generalAndAdministrativeExpenses": 84234000,
        "sellingAndMarketingExpenses": 0,
        "sellingGeneralAndAdministrativeExpenses": 84234000,
        "otherExpenses": 0,
        "operatingExpenses": 84234000,
        "costAndExpenses": 198640000,
        "interestIncome": 0,
        "interestExpense": 10190000,
        "depreciationAndAmortization": 11961000,
        "ebitda": 29764000,
        "ebitdaratio": 0.1375142647,
        "operatingIncome": 17803000,
        "operatingIncomeRatio": 0.0822526023,
        "totalOtherIncomeExpensesNet": -2439000,
        "incomeBeforeTax": 15364000,
        "incomeBeforeTaxRatio": 0.0709840466,
        "incomeTaxExpense": 3553000,
        "netIncome": 11811000,
        "netIncomeRatio": 0.0545686393,
        "eps": 0.17,
        "epsdiluted": 0.16,
        "weightedAverageShsOut": 69733333,
        "weightedAverageShsOutDil": 72137931,
        "link": "https://www.sec.gov/Archives/edgar/data/730464/000095013706010014/0000950137-06-010014-index.htm",
        "finalLink": "https://www.sec.gov/Archives/edgar/data/730464/000095013706010014/c07336e10vk.htm"
    },
    {
        "date": "2006-03-31",
        "symbol": "ATGE",
        "reportedCurrency": "USD",
        "cik": "0000730464",
        "fillingDate": "2006-05-09",
        "acceptedDate": "2006-05-09 17:21:33",
        "calendarYear": "2006",
        "period": "Q3",
        "revenue": 220206000,
        "costOfRevenue": 115483000,
        "grossProfit": 104723000,
        "grossProfitRatio": 0.4755683315,
        "researchAndDevelopmentExpenses": 0,
        "generalAndAdministrativeExpenses": 80999000,
        "sellingAndMarketingExpenses": 0,
        "sellingGeneralAndAdministrativeExpenses": 80999000,
        "otherExpenses": 0,
        "operatingExpenses": 80999000,
        "costAndExpenses": 196482000,
        "interestIncome": 0,
        "interestExpense": 0,
        "depreciationAndAmortization": 12117000,
        "ebitda": 35841000,
        "ebitdaratio": 0.1627612327,
        "operatingIncome": 23724000,
        "operatingIncomeRatio": 0.107735484,
        "totalOtherIncomeExpensesNet": -2490000,
        "incomeBeforeTax": 21234000,
        "incomeBeforeTaxRatio": 0.0964278902,
        "incomeTaxExpense": 5552000,
        "netIncome": 15682000,
        "netIncomeRatio": 0.0712151349,
        "eps": 0.22,
        "epsdiluted": 0.22,
        "weightedAverageShsOut": 71281818,
        "weightedAverageShsOutDil": 71281818,
        "link": "https://www.sec.gov/Archives/edgar/data/730464/000073046406000008/0000730464-06-000008-index.htm",
        "finalLink": "https://www.sec.gov/Archives/edgar/data/730464/000073046406000008/q306.txt"
    },
    {
        "date": "2005-12-31",
        "symbol": "ATGE",
        "reportedCurrency": "USD",
        "cik": "0000730464",
        "fillingDate": "2006-02-09",
        "acceptedDate": "2006-02-08 18:57:00",
        "calendarYear": "2006",
        "period": "Q2",
        "revenue": 209869000,
        "costOfRevenue": 111017000,
        "grossProfit": 98852000,
        "grossProfitRatio": 0.4710176348,
        "researchAndDevelopmentExpenses": 0,
        "generalAndAdministrativeExpenses": 81887000,
        "sellingAndMarketingExpenses": 0,
        "sellingGeneralAndAdministrativeExpenses": 81887000,
        "otherExpenses": 0,
        "operatingExpenses": 81887000,
        "costAndExpenses": 192904000,
        "interestIncome": 0,
        "interestExpense": 0,
        "depreciationAndAmortization": 12236000,
        "ebitda": 29201000,
        "ebitdaratio": 0.1391391773,
        "operatingIncome": 16965000,
        "operatingIncomeRatio": 0.0808361406,
        "totalOtherIncomeExpensesNet": -2606000,
        "incomeBeforeTax": 14359000,
        "incomeBeforeTaxRatio": 0.0684188708,
        "incomeTaxExpense": 3531000,
        "netIncome": 10828000,
        "netIncomeRatio": 0.0515940896,
        "eps": 0.15,
        "epsdiluted": 0.15,
        "weightedAverageShsOut": 72186667,
        "weightedAverageShsOutDil": 72186667,
        "link": "https://www.sec.gov/Archives/edgar/data/730464/000073046406000002/0000730464-06-000002-index.htm",
        "finalLink": "https://www.sec.gov/Archives/edgar/data/730464/000073046406000002/q206.txt"
    },
    {
        "date": "2005-09-30",
        "symbol": "ATGE",
        "reportedCurrency": "USD",
        "cik": "0000730464",
        "fillingDate": "2005-11-09",
        "acceptedDate": "2005-11-09 12:42:15",
        "calendarYear": "2006",
        "period": "Q1",
        "revenue": 196780000,
        "costOfRevenue": 111709000,
        "grossProfit": 85071000,
        "grossProfitRatio": 0.4323152759,
        "researchAndDevelopmentExpenses": 0,
        "generalAndAdministrativeExpenses": 75890000,
        "sellingAndMarketingExpenses": 0,
        "sellingGeneralAndAdministrativeExpenses": 75890000,
        "otherExpenses": 0,
        "operatingExpenses": 75890000,
        "costAndExpenses": 187599000,
        "interestIncome": 0,
        "interestExpense": 0,
        "depreciationAndAmortization": 11794000,
        "ebitda": 20975000,
        "ebitdaratio": 0.106591117,
        "operatingIncome": 9181000,
        "operatingIncomeRatio": 0.0466561642,
        "totalOtherIncomeExpensesNet": -2655000,
        "incomeBeforeTax": 6526000,
        "incomeBeforeTaxRatio": 0.0331639394,
        "incomeTaxExpense": 1794000,
        "netIncome": 4732000,
        "netIncomeRatio": 0.0240471593,
        "eps": 0.07,
        "epsdiluted": 0.07,
        "weightedAverageShsOut": 67600000,
        "weightedAverageShsOutDil": 67600000,
        "link": "https://www.sec.gov/Archives/edgar/data/730464/000073046405000016/0000730464-05-000016-index.htm",
        "finalLink": "https://www.sec.gov/Archives/edgar/data/730464/000073046405000016/q106.txt"
    },
    {
        "date": "2005-06-30",
        "symbol": "ATGE",
        "reportedCurrency": "USD",
        "cik": "0000730464",
        "fillingDate": "2005-09-13",
        "acceptedDate": "2005-09-13 10:34:56",
        "calendarYear": "2005",
        "period": "Q4",
        "revenue": 196456000,
        "costOfRevenue": 109019000,
        "grossProfit": 87437000,
        "grossProfitRatio": 0.44507167,
        "researchAndDevelopmentExpenses": 0,
        "generalAndAdministrativeExpenses": 76422000,
        "sellingAndMarketingExpenses": 0,
        "sellingGeneralAndAdministrativeExpenses": 76422000,
        "otherExpenses": 0,
        "operatingExpenses": 76422000,
        "costAndExpenses": 185441000,
        "interestIncome": 0,
        "interestExpense": 0,
        "depreciationAndAmortization": 15462000,
        "ebitda": 26477000,
        "ebitdaratio": 0.1347731808,
        "operatingIncome": 11015000,
        "operatingIncomeRatio": 0.0560685344,
        "totalOtherIncomeExpensesNet": -2656000,
        "incomeBeforeTax": 8359000,
        "incomeBeforeTaxRatio": 0.0425489677,
        "incomeTaxExpense": 1918000,
        "netIncome": 6441000,
        "netIncomeRatio": 0.0327859673,
        "eps": 0.095,
        "epsdiluted": 0.095,
        "weightedAverageShsOut": 64896308,
        "weightedAverageShsOutDil": 67600000,
        "link": "https://www.sec.gov/Archives/edgar/data/730464/000073046405000014/0000730464-05-000014-index.htm",
        "finalLink": "https://www.sec.gov/Archives/edgar/data/730464/000073046405000014/k05.txt"
    },
    {
        "date": "2005-03-31",
        "symbol": "ATGE",
        "reportedCurrency": "USD",
        "cik": "0000730464",
        "fillingDate": "2005-05-11",
        "acceptedDate": "2005-05-10 17:36:34",
        "calendarYear": "2005",
        "period": "Q3",
        "revenue": 201930000,
        "costOfRevenue": 110605000,
        "grossProfit": 91325000,
        "grossProfitRatio": 0.4522606844,
        "researchAndDevelopmentExpenses": 0,
        "generalAndAdministrativeExpenses": 73472000,
        "sellingAndMarketingExpenses": 0,
        "sellingGeneralAndAdministrativeExpenses": 73472000,
        "otherExpenses": 0,
        "operatingExpenses": 73472000,
        "costAndExpenses": 184077000,
        "interestIncome": 0,
        "interestExpense": 0,
        "depreciationAndAmortization": 14351000,
        "ebitda": 32204000,
        "ebitdaratio": 0.1594810083,
        "operatingIncome": 17853000,
        "operatingIncomeRatio": 0.0884118259,
        "totalOtherIncomeExpensesNet": -2309000,
        "incomeBeforeTax": 15544000,
        "incomeBeforeTaxRatio": 0.0769771703,
        "incomeTaxExpense": 3597000,
        "netIncome": 10881000,
        "netIncomeRatio": 0.0538850097,
        "eps": 0.15,
        "epsdiluted": 0.15,
        "weightedAverageShsOut": 72540000,
        "weightedAverageShsOutDil": 72540000,
        "link": "https://www.sec.gov/Archives/edgar/data/730464/000073046405000008/0000730464-05-000008-index.htm",
        "finalLink": "https://www.sec.gov/Archives/edgar/data/730464/000073046405000008/q305.txt"
    },
    {
        "date": "2004-12-31",
        "symbol": "ATGE",
        "reportedCurrency": "USD",
        "cik": "0000730464",
        "fillingDate": "2005-02-09",
        "acceptedDate": "2005-02-09 11:26:57",
        "calendarYear": "2005",
        "period": "Q2",
        "revenue": 194522000,
        "costOfRevenue": 108236000,
        "grossProfit": 86286000,
        "grossProfitRatio": 0.4435796465,
        "researchAndDevelopmentExpenses": 0,
        "generalAndAdministrativeExpenses": 76663000,
        "sellingAndMarketingExpenses": 0,
        "sellingGeneralAndAdministrativeExpenses": 76663000,
        "otherExpenses": 0,
        "operatingExpenses": 76663000,
        "costAndExpenses": 184899000,
        "interestIncome": 0,
        "interestExpense": 0,
        "depreciationAndAmortization": 14216000,
        "ebitda": 23839000,
        "ebitdaratio": 0.1225516908,
        "operatingIncome": 9623000,
        "operatingIncomeRatio": 0.0494699828,
        "totalOtherIncomeExpensesNet": -2091000,
        "incomeBeforeTax": 7532000,
        "incomeBeforeTaxRatio": 0.038720556,
        "incomeTaxExpense": 1676000,
        "netIncome": 4662000,
        "netIncomeRatio": 0.0239664408,
        "eps": 0.07,
        "epsdiluted": 0.07,
        "weightedAverageShsOut": 66600000,
        "weightedAverageShsOutDil": 66600000,
        "link": "https://www.sec.gov/Archives/edgar/data/730464/000073046405000004/0000730464-05-000004-index.htm",
        "finalLink": "https://www.sec.gov/Archives/edgar/data/730464/000073046405000004/q205.txt"
    },
    {
        "date": "2004-09-30",
        "symbol": "ATGE",
        "reportedCurrency": "USD",
        "cik": "0000730464",
        "fillingDate": "2004-11-08",
        "acceptedDate": "2004-11-08 11:24:22",
        "calendarYear": "2005",
        "period": "Q1",
        "revenue": 188396000,
        "costOfRevenue": 109485000,
        "grossProfit": 78911000,
        "grossProfitRatio": 0.4188570883,
        "researchAndDevelopmentExpenses": 0,
        "generalAndAdministrativeExpenses": 73608000,
        "sellingAndMarketingExpenses": 0,
        "sellingGeneralAndAdministrativeExpenses": 73608000,
        "otherExpenses": 0,
        "operatingExpenses": 73608000,
        "costAndExpenses": 183093000,
        "interestIncome": 0,
        "interestExpense": 0,
        "depreciationAndAmortization": 13537000,
        "ebitda": 18840000,
        "ebitdaratio": 0.1000021232,
        "operatingIncome": 5303000,
        "operatingIncomeRatio": 0.028148156,
        "totalOtherIncomeExpensesNet": -1991000,
        "incomeBeforeTax": 3312000,
        "incomeBeforeTaxRatio": 0.0175799911,
        "incomeTaxExpense": 822000,
        "netIncome": 4300000,
        "netIncomeRatio": 0.0228242638,
        "eps": 0.0603,
        "epsdiluted": 0.0603,
        "weightedAverageShsOut": 71333333,
        "weightedAverageShsOutDil": 71333333,
        "link": "https://www.sec.gov/Archives/edgar/data/730464/000073046404000013/0000730464-04-000013-index.htm",
        "finalLink": "https://www.sec.gov/Archives/edgar/data/730464/000073046404000013/q105.txt"
    },
    {
        "date": "2004-06-30",
        "symbol": "ATGE",
        "reportedCurrency": "USD",
        "cik": "0000730464",
        "fillingDate": "2004-09-10",
        "acceptedDate": "2004-09-10 14:09:45",
        "calendarYear": "2004",
        "period": "Q4",
        "revenue": 200043000,
        "costOfRevenue": 105909000,
        "grossProfit": 94134000,
        "grossProfitRatio": 0.4705688277,
        "researchAndDevelopmentExpenses": 0,
        "generalAndAdministrativeExpenses": 70437000,
        "sellingAndMarketingExpenses": 0,
        "sellingGeneralAndAdministrativeExpenses": 70437000,
        "otherExpenses": 0,
        "operatingExpenses": 70437000,
        "costAndExpenses": 176346000,
        "interestIncome": 0,
        "interestExpense": 0,
        "depreciationAndAmortization": 14458000,
        "ebitda": 38155000,
        "ebitdaratio": 0.1907339922,
        "operatingIncome": 23697000,
        "operatingIncomeRatio": 0.1184595312,
        "totalOtherIncomeExpensesNet": -1821000,
        "incomeBeforeTax": 21876000,
        "incomeBeforeTaxRatio": 0.1093564884,
        "incomeTaxExpense": 6180000,
        "netIncome": 15696000,
        "netIncomeRatio": 0.0784631304,
        "eps": 0.22,
        "epsdiluted": 0.22,
        "weightedAverageShsOut": 70608333,
        "weightedAverageShsOutDil": 71666667,
        "link": "https://www.sec.gov/Archives/edgar/data/730464/000073046404000011/0000730464-04-000011-index.htm",
        "finalLink": "https://www.sec.gov/Archives/edgar/data/730464/000073046404000011/k04.txt"
    },
    {
        "date": "2004-03-31",
        "symbol": "ATGE",
        "reportedCurrency": "USD",
        "cik": "0000730464",
        "fillingDate": "2004-05-11",
        "acceptedDate": "2004-05-11 13:24:11",
        "calendarYear": "2004",
        "period": "Q3",
        "revenue": 196800000,
        "costOfRevenue": 105114000,
        "grossProfit": 91686000,
        "grossProfitRatio": 0.4658841463,
        "researchAndDevelopmentExpenses": 0,
        "generalAndAdministrativeExpenses": 67045000,
        "sellingAndMarketingExpenses": 0,
        "sellingGeneralAndAdministrativeExpenses": 67045000,
        "otherExpenses": 0,
        "operatingExpenses": 67045000,
        "costAndExpenses": 172159000,
        "interestIncome": 0,
        "interestExpense": 0,
        "depreciationAndAmortization": 14163000,
        "ebitda": 38804000,
        "ebitdaratio": 0.1971747967,
        "operatingIncome": 24641000,
        "operatingIncomeRatio": 0.1252083333,
        "totalOtherIncomeExpensesNet": -1885000,
        "incomeBeforeTax": 22756000,
        "incomeBeforeTaxRatio": 0.1156300813,
        "incomeTaxExpense": 6461000,
        "netIncome": 16295000,
        "netIncomeRatio": 0.0827997967,
        "eps": 0.23,
        "epsdiluted": 0.23,
        "weightedAverageShsOut": 70847826,
        "weightedAverageShsOutDil": 70847826,
        "link": "https://www.sec.gov/Archives/edgar/data/730464/000073046404000008/0000730464-04-000008-index.htm",
        "finalLink": "https://www.sec.gov/Archives/edgar/data/730464/000073046404000008/q304.txt"
    },
    {
        "date": "2003-12-31",
        "symbol": "ATGE",
        "reportedCurrency": "USD",
        "cik": "0000730464",
        "fillingDate": "2004-02-10",
        "acceptedDate": "2004-02-10 12:41:19",
        "calendarYear": "2004",
        "period": "Q2",
        "revenue": 198806000,
        "costOfRevenue": 104635000,
        "grossProfit": 94171000,
        "grossProfitRatio": 0.4736828868,
        "researchAndDevelopmentExpenses": 0,
        "generalAndAdministrativeExpenses": 70156000,
        "sellingAndMarketingExpenses": 0,
        "sellingGeneralAndAdministrativeExpenses": 70156000,
        "otherExpenses": 0,
        "operatingExpenses": 70156000,
        "costAndExpenses": 174791000,
        "interestIncome": 0,
        "interestExpense": 0,
        "depreciationAndAmortization": 14195000,
        "ebitda": 38210000,
        "ebitdaratio": 0.1921974186,
        "operatingIncome": 24015000,
        "operatingIncomeRatio": 0.120796153,
        "totalOtherIncomeExpensesNet": -1972000,
        "incomeBeforeTax": 22043000,
        "incomeBeforeTaxRatio": 0.1108769353,
        "incomeTaxExpense": 6465000,
        "netIncome": 15578000,
        "netIncomeRatio": 0.078357796,
        "eps": 0.22,
        "epsdiluted": 0.22,
        "weightedAverageShsOut": 70809091,
        "weightedAverageShsOutDil": 70809091,
        "link": "https://www.sec.gov/Archives/edgar/data/730464/000073046404000004/0000730464-04-000004-index.htm",
        "finalLink": "https://www.sec.gov/Archives/edgar/data/730464/000073046404000004/q204.txt"
    },
    {
        "date": "2003-09-30",
        "symbol": "ATGE",
        "reportedCurrency": "USD",
        "cik": "0000730464",
        "fillingDate": "2003-11-10",
        "acceptedDate": "2003-11-10 14:52:25",
        "calendarYear": "2004",
        "period": "Q1",
        "revenue": 189236000,
        "costOfRevenue": 104450000,
        "grossProfit": 84786000,
        "grossProfitRatio": 0.4480437126,
        "researchAndDevelopmentExpenses": 0,
        "generalAndAdministrativeExpenses": 67949000,
        "sellingAndMarketingExpenses": 0,
        "sellingGeneralAndAdministrativeExpenses": 67949000,
        "otherExpenses": 0,
        "operatingExpenses": 67949000,
        "costAndExpenses": 172399000,
        "interestIncome": 0,
        "interestExpense": 0,
        "depreciationAndAmortization": 12768000,
        "ebitda": 29605000,
        "ebitdaratio": 0.1564448625,
        "operatingIncome": 16837000,
        "operatingIncomeRatio": 0.0889735568,
        "totalOtherIncomeExpensesNet": -2156000,
        "incomeBeforeTax": 14681000,
        "incomeBeforeTaxRatio": 0.0775803758,
        "incomeTaxExpense": 4189000,
        "netIncome": 10492000,
        "netIncomeRatio": 0.0554439959,
        "eps": 0.15,
        "epsdiluted": 0.15,
        "weightedAverageShsOut": 69946667,
        "weightedAverageShsOutDil": 69946667,
        "link": "https://www.sec.gov/Archives/edgar/data/730464/000073046403000021/0000730464-03-000021-index.htm",
        "finalLink": "https://www.sec.gov/Archives/edgar/data/730464/000073046403000021/q104.txt"
    },
    {
        "date": "2003-06-30",
        "symbol": "ATGE",
        "reportedCurrency": "USD",
        "cik": "0000730464",
        "fillingDate": "2003-09-26",
        "acceptedDate": "2003-09-26 10:18:35",
        "calendarYear": "2003",
        "period": "Q4",
        "revenue": 174395000,
        "costOfRevenue": 92112000,
        "grossProfit": 82283000,
        "grossProfitRatio": 0.4718197196,
        "researchAndDevelopmentExpenses": 0,
        "generalAndAdministrativeExpenses": 61325000,
        "sellingAndMarketingExpenses": 0,
        "sellingGeneralAndAdministrativeExpenses": 61325000,
        "otherExpenses": 0,
        "operatingExpenses": 61325000,
        "costAndExpenses": 153437000,
        "interestIncome": 0,
        "interestExpense": 0,
        "depreciationAndAmortization": 11648000,
        "ebitda": 32606000,
        "ebitdaratio": 0.1869663694,
        "operatingIncome": 20958000,
        "operatingIncomeRatio": 0.1201754637,
        "totalOtherIncomeExpensesNet": -1139000,
        "incomeBeforeTax": 19819000,
        "incomeBeforeTaxRatio": 0.1136443132,
        "incomeTaxExpense": 7670000,
        "netIncome": 12149000,
        "netIncomeRatio": 0.0696636945,
        "eps": 0.17,
        "epsdiluted": 0.17,
        "weightedAverageShsOut": 69946667,
        "weightedAverageShsOutDil": 69946667,
        "link": "https://www.sec.gov/Archives/edgar/data/730464/000073046403000019/0000730464-03-000019-index.htm",
        "finalLink": "https://www.sec.gov/Archives/edgar/data/730464/000073046403000019/k031.txt"
    },
    {
        "date": "2003-03-31",
        "symbol": "ATGE",
        "reportedCurrency": "USD",
        "cik": "0000730464",
        "fillingDate": "2003-05-09",
        "acceptedDate": "2003-05-09 09:34:57",
        "calendarYear": "2003",
        "period": "Q3",
        "revenue": 169367000,
        "costOfRevenue": 88312000,
        "grossProfit": 81055000,
        "grossProfitRatio": 0.4785761099,
        "researchAndDevelopmentExpenses": 0,
        "generalAndAdministrativeExpenses": 56714000,
        "sellingAndMarketingExpenses": 0,
        "sellingGeneralAndAdministrativeExpenses": 56714000,
        "otherExpenses": 0,
        "operatingExpenses": 56714000,
        "costAndExpenses": 145026000,
        "interestIncome": 0,
        "interestExpense": 0,
        "depreciationAndAmortization": 9634000,
        "ebitda": 33975000,
        "ebitdaratio": 0.2005998807,
        "operatingIncome": 24341000,
        "operatingIncomeRatio": 0.1437174892,
        "totalOtherIncomeExpensesNet": -47000,
        "incomeBeforeTax": 24294000,
        "incomeBeforeTaxRatio": 0.1434399854,
        "incomeTaxExpense": 9402000,
        "netIncome": 14892000,
        "netIncomeRatio": 0.0879274003,
        "eps": 0.21,
        "epsdiluted": 0.21,
        "weightedAverageShsOut": 70914286,
        "weightedAverageShsOutDil": 70914286,
        "link": "https://www.sec.gov/Archives/edgar/data/730464/000073046403000007/0000730464-03-000007-index.htm",
        "finalLink": "https://www.sec.gov/Archives/edgar/data/730464/000073046403000007/q303.txt"
    },
    {
        "date": "2002-12-31",
        "symbol": "ATGE",
        "reportedCurrency": "USD",
        "cik": "0000730464",
        "fillingDate": "2003-02-12",
        "acceptedDate": "2003-02-12 10:18:22",
        "calendarYear": "2003",
        "period": "Q2",
        "revenue": 172548000,
        "costOfRevenue": 93480000,
        "grossProfit": 79068000,
        "grossProfitRatio": 0.4582377078,
        "researchAndDevelopmentExpenses": 0,
        "generalAndAdministrativeExpenses": 55271000,
        "sellingAndMarketingExpenses": 0,
        "sellingGeneralAndAdministrativeExpenses": 55271000,
        "otherExpenses": 0,
        "operatingExpenses": 55271000,
        "costAndExpenses": 148751000,
        "interestIncome": 0,
        "interestExpense": 0,
        "depreciationAndAmortization": 10255000,
        "ebitda": 34052000,
        "ebitdaratio": 0.1973479843,
        "operatingIncome": 23797000,
        "operatingIncomeRatio": 0.1379152468,
        "totalOtherIncomeExpensesNet": -47000,
        "incomeBeforeTax": 23750000,
        "incomeBeforeTaxRatio": 0.1376428588,
        "incomeTaxExpense": 799000,
        "netIncome": 22951000,
        "netIncomeRatio": 0.1330122633,
        "eps": 0.33,
        "epsdiluted": 0.33,
        "weightedAverageShsOut": 69548485,
        "weightedAverageShsOutDil": 69548485,
        "link": "https://www.sec.gov/Archives/edgar/data/730464/000073046403000003/0000730464-03-000003-index.htm",
        "finalLink": "https://www.sec.gov/Archives/edgar/data/730464/000073046403000003/q203.txt"
    },
    {
        "date": "2002-09-30",
        "symbol": "ATGE",
        "reportedCurrency": "USD",
        "cik": "0000730464",
        "fillingDate": "2002-11-06",
        "acceptedDate": "2002-11-06 14:45:46",
        "calendarYear": "2003",
        "period": "Q1",
        "revenue": 163269000,
        "costOfRevenue": 92171000,
        "grossProfit": 71098000,
        "grossProfitRatio": 0.4354653976,
        "researchAndDevelopmentExpenses": 0,
        "generalAndAdministrativeExpenses": 52457000,
        "sellingAndMarketingExpenses": 0,
        "sellingGeneralAndAdministrativeExpenses": 52457000,
        "otherExpenses": 0,
        "operatingExpenses": 52457000,
        "costAndExpenses": 144628000,
        "interestIncome": 0,
        "interestExpense": 0,
        "depreciationAndAmortization": 8795000,
        "ebitda": 27436000,
        "ebitdaratio": 0.1680416981,
        "operatingIncome": 18641000,
        "operatingIncomeRatio": 0.1141735418,
        "totalOtherIncomeExpensesNet": -47000,
        "incomeBeforeTax": 18594000,
        "incomeBeforeTaxRatio": 0.1138856733,
        "incomeTaxExpense": 7438000,
        "netIncome": 11156000,
        "netIncomeRatio": 0.0683289541,
        "eps": 0.16,
        "epsdiluted": 0.16,
        "weightedAverageShsOut": 69725000,
        "weightedAverageShsOutDil": 69725000,
        "link": "https://www.sec.gov/Archives/edgar/data/730464/000073046402000011/0000730464-02-000011-index.htm",
        "finalLink": "https://www.sec.gov/Archives/edgar/data/730464/000073046402000011/q103.txt"
    },
    {
        "date": "2002-06-30",
        "symbol": "ATGE",
        "reportedCurrency": "USD",
        "cik": "0000730464",
        "fillingDate": "2002-09-25",
        "acceptedDate": "2002-09-25 11:27:59",
        "calendarYear": "2002",
        "period": "Q4",
        "revenue": 161460000,
        "costOfRevenue": 86897000,
        "grossProfit": 74563000,
        "grossProfitRatio": 0.4618047814,
        "researchAndDevelopmentExpenses": 0,
        "generalAndAdministrativeExpenses": 48206000,
        "sellingAndMarketingExpenses": 0,
        "sellingGeneralAndAdministrativeExpenses": 48206000,
        "otherExpenses": 0,
        "operatingExpenses": 48206000,
        "costAndExpenses": 135103000,
        "interestIncome": 0,
        "interestExpense": 0,
        "depreciationAndAmortization": 8798000,
        "ebitda": 35155000,
        "ebitdaratio": 0.217731946,
        "operatingIncome": 26357000,
        "operatingIncomeRatio": 0.1632416698,
        "totalOtherIncomeExpensesNet": 490000,
        "incomeBeforeTax": 26847000,
        "incomeBeforeTaxRatio": 0.1662764771,
        "incomeTaxExpense": 10656000,
        "netIncome": 16191000,
        "netIncomeRatio": 0.1002787068,
        "eps": 0.23,
        "epsdiluted": 0.23,
        "weightedAverageShsOut": 69725000,
        "weightedAverageShsOutDil": 69725000,
        "link": "https://www.sec.gov/Archives/edgar/data/730464/000073046402000007/0000730464-02-000007-index.htm",
        "finalLink": "https://www.sec.gov/Archives/edgar/data/730464/000073046402000007/k02.txt"
    },
    {
        "date": "2002-03-31",
        "symbol": "ATGE",
        "reportedCurrency": "USD",
        "cik": "0000730464",
        "fillingDate": "2002-05-01",
        "acceptedDate": "2002-05-01 11:03:52",
        "calendarYear": "2002",
        "period": "Q3",
        "revenue": 164814000,
        "costOfRevenue": 87827000,
        "grossProfit": 76987000,
        "grossProfitRatio": 0.4671144442,
        "researchAndDevelopmentExpenses": 0,
        "generalAndAdministrativeExpenses": 46536000,
        "sellingAndMarketingExpenses": 0,
        "sellingGeneralAndAdministrativeExpenses": 46536000,
        "otherExpenses": 0,
        "operatingExpenses": 46536000,
        "costAndExpenses": 134363000,
        "interestIncome": 0,
        "interestExpense": 0,
        "depreciationAndAmortization": 8590000,
        "ebitda": 39041000,
        "ebitdaratio": 0.2368791486,
        "operatingIncome": 30451000,
        "operatingIncomeRatio": 0.1847597898,
        "totalOtherIncomeExpensesNet": -143000,
        "incomeBeforeTax": 30308000,
        "incomeBeforeTaxRatio": 0.1838921451,
        "incomeTaxExpense": 11941000,
        "netIncome": 18367000,
        "netIncomeRatio": 0.1114407757,
        "eps": 0.26,
        "epsdiluted": 0.26,
        "weightedAverageShsOut": 70642308,
        "weightedAverageShsOutDil": 70642308,
        "link": "https://www.sec.gov/Archives/edgar/data/730464/000073046402000005/0000730464-02-000005-index.htm",
        "finalLink": "https://www.sec.gov/Archives/edgar/data/730464/000073046402000005/q302.txt"
    },
    {
        "date": "2001-12-31",
        "symbol": "ATGE",
        "reportedCurrency": "USD",
        "cik": "0000730464",
        "fillingDate": "2002-02-07",
        "acceptedDate": "2002-02-07 00:00:00",
        "calendarYear": "2002",
        "period": "Q2",
        "revenue": 166675000,
        "costOfRevenue": 90135000,
        "grossProfit": 76540000,
        "grossProfitRatio": 0.4592170391,
        "researchAndDevelopmentExpenses": 0,
        "generalAndAdministrativeExpenses": 45854000,
        "sellingAndMarketingExpenses": 0,
        "sellingGeneralAndAdministrativeExpenses": 45854000,
        "otherExpenses": 0,
        "operatingExpenses": 45854000,
        "costAndExpenses": 135989000,
        "interestIncome": 0,
        "interestExpense": 0,
        "depreciationAndAmortization": 8481000,
        "ebitda": 39167000,
        "ebitdaratio": 0.2349902505,
        "operatingIncome": 30686000,
        "operatingIncomeRatio": 0.1841067947,
        "totalOtherIncomeExpensesNet": -291000,
        "incomeBeforeTax": 30395000,
        "incomeBeforeTaxRatio": 0.182360882,
        "incomeTaxExpense": 11976000,
        "netIncome": 18419000,
        "netIncomeRatio": 0.1105084746,
        "eps": 0.26,
        "epsdiluted": 0.26,
        "weightedAverageShsOut": 70842308,
        "weightedAverageShsOutDil": 70842308,
        "link": "https://www.sec.gov/Archives/edgar/data/730464/000073046402000002/0000730464-02-000002-index.htm",
        "finalLink": "https://www.sec.gov/Archives/edgar/data/730464/000073046402000002/q202.txt"
    },
    {
        "date": "2001-09-30",
        "symbol": "ATGE",
        "reportedCurrency": "USD",
        "cik": "0000730464",
        "fillingDate": "2001-11-13",
        "acceptedDate": "2001-11-13 00:00:00",
        "calendarYear": "2002",
        "period": "Q1",
        "revenue": 154632000,
        "costOfRevenue": 83127000,
        "grossProfit": 71505000,
        "grossProfitRatio": 0.4624204563,
        "researchAndDevelopmentExpenses": 0,
        "generalAndAdministrativeExpenses": 48116000,
        "sellingAndMarketingExpenses": 0,
        "sellingGeneralAndAdministrativeExpenses": 48116000,
        "otherExpenses": 0,
        "operatingExpenses": 48116000,
        "costAndExpenses": 131243000,
        "interestIncome": 0,
        "interestExpense": 0,
        "depreciationAndAmortization": 7667000,
        "ebitda": 31056000,
        "ebitdaratio": 0.2008381189,
        "operatingIncome": 23389000,
        "operatingIncomeRatio": 0.1512558849,
        "totalOtherIncomeExpensesNet": -310000,
        "incomeBeforeTax": 23079000,
        "incomeBeforeTaxRatio": 0.1492511253,
        "incomeTaxExpense": 9001000,
        "netIncome": 14078000,
        "netIncomeRatio": 0.0910419577,
        "eps": 0.2,
        "epsdiluted": 0.2,
        "weightedAverageShsOut": 70390000,
        "weightedAverageShsOutDil": 70390000,
        "link": "https://www.sec.gov/Archives/edgar/data/730464/000073046401500012/0000730464-01-500012-index.htm",
        "finalLink": "https://www.sec.gov/Archives/edgar/data/730464/000073046401500012/q102.txt"
    },
    {
        "date": "2001-06-30",
        "symbol": "ATGE",
        "reportedCurrency": "USD",
        "cik": "0000730464",
        "fillingDate": "2001-09-26",
        "acceptedDate": "2001-09-26 00:00:00",
        "calendarYear": "2001",
        "period": "Q4",
        "revenue": 134001000,
        "costOfRevenue": 87058000,
        "grossProfit": 46943000,
        "grossProfitRatio": 0.3503182812,
        "researchAndDevelopmentExpenses": 0,
        "generalAndAdministrativeExpenses": 45437000,
        "sellingAndMarketingExpenses": 0,
        "sellingGeneralAndAdministrativeExpenses": 45437000,
        "otherExpenses": -23541000,
        "operatingExpenses": 21896000,
        "costAndExpenses": 108954000,
        "interestIncome": 0,
        "interestExpense": 0,
        "depreciationAndAmortization": 8495000,
        "ebitda": 33542000,
        "ebitdaratio": 0.2503115648,
        "operatingIncome": 25047000,
        "operatingIncomeRatio": 0.1869165155,
        "totalOtherIncomeExpensesNet": -939000,
        "incomeBeforeTax": 24108000,
        "incomeBeforeTaxRatio": 0.1799091052,
        "incomeTaxExpense": 10257000,
        "netIncome": 13851000,
        "netIncomeRatio": 0.1033649003,
        "eps": 0.2,
        "epsdiluted": 0.2,
        "weightedAverageShsOut": 69821889,
        "weightedAverageShsOutDil": 70390000,
        "link": "https://www.sec.gov/Archives/edgar/data/730464/000073046401500009/0000730464-01-500009-index.htm",
        "finalLink": "https://www.sec.gov/Archives/edgar/data/730464/000073046401500009/k01.txt"
    },
    {
        "date": "2001-03-31",
        "symbol": "ATGE",
        "reportedCurrency": "USD",
        "cik": "0000730464",
        "fillingDate": "2001-05-01",
        "acceptedDate": "2001-05-01 00:00:00",
        "calendarYear": "2001",
        "period": "Q3",
        "revenue": 148967000,
        "costOfRevenue": 72724000,
        "grossProfit": 76243000,
        "grossProfitRatio": 0.5118113408,
        "researchAndDevelopmentExpenses": 0,
        "generalAndAdministrativeExpenses": 41325000,
        "sellingAndMarketingExpenses": 0,
        "sellingGeneralAndAdministrativeExpenses": 41325000,
        "otherExpenses": 8568000,
        "operatingExpenses": 49893000,
        "costAndExpenses": 122617000,
        "interestIncome": 0,
        "interestExpense": 0,
        "depreciationAndAmortization": 8568000,
        "ebitda": 34918000,
        "ebitdaratio": 0.2344009076,
        "operatingIncome": 26350000,
        "operatingIncomeRatio": 0.1768848134,
        "totalOtherIncomeExpensesNet": 153000,
        "incomeBeforeTax": 26503000,
        "incomeBeforeTaxRatio": 0.1779118865,
        "incomeTaxExpense": 10466000,
        "netIncome": 16037000,
        "netIncomeRatio": 0.1076547155,
        "eps": 0.23,
        "epsdiluted": 0.23,
        "weightedAverageShsOut": 69721000,
        "weightedAverageShsOutDil": 70697000,
        "link": "https://www.sec.gov/Archives/edgar/data/730464/000073046401500007/0000730464-01-500007-index.htm",
        "finalLink": "https://www.sec.gov/Archives/edgar/data/730464/000073046401500007/qtr3.txt"
    },
    {
        "date": "2000-12-31",
        "symbol": "ATGE",
        "reportedCurrency": "USD",
        "cik": "0000730464",
        "fillingDate": "2001-02-13",
        "acceptedDate": "2001-02-13 00:00:00",
        "calendarYear": "2001",
        "period": "Q2",
        "revenue": 150045000,
        "costOfRevenue": 73479000,
        "grossProfit": 76566000,
        "grossProfitRatio": 0.5102869139,
        "researchAndDevelopmentExpenses": 0,
        "generalAndAdministrativeExpenses": 43353000,
        "sellingAndMarketingExpenses": 0,
        "sellingGeneralAndAdministrativeExpenses": 43353000,
        "otherExpenses": 7935000,
        "operatingExpenses": 51288000,
        "costAndExpenses": 124767000,
        "interestIncome": 0,
        "interestExpense": 0,
        "depreciationAndAmortization": 7935000,
        "ebitda": 33213000,
        "ebitdaratio": 0.2213535939,
        "operatingIncome": 25278000,
        "operatingIncomeRatio": 0.1684694592,
        "totalOtherIncomeExpensesNet": 244000,
        "incomeBeforeTax": 25522000,
        "incomeBeforeTaxRatio": 0.170095638,
        "incomeTaxExpense": 9800000,
        "netIncome": 15722000,
        "netIncomeRatio": 0.1047818988,
        "eps": 0.23,
        "epsdiluted": 0.22,
        "weightedAverageShsOut": 68356522,
        "weightedAverageShsOutDil": 71463636,
        "link": "https://www.sec.gov/Archives/edgar/data/730464/000073046401000003/0000730464-01-000003-index.htm",
        "finalLink": "https://www.sec.gov/Archives/edgar/data/730464/000073046401000003/0000730464-01-000003-0001.txt"
    },
    {
        "date": "2000-09-30",
        "symbol": "ATGE",
        "reportedCurrency": "USD",
        "cik": "0000730464",
        "fillingDate": "2000-11-08",
        "acceptedDate": "2000-11-08 00:00:00",
        "calendarYear": "2001",
        "period": "Q1",
        "revenue": 135164000,
        "costOfRevenue": 71271000,
        "grossProfit": 63893000,
        "grossProfitRatio": 0.4727072297,
        "researchAndDevelopmentExpenses": 0,
        "generalAndAdministrativeExpenses": 37215000,
        "sellingAndMarketingExpenses": 0,
        "sellingGeneralAndAdministrativeExpenses": 37215000,
        "otherExpenses": 7038000,
        "operatingExpenses": 44253000,
        "costAndExpenses": 115524000,
        "interestIncome": 0,
        "interestExpense": 0,
        "depreciationAndAmortization": 7038000,
        "ebitda": 26678000,
        "ebitdaratio": 0.1973750407,
        "operatingIncome": 19640000,
        "operatingIncomeRatio": 0.1453049629,
        "totalOtherIncomeExpensesNet": 142000,
        "incomeBeforeTax": 19782000,
        "incomeBeforeTaxRatio": 0.1463555385,
        "incomeTaxExpense": 7616000,
        "netIncome": 12166000,
        "netIncomeRatio": 0.090009174,
        "eps": 0.17,
        "epsdiluted": 0.17,
        "weightedAverageShsOut": 69660000,
        "weightedAverageShsOutDil": 70820000,
        "link": "https://www.sec.gov/Archives/edgar/data/730464/000073046400500003/0000730464-00-500003-index.htm",
        "finalLink": "https://www.sec.gov/Archives/edgar/data/730464/000073046400500003/q110q.txt"
    },
    {
        "date": "2000-06-30",
        "symbol": "ATGE",
        "reportedCurrency": "USD",
        "cik": "0000730464",
        "fillingDate": "2000-09-27",
        "acceptedDate": "2000-09-27 00:00:00",
        "calendarYear": "2000",
        "period": "Q4",
        "revenue": 124556000,
        "costOfRevenue": 62575000,
        "grossProfit": 61981000,
        "grossProfitRatio": 0.4976155304,
        "researchAndDevelopmentExpenses": 0,
        "generalAndAdministrativeExpenses": 36312000,
        "sellingAndMarketingExpenses": 0,
        "sellingGeneralAndAdministrativeExpenses": 36312000,
        "otherExpenses": 6990000,
        "operatingExpenses": 43302000,
        "costAndExpenses": 105877000,
        "interestIncome": 0,
        "interestExpense": 0,
        "depreciationAndAmortization": 6990000,
        "ebitda": 25669000,
        "ebitdaratio": 0.2060840104,
        "operatingIncome": 18679000,
        "operatingIncomeRatio": 0.1499646745,
        "totalOtherIncomeExpensesNet": 561000,
        "incomeBeforeTax": 19240000,
        "incomeBeforeTaxRatio": 0.1544686727,
        "incomeTaxExpense": 7454000,
        "netIncome": 11786000,
        "netIncomeRatio": 0.0946241048,
        "eps": 0.16,
        "epsdiluted": 0.16,
        "weightedAverageShsOut": 69221154,
        "weightedAverageShsOutDil": 71564706,
        "link": "https://www.sec.gov/Archives/edgar/data/730464/000073046400000006/0000730464-00-000006-index.htm",
        "finalLink": "https://www.sec.gov/Archives/edgar/data/730464/000073046400000006/0000730464-00-000006-0001.txt"
    },
    {
        "date": "2000-03-31",
        "symbol": "ATGE",
        "reportedCurrency": "USD",
        "cik": "0000730464",
        "fillingDate": "2000-05-09",
        "acceptedDate": "2000-05-09 00:00:00",
        "calendarYear": "2000",
        "period": "Q3",
        "revenue": 129854000,
        "costOfRevenue": 66044000,
        "grossProfit": 63810000,
        "grossProfitRatio": 0.4913980316,
        "researchAndDevelopmentExpenses": 0,
        "generalAndAdministrativeExpenses": 35518000,
        "sellingAndMarketingExpenses": 0,
        "sellingGeneralAndAdministrativeExpenses": 35518000,
        "otherExpenses": 6525000,
        "operatingExpenses": 42043000,
        "costAndExpenses": 108087000,
        "interestIncome": 0,
        "interestExpense": 0,
        "depreciationAndAmortization": 6561000,
        "ebitda": 28328000,
        "ebitdaratio": 0.2181526946,
        "operatingIncome": 21767000,
        "operatingIncomeRatio": 0.1676267192,
        "totalOtherIncomeExpensesNet": -77000,
        "incomeBeforeTax": 21690000,
        "incomeBeforeTaxRatio": 0.1670337456,
        "incomeTaxExpense": 8393000,
        "netIncome": 13297000,
        "netIncomeRatio": 0.102399618,
        "eps": 0.19,
        "epsdiluted": 0.19,
        "weightedAverageShsOut": 69984211,
        "weightedAverageShsOutDil": 69984211,
        "link": "https://www.sec.gov/Archives/edgar/data/730464/000073046400000004/0000730464-00-000004-index.html",
        "finalLink": "https://www.sec.gov/Archives/edgar/data/730464/000073046400000004/"
    },
    {
        "date": "1999-12-31",
        "symbol": "ATGE",
        "reportedCurrency": "USD",
        "cik": "0000730464",
        "fillingDate": "2000-02-04",
        "acceptedDate": "2000-02-04 00:00:00",
        "calendarYear": "2000",
        "period": "Q2",
        "revenue": 133200000,
        "costOfRevenue": 66300000,
        "grossProfit": 66900000,
        "grossProfitRatio": 0.5022522523,
        "researchAndDevelopmentExpenses": 0,
        "generalAndAdministrativeExpenses": 39300000,
        "sellingAndMarketingExpenses": 0,
        "sellingGeneralAndAdministrativeExpenses": 39300000,
        "otherExpenses": 6200000,
        "operatingExpenses": 45500000,
        "costAndExpenses": 111800000,
        "interestIncome": 0,
        "interestExpense": 0,
        "depreciationAndAmortization": 6200000,
        "ebitda": 27600000,
        "ebitdaratio": 0.2072072072,
        "operatingIncome": 21400000,
        "operatingIncomeRatio": 0.1606606607,
        "totalOtherIncomeExpensesNet": -500000,
        "incomeBeforeTax": 20900000,
        "incomeBeforeTaxRatio": 0.1569069069,
        "incomeTaxExpense": 8100000,
        "netIncome": 12800000,
        "netIncomeRatio": 0.0960960961,
        "eps": 0.18,
        "epsdiluted": 0.18,
        "weightedAverageShsOut": 71111111,
        "weightedAverageShsOutDil": 71111111,
        "link": "https://www.sec.gov/Archives/edgar/data/730464/000073046400000002/0000730464-00-000002-index.html",
        "finalLink": "https://www.sec.gov/Archives/edgar/data/730464/000073046400000002/"
    },
    {
        "date": "1999-09-30",
        "symbol": "ATGE",
        "reportedCurrency": "USD",
        "cik": "0000730464",
        "fillingDate": "1999-11-05",
        "acceptedDate": "1999-11-05 00:00:00",
        "calendarYear": "2000",
        "period": "Q1",
        "revenue": 118300000,
        "costOfRevenue": 65700000,
        "grossProfit": 52600000,
        "grossProfitRatio": 0.4446322908,
        "researchAndDevelopmentExpenses": 0,
        "generalAndAdministrativeExpenses": 30300000,
        "sellingAndMarketingExpenses": 0,
        "sellingGeneralAndAdministrativeExpenses": 30300000,
        "otherExpenses": 5500000,
        "operatingExpenses": 35800000,
        "costAndExpenses": 101500000,
        "interestIncome": 0,
        "interestExpense": 0,
        "depreciationAndAmortization": 5500000,
        "ebitda": 22300000,
        "ebitdaratio": 0.1885038039,
        "operatingIncome": 16800000,
        "operatingIncomeRatio": 0.1420118343,
        "totalOtherIncomeExpensesNet": -600000,
        "incomeBeforeTax": 16200000,
        "incomeBeforeTaxRatio": 0.1369399831,
        "incomeTaxExpense": 6300000,
        "netIncome": 9900000,
        "netIncomeRatio": 0.0836855452,
        "eps": 0.14,
        "epsdiluted": 0.14,
        "weightedAverageShsOut": 70714286,
        "weightedAverageShsOutDil": 70714286,
        "link": "https://www.sec.gov/Archives/edgar/data/730464/000073046499000014/0000730464-99-000014-index.html",
        "finalLink": "https://www.sec.gov/Archives/edgar/data/730464/000073046499000014/"
    },
    {
        "date": "1999-06-30",
        "symbol": "ATGE",
        "reportedCurrency": "USD",
        "cik": "0000730464",
        "fillingDate": "1999-09-27",
        "acceptedDate": "1999-09-27 00:00:00",
        "calendarYear": "1999",
        "period": "Q4",
        "revenue": 108200000,
        "costOfRevenue": 52200000,
        "grossProfit": 56000000,
        "grossProfitRatio": 0.5175600739,
        "researchAndDevelopmentExpenses": 0,
        "generalAndAdministrativeExpenses": 35200000,
        "sellingAndMarketingExpenses": 0,
        "sellingGeneralAndAdministrativeExpenses": 35200000,
        "otherExpenses": 5100000,
        "operatingExpenses": 40300000,
        "costAndExpenses": 92500000,
        "interestIncome": 0,
        "interestExpense": 0,
        "depreciationAndAmortization": 5100000,
        "ebitda": 20800000,
        "ebitdaratio": 0.1922365989,
        "operatingIncome": 15700000,
        "operatingIncomeRatio": 0.1451016636,
        "totalOtherIncomeExpensesNet": 600000,
        "incomeBeforeTax": 16300000,
        "incomeBeforeTaxRatio": 0.1506469501,
        "incomeTaxExpense": 6200000,
        "netIncome": 10100000,
        "netIncomeRatio": 0.0933456562,
        "eps": 0.14,
        "epsdiluted": 0.14,
        "weightedAverageShsOut": 70000000,
        "weightedAverageShsOutDil": 70714286,
        "link": "https://www.sec.gov/Archives/edgar/data/730464/000073046499000012/0000730464-99-000012-index.html",
        "finalLink": "https://www.sec.gov/Archives/edgar/data/730464/000073046499000012/"
    },
    {
        "date": "1999-03-31",
        "symbol": "ATGE",
        "reportedCurrency": "USD",
        "cik": "0000730464",
        "fillingDate": "1999-05-10",
        "acceptedDate": "1999-05-10 00:00:00",
        "calendarYear": "1999",
        "period": "Q3",
        "revenue": 110000000,
        "costOfRevenue": 59200000,
        "grossProfit": 50800000,
        "grossProfitRatio": 0.4618181818,
        "researchAndDevelopmentExpenses": 0,
        "generalAndAdministrativeExpenses": 29100000,
        "sellingAndMarketingExpenses": 0,
        "sellingGeneralAndAdministrativeExpenses": 29100000,
        "otherExpenses": 4700000,
        "operatingExpenses": 33800000,
        "costAndExpenses": 93000000,
        "interestIncome": 0,
        "interestExpense": 0,
        "depreciationAndAmortization": 4700000,
        "ebitda": 21716000,
        "ebitdaratio": 0.1974181818,
        "operatingIncome": 17000000,
        "operatingIncomeRatio": 0.1545454545,
        "totalOtherIncomeExpensesNet": 100000,
        "incomeBeforeTax": 17100000,
        "incomeBeforeTaxRatio": 0.1554545455,
        "incomeTaxExpense": 6500000,
        "netIncome": 10600000,
        "netIncomeRatio": 0.0963636364,
        "eps": 0.15,
        "epsdiluted": 0.15,
        "weightedAverageShsOut": 70666667,
        "weightedAverageShsOutDil": 70666667,
        "link": "https://www.sec.gov/Archives/edgar/data/730464/000073046499000008/0000730464-99-000008-index.html",
        "finalLink": "https://www.sec.gov/Archives/edgar/data/730464/"
    },
    {
        "date": "1998-12-31",
        "symbol": "ATGE",
        "reportedCurrency": "USD",
        "cik": "0000730464",
        "fillingDate": "1999-02-04",
        "acceptedDate": "1999-02-04 00:00:00",
        "calendarYear": "1999",
        "period": "Q2",
        "revenue": 107500000,
        "costOfRevenue": 54200000,
        "grossProfit": 53300000,
        "grossProfitRatio": 0.4958139535,
        "researchAndDevelopmentExpenses": 0,
        "generalAndAdministrativeExpenses": 32500000,
        "sellingAndMarketingExpenses": 0,
        "sellingGeneralAndAdministrativeExpenses": 32500000,
        "otherExpenses": 4200000,
        "operatingExpenses": 36700000,
        "costAndExpenses": 90900000,
        "interestIncome": 0,
        "interestExpense": 0,
        "depreciationAndAmortization": 4200000,
        "ebitda": 21100000,
        "ebitdaratio": 0.1962790698,
        "operatingIncome": 16600000,
        "operatingIncomeRatio": 0.1544186047,
        "totalOtherIncomeExpensesNet": 300000,
        "incomeBeforeTax": 16900000,
        "incomeBeforeTaxRatio": 0.1572093023,
        "incomeTaxExpense": 6600000,
        "netIncome": 10300000,
        "netIncomeRatio": 0.0958139535,
        "eps": 0.15,
        "epsdiluted": 0.15,
        "weightedAverageShsOut": 68666667,
        "weightedAverageShsOutDil": 68666667,
        "link": "https://www.sec.gov/Archives/edgar/data/730464/000073046499000002/0000730464-99-000002-index.html",
        "finalLink": "https://www.sec.gov/Archives/edgar/data/730464/"
    },
    {
        "date": "1998-09-30",
        "symbol": "ATGE",
        "reportedCurrency": "USD",
        "cik": "0000730464",
        "fillingDate": "1998-11-12",
        "acceptedDate": "1998-11-12 00:00:00",
        "calendarYear": "1999",
        "period": "Q1",
        "revenue": 93600000,
        "costOfRevenue": 52800000,
        "grossProfit": 40800000,
        "grossProfitRatio": 0.4358974359,
        "researchAndDevelopmentExpenses": 0,
        "generalAndAdministrativeExpenses": 24300000,
        "sellingAndMarketingExpenses": 0,
        "sellingGeneralAndAdministrativeExpenses": 24300000,
        "otherExpenses": 3800000,
        "operatingExpenses": 28100000,
        "costAndExpenses": 80900000,
        "interestIncome": 0,
        "interestExpense": 0,
        "depreciationAndAmortization": 3800000,
        "ebitda": 16800000,
        "ebitdaratio": 0.1794871795,
        "operatingIncome": 12700000,
        "operatingIncomeRatio": 0.1356837607,
        "totalOtherIncomeExpensesNet": 100000,
        "incomeBeforeTax": 12800000,
        "incomeBeforeTaxRatio": 0.1367521368,
        "incomeTaxExpense": 5000000,
        "netIncome": 7800000,
        "netIncomeRatio": 0.0833333333,
        "eps": 0.11,
        "epsdiluted": 0.11,
        "weightedAverageShsOut": 70909091,
        "weightedAverageShsOutDil": 70909091,
        "link": "https://www.sec.gov/Archives/edgar/data/730464/000073046498000008/0000730464-98-000008-index.html",
        "finalLink": "https://www.sec.gov/Archives/edgar/data/730464/"
    },
    {
        "date": "1998-06-30",
        "symbol": "ATGE",
        "reportedCurrency": "USD",
        "cik": "0000730464",
        "fillingDate": "1998-09-23",
        "acceptedDate": "1998-09-23 00:00:00",
        "calendarYear": "1998",
        "period": "Q4",
        "revenue": 89400000,
        "costOfRevenue": 44600000,
        "grossProfit": 44800000,
        "grossProfitRatio": 0.5011185682,
        "researchAndDevelopmentExpenses": 0,
        "generalAndAdministrativeExpenses": 28400000,
        "sellingAndMarketingExpenses": 0,
        "sellingGeneralAndAdministrativeExpenses": 28400000,
        "otherExpenses": 4200000,
        "operatingExpenses": 32600000,
        "costAndExpenses": 77200000,
        "interestIncome": 0,
        "interestExpense": 0,
        "depreciationAndAmortization": 4200000,
        "ebitda": 16400000,
        "ebitdaratio": 0.1834451902,
        "operatingIncome": 12200000,
        "operatingIncomeRatio": 0.1364653244,
        "totalOtherIncomeExpensesNet": 400000,
        "incomeBeforeTax": 12600000,
        "incomeBeforeTaxRatio": 0.1409395973,
        "incomeTaxExpense": 5000000,
        "netIncome": 7600000,
        "netIncomeRatio": 0.0850111857,
        "eps": 0.11,
        "epsdiluted": 0.11,
        "weightedAverageShsOut": 70909091,
        "weightedAverageShsOutDil": 70909091,
        "link": "https://www.sec.gov/Archives/edgar/data/730464/000073046498000006/0000730464-98-000006-index.html",
        "finalLink": "https://www.sec.gov/Archives/edgar/data/730464/"
    },
    {
        "date": "1998-03-31",
        "symbol": "ATGE",
        "reportedCurrency": "USD",
        "cik": "0000730464",
        "fillingDate": "1998-05-08",
        "acceptedDate": "1998-05-08 00:00:00",
        "calendarYear": "1998",
        "period": "Q3",
        "revenue": 92500000,
        "costOfRevenue": 47300000,
        "grossProfit": 45200000,
        "grossProfitRatio": 0.4886486486,
        "researchAndDevelopmentExpenses": 0,
        "generalAndAdministrativeExpenses": 27500000,
        "sellingAndMarketingExpenses": 0,
        "sellingGeneralAndAdministrativeExpenses": 27500000,
        "otherExpenses": 4000000,
        "operatingExpenses": 31500000,
        "costAndExpenses": 78800000,
        "interestIncome": 0,
        "interestExpense": 0,
        "depreciationAndAmortization": 4000000,
        "ebitda": 17700000,
        "ebitdaratio": 0.1913513514,
        "operatingIncome": 13700000,
        "operatingIncomeRatio": 0.1481081081,
        "totalOtherIncomeExpensesNet": 200000,
        "incomeBeforeTax": 13900000,
        "incomeBeforeTaxRatio": 0.1502702703,
        "incomeTaxExpense": 5500000,
        "netIncome": 8400000,
        "netIncomeRatio": 0.0908108108,
        "eps": 0.12,
        "epsdiluted": 0.12,
        "weightedAverageShsOut": 70000000,
        "weightedAverageShsOutDil": 70000000,
        "link": "https://www.sec.gov/Archives/edgar/data/730464/000073046498000004/0000730464-98-000004-index.html",
        "finalLink": "https://www.sec.gov/Archives/edgar/data/730464/"
    },
    {
        "date": "1997-12-31",
        "symbol": "ATGE",
        "reportedCurrency": "USD",
        "cik": "0000730464",
        "fillingDate": "1998-02-11",
        "acceptedDate": "1998-02-11 00:00:00",
        "calendarYear": "1998",
        "period": "Q2",
        "revenue": 90000000,
        "costOfRevenue": 46600000,
        "grossProfit": 43400000,
        "grossProfitRatio": 0.4822222222,
        "researchAndDevelopmentExpenses": 0,
        "generalAndAdministrativeExpenses": 27000000,
        "sellingAndMarketingExpenses": 0,
        "sellingGeneralAndAdministrativeExpenses": 27000000,
        "otherExpenses": 2900000,
        "operatingExpenses": 29900000,
        "costAndExpenses": 76500000,
        "interestIncome": 0,
        "interestExpense": 0,
        "depreciationAndAmortization": 2900000,
        "ebitda": 16300000,
        "ebitdaratio": 0.1811111111,
        "operatingIncome": 13500000,
        "operatingIncomeRatio": 0.15,
        "totalOtherIncomeExpensesNet": 100000,
        "incomeBeforeTax": 13600000,
        "incomeBeforeTaxRatio": 0.1511111111,
        "incomeTaxExpense": 5300000,
        "netIncome": 8300000,
        "netIncomeRatio": 0.0922222222,
        "eps": 0.12,
        "epsdiluted": 0.12,
        "weightedAverageShsOut": 69166667,
        "weightedAverageShsOutDil": 69166667,
        "link": "https://www.sec.gov/Archives/edgar/data/730464/000073046498000002/0000730464-98-000002-index.html",
        "finalLink": "https://www.sec.gov/Archives/edgar/data/730464/"
    },
    {
        "date": "1997-09-30",
        "symbol": "ATGE",
        "reportedCurrency": "USD",
        "cik": "0000730464",
        "fillingDate": "1997-11-10",
        "acceptedDate": "1997-11-10 00:00:00",
        "calendarYear": "1998",
        "period": "Q1",
        "revenue": 80100000,
        "costOfRevenue": 45800000,
        "grossProfit": 34300000,
        "grossProfitRatio": 0.4282147316,
        "researchAndDevelopmentExpenses": 0,
        "generalAndAdministrativeExpenses": 21000000,
        "sellingAndMarketingExpenses": 0,
        "sellingGeneralAndAdministrativeExpenses": 21000000,
        "otherExpenses": 2900000,
        "operatingExpenses": 23900000,
        "costAndExpenses": 69700000,
        "interestIncome": 0,
        "interestExpense": 0,
        "depreciationAndAmortization": 2900000,
        "ebitda": 13300000,
        "ebitdaratio": 0.1660424469,
        "operatingIncome": 10400000,
        "operatingIncomeRatio": 0.1298377029,
        "totalOtherIncomeExpensesNet": -100000,
        "incomeBeforeTax": 10300000,
        "incomeBeforeTaxRatio": 0.1285892634,
        "incomeTaxExpense": 4000000,
        "netIncome": 6300000,
        "netIncomeRatio": 0.0786516854,
        "eps": 0.09,
        "epsdiluted": 0.09,
        "weightedAverageShsOut": 70000000,
        "weightedAverageShsOutDil": 70000000,
        "link": "https://www.sec.gov/Archives/edgar/data/730464/000073046497000008/0000730464-97-000008-index.html",
        "finalLink": "https://www.sec.gov/Archives/edgar/data/730464/"
    },
    {
        "date": "1997-06-30",
        "symbol": "ATGE",
        "reportedCurrency": "USD",
        "cik": "0000730464",
        "fillingDate": "1997-09-24",
        "acceptedDate": "1997-09-24 00:00:00",
        "calendarYear": "1997",
        "period": "Q4",
        "revenue": 76300000,
        "costOfRevenue": 38300000,
        "grossProfit": 38000000,
        "grossProfitRatio": 0.498034076,
        "researchAndDevelopmentExpenses": 0,
        "generalAndAdministrativeExpenses": 24800000,
        "sellingAndMarketingExpenses": 0,
        "sellingGeneralAndAdministrativeExpenses": 24800000,
        "otherExpenses": 3200000,
        "operatingExpenses": 28000000,
        "costAndExpenses": 66300000,
        "interestIncome": 0,
        "interestExpense": 0,
        "depreciationAndAmortization": 3200000,
        "ebitda": 13200000,
        "ebitdaratio": 0.1730013106,
        "operatingIncome": 10000000,
        "operatingIncomeRatio": 0.131061599,
        "totalOtherIncomeExpensesNet": 0,
        "incomeBeforeTax": 10000000,
        "incomeBeforeTaxRatio": 0.131061599,
        "incomeTaxExpense": 4000000,
        "netIncome": 6000000,
        "netIncomeRatio": 0.0786369594,
        "eps": 0.086,
        "epsdiluted": 0.086,
        "weightedAverageShsOut": 66666667,
        "weightedAverageShsOutDil": 70000000,
        "link": "https://www.sec.gov/Archives/edgar/data/730464/000073046497000006/0000730464-97-000006-index.html",
        "finalLink": "https://www.sec.gov/Archives/edgar/data/730464/"
    },
    {
        "date": "1997-03-31",
        "symbol": "ATGE",
        "reportedCurrency": "USD",
        "cik": "0000730464",
        "fillingDate": "1997-05-08",
        "acceptedDate": "1997-05-08 00:00:00",
        "calendarYear": "1997",
        "period": "Q3",
        "revenue": 80900000,
        "costOfRevenue": 43800000,
        "grossProfit": 37100000,
        "grossProfitRatio": 0.4585908529,
        "researchAndDevelopmentExpenses": 0,
        "generalAndAdministrativeExpenses": 22800000,
        "sellingAndMarketingExpenses": 0,
        "sellingGeneralAndAdministrativeExpenses": 22800000,
        "otherExpenses": 3200000,
        "operatingExpenses": 26000000,
        "costAndExpenses": 69800000,
        "interestIncome": 0,
        "interestExpense": 0,
        "depreciationAndAmortization": 3200000,
        "ebitda": 14300000,
        "ebitdaratio": 0.1767614339,
        "operatingIncome": 11100000,
        "operatingIncomeRatio": 0.1372064277,
        "totalOtherIncomeExpensesNet": -500000,
        "incomeBeforeTax": 10600000,
        "incomeBeforeTaxRatio": 0.131025958,
        "incomeTaxExpense": 4100000,
        "netIncome": 6500000,
        "netIncomeRatio": 0.0803461063,
        "eps": 0.1,
        "epsdiluted": 0.1,
        "weightedAverageShsOut": 65000000,
        "weightedAverageShsOutDil": 65000000,
        "link": "https://www.sec.gov/Archives/edgar/data/730464/000073046497000004/0000730464-97-000004-index.html",
        "finalLink": "https://www.sec.gov/Archives/edgar/data/730464/"
    },
    {
        "date": "1996-12-31",
        "symbol": "ATGE",
        "reportedCurrency": "USD",
        "cik": "0000730464",
        "fillingDate": "1997-02-10",
        "acceptedDate": "1997-02-10 00:00:00",
        "calendarYear": "1997",
        "period": "Q2",
        "revenue": 81000000,
        "costOfRevenue": 44200000,
        "grossProfit": 36800000,
        "grossProfitRatio": 0.4543209877,
        "researchAndDevelopmentExpenses": 0,
        "generalAndAdministrativeExpenses": 22500000,
        "sellingAndMarketingExpenses": 0,
        "sellingGeneralAndAdministrativeExpenses": 22500000,
        "otherExpenses": 2600000,
        "operatingExpenses": 25100000,
        "costAndExpenses": 69300000,
        "interestIncome": 0,
        "interestExpense": 0,
        "depreciationAndAmortization": 2600000,
        "ebitda": 14300000,
        "ebitdaratio": 0.1765432099,
        "operatingIncome": 11700000,
        "operatingIncomeRatio": 0.1444444444,
        "totalOtherIncomeExpensesNet": -500000,
        "incomeBeforeTax": 11200000,
        "incomeBeforeTaxRatio": 0.1382716049,
        "incomeTaxExpense": 4400000,
        "netIncome": 6800000,
        "netIncomeRatio": 0.0839506173,
        "eps": 0.1,
        "epsdiluted": 0.1,
        "weightedAverageShsOut": 68000000,
        "weightedAverageShsOutDil": 68000000,
        "link": "https://www.sec.gov/Archives/edgar/data/730464/000073046497000002/0000730464-97-000002-index.html",
        "finalLink": "https://www.sec.gov/Archives/edgar/data/730464/"
    },
    {
        "date": "1996-09-30",
        "symbol": "ATGE",
        "reportedCurrency": "USD",
        "cik": "0000730464",
        "fillingDate": "1996-11-07",
        "acceptedDate": "1996-11-07 00:00:00",
        "calendarYear": "1997",
        "period": "Q1",
        "revenue": 69000000,
        "costOfRevenue": 40500000,
        "grossProfit": 28500000,
        "grossProfitRatio": 0.4130434783,
        "researchAndDevelopmentExpenses": 0,
        "generalAndAdministrativeExpenses": 17400000,
        "sellingAndMarketingExpenses": 0,
        "sellingGeneralAndAdministrativeExpenses": 17400000,
        "otherExpenses": 2300000,
        "operatingExpenses": 19700000,
        "costAndExpenses": 60200000,
        "interestIncome": 0,
        "interestExpense": 0,
        "depreciationAndAmortization": 2300000,
        "ebitda": 11100000,
        "ebitdaratio": 0.1608695652,
        "operatingIncome": 8800000,
        "operatingIncomeRatio": 0.1275362319,
        "totalOtherIncomeExpensesNet": -600000,
        "incomeBeforeTax": 8200000,
        "incomeBeforeTaxRatio": 0.1188405797,
        "incomeTaxExpense": 3200000,
        "netIncome": 5000000,
        "netIncomeRatio": 0.0724637681,
        "eps": 0.08,
        "epsdiluted": 0.08,
        "weightedAverageShsOut": 62500000,
        "weightedAverageShsOutDil": 62500000,
        "link": "https://www.sec.gov/Archives/edgar/data/730464/000073046496000014/0000730464-96-000014-index.html",
        "finalLink": "https://www.sec.gov/Archives/edgar/data/730464/"
    },
    {
        "date": "1996-06-30",
        "symbol": "ATGE",
        "reportedCurrency": "USD",
        "cik": "0000730464",
        "fillingDate": "1996-09-24",
        "acceptedDate": "1996-09-24 00:00:00",
        "calendarYear": "1996",
        "period": "Q4",
        "revenue": 64500000,
        "costOfRevenue": 34800000,
        "grossProfit": 29700000,
        "grossProfitRatio": 0.4604651163,
        "researchAndDevelopmentExpenses": 0,
        "generalAndAdministrativeExpenses": 0,
        "sellingAndMarketingExpenses": 0,
        "sellingGeneralAndAdministrativeExpenses": 19400000,
        "otherExpenses": 2300000,
        "operatingExpenses": 21700000,
        "costAndExpenses": 56500000,
        "interestIncome": 0,
        "interestExpense": 0,
        "depreciationAndAmortization": 2300000,
        "ebitda": 10300000,
        "ebitdaratio": 0.1596899225,
        "operatingIncome": 8000000,
        "operatingIncomeRatio": 0.1240310078,
        "totalOtherIncomeExpensesNet": -100000,
        "incomeBeforeTax": 7900000,
        "incomeBeforeTaxRatio": 0.1224806202,
        "incomeTaxExpense": 3200000,
        "netIncome": 4700000,
        "netIncomeRatio": 0.0728682171,
        "eps": 0.075,
        "epsdiluted": 0.075,
        "weightedAverageShsOut": 62500000,
        "weightedAverageShsOutDil": 62500000,
        "link": "https://www.sec.gov/Archives/edgar/data/730464/000073046496000012/0000730464-96-000012-index.html",
        "finalLink": "https://www.sec.gov/Archives/edgar/data/730464/"
    },
    {
        "date": "1996-03-31",
        "symbol": "ATGE",
        "reportedCurrency": "USD",
        "cik": "0000730464",
        "fillingDate": "1996-03-31",
        "acceptedDate": "1996-03-30 19:00:00",
        "calendarYear": "1996",
        "period": "Q3",
        "revenue": 68200000,
        "costOfRevenue": 39300000,
        "grossProfit": 28900000,
        "grossProfitRatio": 0.4237536657,
        "researchAndDevelopmentExpenses": 0,
        "generalAndAdministrativeExpenses": 18200000,
        "sellingAndMarketingExpenses": 0,
        "sellingGeneralAndAdministrativeExpenses": 18200000,
        "otherExpenses": 2100000,
        "operatingExpenses": 20300000,
        "costAndExpenses": 59600000,
        "interestIncome": 0,
        "interestExpense": 0,
        "depreciationAndAmortization": 2200000,
        "ebitda": 10800000,
        "ebitdaratio": 0.1583577713,
        "operatingIncome": 8600000,
        "operatingIncomeRatio": 0.1260997067,
        "totalOtherIncomeExpensesNet": 100000,
        "incomeBeforeTax": 8700000,
        "incomeBeforeTaxRatio": 0.1275659824,
        "incomeTaxExpense": 3600000,
        "netIncome": 5100000,
        "netIncomeRatio": 0.0747800587,
        "eps": 0.08,
        "epsdiluted": 0.08,
        "weightedAverageShsOut": 63750000,
        "weightedAverageShsOutDil": 63750000,
        "link": "",
        "finalLink": ""
    },
    {
        "date": "1995-12-31",
        "symbol": "ATGE",
        "reportedCurrency": "USD",
        "cik": "0000730464",
        "fillingDate": "1995-12-31",
        "acceptedDate": "1995-12-30 19:00:00",
        "calendarYear": "1996",
        "period": "Q2",
        "revenue": 66600000,
        "costOfRevenue": 38800000,
        "grossProfit": 27800000,
        "grossProfitRatio": 0.4174174174,
        "researchAndDevelopmentExpenses": 0,
        "generalAndAdministrativeExpenses": 17300000,
        "sellingAndMarketingExpenses": 0,
        "sellingGeneralAndAdministrativeExpenses": 17300000,
        "otherExpenses": 1600000,
        "operatingExpenses": 18900000,
        "costAndExpenses": 57700000,
        "interestIncome": 0,
        "interestExpense": 0,
        "depreciationAndAmortization": 1500000,
        "ebitda": 10500000,
        "ebitdaratio": 0.1576576577,
        "operatingIncome": 8900000,
        "operatingIncomeRatio": 0.1336336336,
        "totalOtherIncomeExpensesNet": 200000,
        "incomeBeforeTax": 9100000,
        "incomeBeforeTaxRatio": 0.1366366366,
        "incomeTaxExpense": 3700000,
        "netIncome": 5400000,
        "netIncomeRatio": 0.0810810811,
        "eps": 0.08,
        "epsdiluted": 0.08,
        "weightedAverageShsOut": 67500000,
        "weightedAverageShsOutDil": 67500000,
        "link": "",
        "finalLink": ""
    },
    {
        "date": "1995-09-30",
        "symbol": "ATGE",
        "reportedCurrency": "USD",
        "cik": "0000730464",
        "fillingDate": "1995-09-30",
        "acceptedDate": "1995-09-29 20:00:00",
        "calendarYear": "1996",
        "period": "Q1",
        "revenue": 59500000,
        "costOfRevenue": 34700000,
        "grossProfit": 24800000,
        "grossProfitRatio": 0.4168067227,
        "researchAndDevelopmentExpenses": 0,
        "generalAndAdministrativeExpenses": 16100000,
        "sellingAndMarketingExpenses": 0,
        "sellingGeneralAndAdministrativeExpenses": 16100000,
        "otherExpenses": 1600000,
        "operatingExpenses": 17700000,
        "costAndExpenses": 52400000,
        "interestIncome": 0,
        "interestExpense": 0,
        "depreciationAndAmortization": 1600000,
        "ebitda": 8700000,
        "ebitdaratio": 0.1462184874,
        "operatingIncome": 7100000,
        "operatingIncomeRatio": 0.1193277311,
        "totalOtherIncomeExpensesNet": -100000,
        "incomeBeforeTax": 7000000,
        "incomeBeforeTaxRatio": 0.1176470588,
        "incomeTaxExpense": 3000000,
        "netIncome": 4000000,
        "netIncomeRatio": 0.0672268908,
        "eps": 0.06,
        "epsdiluted": 0.06,
        "weightedAverageShsOut": 66666667,
        "weightedAverageShsOutDil": 66666667,
        "link": "",
        "finalLink": ""
    },
    {
        "date": "1995-06-30",
        "symbol": "ATGE",
        "reportedCurrency": "USD",
        "cik": "0000730464",
        "fillingDate": "1995-06-30",
        "acceptedDate": "1995-06-29 20:00:00",
        "calendarYear": "1995",
        "period": "Q4",
        "revenue": 57200000,
        "costOfRevenue": 31200000,
        "grossProfit": 26000000,
        "grossProfitRatio": 0.4545454545,
        "researchAndDevelopmentExpenses": 0,
        "generalAndAdministrativeExpenses": 0,
        "sellingAndMarketingExpenses": 0,
        "sellingGeneralAndAdministrativeExpenses": 17000000,
        "otherExpenses": 2100000,
        "operatingExpenses": 19100000,
        "costAndExpenses": 50300000,
        "interestIncome": 0,
        "interestExpense": 0,
        "depreciationAndAmortization": 2100000,
        "ebitda": 9000000,
        "ebitdaratio": 0.1573426573,
        "operatingIncome": 6900000,
        "operatingIncomeRatio": 0.1206293706,
        "totalOtherIncomeExpensesNet": -900000,
        "incomeBeforeTax": 6000000,
        "incomeBeforeTaxRatio": 0.1048951049,
        "incomeTaxExpense": 2500000,
        "netIncome": 3500000,
        "netIncomeRatio": 0.0611888112,
        "eps": 0.052,
        "epsdiluted": 0.052,
        "weightedAverageShsOut": 66666667,
        "weightedAverageShsOutDil": 66666667,
        "link": "",
        "finalLink": ""
    },
    {
        "date": "1995-03-31",
        "symbol": "ATGE",
        "reportedCurrency": "USD",
        "cik": "0000730464",
        "fillingDate": "1995-03-31",
        "acceptedDate": "1995-03-30 19:00:00",
        "calendarYear": "1995",
        "period": "Q3",
        "revenue": 59400000,
        "costOfRevenue": 34800000,
        "grossProfit": 24600000,
        "grossProfitRatio": 0.4141414141,
        "researchAndDevelopmentExpenses": 0,
        "generalAndAdministrativeExpenses": 15900000,
        "sellingAndMarketingExpenses": 0,
        "sellingGeneralAndAdministrativeExpenses": 15900000,
        "otherExpenses": 1400000,
        "operatingExpenses": 17300000,
        "costAndExpenses": 52100000,
        "interestIncome": 0,
        "interestExpense": 0,
        "depreciationAndAmortization": 1600000,
        "ebitda": 8900000,
        "ebitdaratio": 0.1498316498,
        "operatingIncome": 7300000,
        "operatingIncomeRatio": 0.1228956229,
        "totalOtherIncomeExpensesNet": -200000,
        "incomeBeforeTax": 7100000,
        "incomeBeforeTaxRatio": 0.1195286195,
        "incomeTaxExpense": 3000000,
        "netIncome": 4100000,
        "netIncomeRatio": 0.069023569,
        "eps": 0.07,
        "epsdiluted": 0.07,
        "weightedAverageShsOut": 58571429,
        "weightedAverageShsOutDil": 58571429,
        "link": "",
        "finalLink": ""
    },
    {
        "date": "1994-12-31",
        "symbol": "ATGE",
        "reportedCurrency": "USD",
        "cik": "0000730464",
        "fillingDate": "1994-12-31",
        "acceptedDate": "1994-12-30 19:00:00",
        "calendarYear": "1995",
        "period": "Q2",
        "revenue": 59000000,
        "costOfRevenue": 33500000,
        "grossProfit": 25500000,
        "grossProfitRatio": 0.4322033898,
        "researchAndDevelopmentExpenses": 0,
        "generalAndAdministrativeExpenses": 16400000,
        "sellingAndMarketingExpenses": 0,
        "sellingGeneralAndAdministrativeExpenses": 16400000,
        "otherExpenses": 1200000,
        "operatingExpenses": 17600000,
        "costAndExpenses": 51100000,
        "interestIncome": 0,
        "interestExpense": 0,
        "depreciationAndAmortization": 1200000,
        "ebitda": 9100000,
        "ebitdaratio": 0.1542372881,
        "operatingIncome": 7900000,
        "operatingIncomeRatio": 0.1338983051,
        "totalOtherIncomeExpensesNet": -400000,
        "incomeBeforeTax": 7500000,
        "incomeBeforeTaxRatio": 0.1271186441,
        "incomeTaxExpense": 3200000,
        "netIncome": 4300000,
        "netIncomeRatio": 0.0728813559,
        "eps": 0.07,
        "epsdiluted": 0.07,
        "weightedAverageShsOut": 61428571,
        "weightedAverageShsOutDil": 61428571,
        "link": "",
        "finalLink": ""
    },
    {
        "date": "1994-09-30",
        "symbol": "ATGE",
        "reportedCurrency": "USD",
        "cik": "0000730464",
        "fillingDate": "1994-09-30",
        "acceptedDate": "1994-09-29 20:00:00",
        "calendarYear": "1995",
        "period": "Q1",
        "revenue": 51700000,
        "costOfRevenue": 31200000,
        "grossProfit": 20500000,
        "grossProfitRatio": 0.3965183752,
        "researchAndDevelopmentExpenses": 0,
        "generalAndAdministrativeExpenses": 13700000,
        "sellingAndMarketingExpenses": 0,
        "sellingGeneralAndAdministrativeExpenses": 13700000,
        "otherExpenses": 1300000,
        "operatingExpenses": 15000000,
        "costAndExpenses": 46200000,
        "interestIncome": 0,
        "interestExpense": 0,
        "depreciationAndAmortization": 1300000,
        "ebitda": 6800000,
        "ebitdaratio": 0.1315280464,
        "operatingIncome": 5500000,
        "operatingIncomeRatio": 0.1063829787,
        "totalOtherIncomeExpensesNet": -500000,
        "incomeBeforeTax": 5000000,
        "incomeBeforeTaxRatio": 0.0967117988,
        "incomeTaxExpense": 2100000,
        "netIncome": 2900000,
        "netIncomeRatio": 0.0560928433,
        "eps": 0.05,
        "epsdiluted": 0.05,
        "weightedAverageShsOut": 58000000,
        "weightedAverageShsOutDil": 58000000,
        "link": "",
        "finalLink": ""
    },
    {
        "date": "1994-06-30",
        "symbol": "ATGE",
        "reportedCurrency": "USD",
        "cik": "0000730464",
        "fillingDate": "1994-06-30",
        "acceptedDate": "1994-06-29 20:00:00",
        "calendarYear": "1994",
        "period": "Q4",
        "revenue": 51500000,
        "costOfRevenue": 27600000,
        "grossProfit": 23900000,
        "grossProfitRatio": 0.4640776699,
        "researchAndDevelopmentExpenses": 0,
        "generalAndAdministrativeExpenses": 0,
        "sellingAndMarketingExpenses": 0,
        "sellingGeneralAndAdministrativeExpenses": 15900000,
        "otherExpenses": 2100000,
        "operatingExpenses": 18000000,
        "costAndExpenses": 45600000,
        "interestIncome": 0,
        "interestExpense": 0,
        "depreciationAndAmortization": 2100000,
        "ebitda": 8000000,
        "ebitdaratio": 0.1553398058,
        "operatingIncome": 5900000,
        "operatingIncomeRatio": 0.1145631068,
        "totalOtherIncomeExpensesNet": -1300000,
        "incomeBeforeTax": 4600000,
        "incomeBeforeTaxRatio": 0.0893203883,
        "incomeTaxExpense": 1900000,
        "netIncome": 2700000,
        "netIncomeRatio": 0.0524271845,
        "eps": 0.047,
        "epsdiluted": 0.047,
        "weightedAverageShsOut": 58000000,
        "weightedAverageShsOutDil": 58000000,
        "link": "",
        "finalLink": ""
    },
    {
        "date": "1994-03-31",
        "symbol": "ATGE",
        "reportedCurrency": "USD",
        "cik": "0000730464",
        "fillingDate": "1994-03-31",
        "acceptedDate": "1994-03-30 19:00:00",
        "calendarYear": "1994",
        "period": "Q3",
        "revenue": 55100000,
        "costOfRevenue": 32500000,
        "grossProfit": 22600000,
        "grossProfitRatio": 0.4101633394,
        "researchAndDevelopmentExpenses": 0,
        "generalAndAdministrativeExpenses": 14300000,
        "sellingAndMarketingExpenses": 0,
        "sellingGeneralAndAdministrativeExpenses": 14300000,
        "otherExpenses": 1700000,
        "operatingExpenses": 16000000,
        "costAndExpenses": 48500000,
        "interestIncome": 0,
        "interestExpense": 0,
        "depreciationAndAmortization": 1900000,
        "ebitda": 8500000,
        "ebitdaratio": 0.1542649728,
        "operatingIncome": 6600000,
        "operatingIncomeRatio": 0.1197822142,
        "totalOtherIncomeExpensesNet": -800000,
        "incomeBeforeTax": 5800000,
        "incomeBeforeTaxRatio": 0.1052631579,
        "incomeTaxExpense": 2500000,
        "netIncome": 3300000,
        "netIncomeRatio": 0.0598911071,
        "eps": 0.05,
        "epsdiluted": 0.05,
        "weightedAverageShsOut": 66000000,
        "weightedAverageShsOutDil": 66000000,
        "link": "",
        "finalLink": ""
    },
    {
        "date": "1993-12-31",
        "symbol": "ATGE",
        "reportedCurrency": "USD",
        "cik": "0000730464",
        "fillingDate": "1993-12-31",
        "acceptedDate": "1993-12-30 19:00:00",
        "calendarYear": "1994",
        "period": "Q2",
        "revenue": 55000000,
        "costOfRevenue": 31300000,
        "grossProfit": 23700000,
        "grossProfitRatio": 0.4309090909,
        "researchAndDevelopmentExpenses": 0,
        "generalAndAdministrativeExpenses": 14500000,
        "sellingAndMarketingExpenses": 0,
        "sellingGeneralAndAdministrativeExpenses": 14500000,
        "otherExpenses": 1600000,
        "operatingExpenses": 16100000,
        "costAndExpenses": 47400000,
        "interestIncome": 0,
        "interestExpense": 0,
        "depreciationAndAmortization": 1700000,
        "ebitda": 9300000,
        "ebitdaratio": 0.1690909091,
        "operatingIncome": 7600000,
        "operatingIncomeRatio": 0.1381818182,
        "totalOtherIncomeExpensesNet": -1100000,
        "incomeBeforeTax": 6500000,
        "incomeBeforeTaxRatio": 0.1181818182,
        "incomeTaxExpense": 2700000,
        "netIncome": 3800000,
        "netIncomeRatio": 0.0690909091,
        "eps": 0.06,
        "epsdiluted": 0.06,
        "weightedAverageShsOut": 63333333,
        "weightedAverageShsOutDil": 63333333,
        "link": "",
        "finalLink": ""
    },
    {
        "date": "1993-09-30",
        "symbol": "ATGE",
        "reportedCurrency": "USD",
        "cik": "0000730464",
        "fillingDate": "1993-09-30",
        "acceptedDate": "1993-09-29 20:00:00",
        "calendarYear": "1994",
        "period": "Q1",
        "revenue": 49800000,
        "costOfRevenue": 29300000,
        "grossProfit": 20500000,
        "grossProfitRatio": 0.4116465863,
        "researchAndDevelopmentExpenses": 0,
        "generalAndAdministrativeExpenses": 13400000,
        "sellingAndMarketingExpenses": 0,
        "sellingGeneralAndAdministrativeExpenses": 13400000,
        "otherExpenses": 1600000,
        "operatingExpenses": 15000000,
        "costAndExpenses": 44300000,
        "interestIncome": 0,
        "interestExpense": 0,
        "depreciationAndAmortization": 1600000,
        "ebitda": 7100000,
        "ebitdaratio": 0.1425702811,
        "operatingIncome": 5500000,
        "operatingIncomeRatio": 0.1104417671,
        "totalOtherIncomeExpensesNet": -1400000,
        "incomeBeforeTax": 4100000,
        "incomeBeforeTaxRatio": 0.0823293173,
        "incomeTaxExpense": 1700000,
        "netIncome": 2400000,
        "netIncomeRatio": 0.0481927711,
        "eps": 0.04,
        "epsdiluted": 0.04,
        "weightedAverageShsOut": 60000000,
        "weightedAverageShsOutDil": 60000000,
        "link": "",
        "finalLink": ""
    },
    {
        "date": "1993-06-30",
        "symbol": "ATGE",
        "reportedCurrency": "USD",
        "cik": "0000730464",
        "fillingDate": "1993-06-30",
        "acceptedDate": "1993-06-29 20:00:00",
        "calendarYear": "1993",
        "period": "Q4",
        "revenue": 48500000,
        "costOfRevenue": 26500000,
        "grossProfit": 22000000,
        "grossProfitRatio": 0.4536082474,
        "researchAndDevelopmentExpenses": 0,
        "generalAndAdministrativeExpenses": 0,
        "sellingAndMarketingExpenses": 0,
        "sellingGeneralAndAdministrativeExpenses": 14700000,
        "otherExpenses": 1800000,
        "operatingExpenses": 16500000,
        "costAndExpenses": 43000000,
        "interestIncome": 0,
        "interestExpense": 0,
        "depreciationAndAmortization": 1800000,
        "ebitda": 7300000,
        "ebitdaratio": 0.1505154639,
        "operatingIncome": 5500000,
        "operatingIncomeRatio": 0.1134020619,
        "totalOtherIncomeExpensesNet": -1600000,
        "incomeBeforeTax": 3900000,
        "incomeBeforeTaxRatio": 0.0804123711,
        "incomeTaxExpense": 1600000,
        "netIncome": 2300000,
        "netIncomeRatio": 0.0474226804,
        "eps": 0.038,
        "epsdiluted": 0.038,
        "weightedAverageShsOut": 57030303,
        "weightedAverageShsOutDil": 60000000,
        "link": "",
        "finalLink": ""
    },
    {
        "date": "1993-03-31",
        "symbol": "ATGE",
        "reportedCurrency": "USD",
        "cik": "0000730464",
        "fillingDate": "1993-03-31",
        "acceptedDate": "1993-03-30 19:00:00",
        "calendarYear": "1993",
        "period": "Q3",
        "revenue": 50000000,
        "costOfRevenue": 29100000,
        "grossProfit": 20900000,
        "grossProfitRatio": 0.418,
        "researchAndDevelopmentExpenses": 0,
        "generalAndAdministrativeExpenses": 13500000,
        "sellingAndMarketingExpenses": 0,
        "sellingGeneralAndAdministrativeExpenses": 13500000,
        "otherExpenses": 1700000,
        "operatingExpenses": 15200000,
        "costAndExpenses": 44300000,
        "interestIncome": 0,
        "interestExpense": 0,
        "depreciationAndAmortization": 1900000,
        "ebitda": 7600000,
        "ebitdaratio": 0.152,
        "operatingIncome": 5700000,
        "operatingIncomeRatio": 0.114,
        "totalOtherIncomeExpensesNet": -1200000,
        "incomeBeforeTax": 4500000,
        "incomeBeforeTaxRatio": 0.09,
        "incomeTaxExpense": 1800000,
        "netIncome": 2700000,
        "netIncomeRatio": 0.054,
        "eps": 0.04,
        "epsdiluted": 0.04,
        "weightedAverageShsOut": 67500000,
        "weightedAverageShsOutDil": 67500000,
        "link": "",
        "finalLink": ""
    },
    {
        "date": "1992-12-31",
        "symbol": "ATGE",
        "reportedCurrency": "USD",
        "cik": "0000730464",
        "fillingDate": "1992-12-31",
        "acceptedDate": "1992-12-30 19:00:00",
        "calendarYear": "1993",
        "period": "Q2",
        "revenue": 49100000,
        "costOfRevenue": 28700000,
        "grossProfit": 20400000,
        "grossProfitRatio": 0.4154786151,
        "researchAndDevelopmentExpenses": 0,
        "generalAndAdministrativeExpenses": 12300000,
        "sellingAndMarketingExpenses": 0,
        "sellingGeneralAndAdministrativeExpenses": 12300000,
        "otherExpenses": 1500000,
        "operatingExpenses": 13800000,
        "costAndExpenses": 42500000,
        "interestIncome": 0,
        "interestExpense": 0,
        "depreciationAndAmortization": 1500000,
        "ebitda": 8100000,
        "ebitdaratio": 0.1649694501,
        "operatingIncome": 6600000,
        "operatingIncomeRatio": 0.1344195519,
        "totalOtherIncomeExpensesNet": -1800000,
        "incomeBeforeTax": 4800000,
        "incomeBeforeTaxRatio": 0.0977596741,
        "incomeTaxExpense": 1900000,
        "netIncome": 2900000,
        "netIncomeRatio": 0.0590631365,
        "eps": 0.05,
        "epsdiluted": 0.05,
        "weightedAverageShsOut": 58000000,
        "weightedAverageShsOutDil": 58000000,
        "link": "",
        "finalLink": ""
    },
    {
        "date": "1992-09-30",
        "symbol": "ATGE",
        "reportedCurrency": "USD",
        "cik": "0000730464",
        "fillingDate": "1992-09-30",
        "acceptedDate": "1992-09-29 20:00:00",
        "calendarYear": "1993",
        "period": "Q1",
        "revenue": 44200000,
        "costOfRevenue": 26800000,
        "grossProfit": 17400000,
        "grossProfitRatio": 0.3936651584,
        "researchAndDevelopmentExpenses": 0,
        "generalAndAdministrativeExpenses": 11300000,
        "sellingAndMarketingExpenses": 0,
        "sellingGeneralAndAdministrativeExpenses": 11300000,
        "otherExpenses": 1600000,
        "operatingExpenses": 12900000,
        "costAndExpenses": 39700000,
        "interestIncome": 0,
        "interestExpense": 0,
        "depreciationAndAmortization": 1600000,
        "ebitda": 6100000,
        "ebitdaratio": 0.1380090498,
        "operatingIncome": 4500000,
        "operatingIncomeRatio": 0.1018099548,
        "totalOtherIncomeExpensesNet": -2100000,
        "incomeBeforeTax": 2400000,
        "incomeBeforeTaxRatio": 0.0542986425,
        "incomeTaxExpense": 900000,
        "netIncome": 1500000,
        "netIncomeRatio": 0.0339366516,
        "eps": 0.03,
        "epsdiluted": 0.03,
        "weightedAverageShsOut": 50000000,
        "weightedAverageShsOutDil": 50000000,
        "link": "",
        "finalLink": ""
    },
    {
        "date": "1992-06-30",
        "symbol": "ATGE",
        "reportedCurrency": "USD",
        "cik": "0000730464",
        "fillingDate": "1992-06-30",
        "acceptedDate": "1992-06-29 20:00:00",
        "calendarYear": "1992",
        "period": "Q4",
        "revenue": 43500000,
        "costOfRevenue": 22900000,
        "grossProfit": 20600000,
        "grossProfitRatio": 0.4735632184,
        "researchAndDevelopmentExpenses": 0,
        "generalAndAdministrativeExpenses": 0,
        "sellingAndMarketingExpenses": 0,
        "sellingGeneralAndAdministrativeExpenses": 13900000,
        "otherExpenses": 1500000,
        "operatingExpenses": 15400000,
        "costAndExpenses": 38300000,
        "interestIncome": 0,
        "interestExpense": 0,
        "depreciationAndAmortization": 1500000,
        "ebitda": 6700000,
        "ebitdaratio": 0.1540229885,
        "operatingIncome": 5200000,
        "operatingIncomeRatio": 0.1195402299,
        "totalOtherIncomeExpensesNet": -2700000,
        "incomeBeforeTax": 2500000,
        "incomeBeforeTaxRatio": 0.0574712644,
        "incomeTaxExpense": 900000,
        "netIncome": 1600000,
        "netIncomeRatio": 0.0367816092,
        "eps": 0.032,
        "epsdiluted": 0.032,
        "weightedAverageShsOut": 50000000,
        "weightedAverageShsOutDil": 50000000,
        "link": "",
        "finalLink": ""
    },
    {
        "date": "1992-03-31",
        "symbol": "ATGE",
        "reportedCurrency": "USD",
        "cik": "0000730464",
        "fillingDate": "1992-03-31",
        "acceptedDate": "1992-03-30 19:00:00",
        "calendarYear": "1992",
        "period": "Q3",
        "revenue": 47300000,
        "costOfRevenue": 29300000,
        "grossProfit": 18000000,
        "grossProfitRatio": 0.3805496829,
        "researchAndDevelopmentExpenses": 0,
        "generalAndAdministrativeExpenses": 12800000,
        "sellingAndMarketingExpenses": 0,
        "sellingGeneralAndAdministrativeExpenses": 12800000,
        "otherExpenses": 1800000,
        "operatingExpenses": 14600000,
        "costAndExpenses": 43900000,
        "interestIncome": 0,
        "interestExpense": 0,
        "depreciationAndAmortization": 1800000,
        "ebitda": 5200000,
        "ebitdaratio": 0.1099365751,
        "operatingIncome": 3400000,
        "operatingIncomeRatio": 0.0718816068,
        "totalOtherIncomeExpensesNet": -2300000,
        "incomeBeforeTax": 1100000,
        "incomeBeforeTaxRatio": 0.023255814,
        "incomeTaxExpense": 500000,
        "netIncome": 600000,
        "netIncomeRatio": 0.0126849894,
        "eps": 0.01,
        "epsdiluted": 0.01,
        "weightedAverageShsOut": 60000000,
        "weightedAverageShsOutDil": 60000000,
        "link": "",
        "finalLink": ""
    },
    {
        "date": "1991-12-31",
        "symbol": "ATGE",
        "reportedCurrency": "USD",
        "cik": "0000730464",
        "fillingDate": "1991-12-31",
        "acceptedDate": "1991-12-30 19:00:00",
        "calendarYear": "1992",
        "period": "Q2",
        "revenue": 46900000,
        "costOfRevenue": 26200000,
        "grossProfit": 20700000,
        "grossProfitRatio": 0.4413646055,
        "researchAndDevelopmentExpenses": 0,
        "generalAndAdministrativeExpenses": 12400000,
        "sellingAndMarketingExpenses": 0,
        "sellingGeneralAndAdministrativeExpenses": 12400000,
        "otherExpenses": 1800000,
        "operatingExpenses": 14200000,
        "costAndExpenses": 40400000,
        "interestIncome": 0,
        "interestExpense": 0,
        "depreciationAndAmortization": 1600000,
        "ebitda": 8300000,
        "ebitdaratio": 0.1769722814,
        "operatingIncome": 6500000,
        "operatingIncomeRatio": 0.1385927505,
        "totalOtherIncomeExpensesNet": -2500000,
        "incomeBeforeTax": 4000000,
        "incomeBeforeTaxRatio": 0.0852878465,
        "incomeTaxExpense": -100000,
        "netIncome": 4100000,
        "netIncomeRatio": 0.0874200426,
        "eps": 0.07,
        "epsdiluted": 0.07,
        "weightedAverageShsOut": 58571429,
        "weightedAverageShsOutDil": 58571429,
        "link": "",
        "finalLink": ""
    },
    {
        "date": "1991-09-30",
        "symbol": "ATGE",
        "reportedCurrency": "USD",
        "cik": "0000730464",
        "fillingDate": "1991-09-30",
        "acceptedDate": "1991-09-29 20:00:00",
        "calendarYear": "1992",
        "period": "Q1",
        "revenue": 41500000,
        "costOfRevenue": 23800000,
        "grossProfit": 17700000,
        "grossProfitRatio": 0.4265060241,
        "researchAndDevelopmentExpenses": 0,
        "generalAndAdministrativeExpenses": 11400000,
        "sellingAndMarketingExpenses": 0,
        "sellingGeneralAndAdministrativeExpenses": 11400000,
        "otherExpenses": 1900000,
        "operatingExpenses": 13300000,
        "costAndExpenses": 37100000,
        "interestIncome": 0,
        "interestExpense": 0,
        "depreciationAndAmortization": 1900000,
        "ebitda": 6300000,
        "ebitdaratio": 0.1518072289,
        "operatingIncome": 4400000,
        "operatingIncomeRatio": 0.1060240964,
        "totalOtherIncomeExpensesNet": -2500000,
        "incomeBeforeTax": 1900000,
        "incomeBeforeTaxRatio": 0.0457831325,
        "incomeTaxExpense": -100000,
        "netIncome": 2000000,
        "netIncomeRatio": 0.0481927711,
        "eps": 0.04,
        "epsdiluted": 0.04,
        "weightedAverageShsOut": 50000000,
        "weightedAverageShsOutDil": 50000000,
        "link": "",
        "finalLink": ""
    },
    {
        "date": "1991-06-30",
        "symbol": "ATGE",
        "reportedCurrency": "USD",
        "cik": "0000730464",
        "fillingDate": "1991-06-30",
        "acceptedDate": "1991-06-29 20:00:00",
        "calendarYear": "1991",
        "period": "Q4",
        "revenue": 40700000,
        "costOfRevenue": 0,
        "grossProfit": 40700000,
        "grossProfitRatio": 1,
        "researchAndDevelopmentExpenses": 0,
        "generalAndAdministrativeExpenses": 0,
        "sellingAndMarketingExpenses": 0,
        "sellingGeneralAndAdministrativeExpenses": 0,
        "otherExpenses": -153000000,
        "operatingExpenses": -153000000,
        "costAndExpenses": -153000000,
        "interestIncome": 0,
        "interestExpense": 0,
        "depreciationAndAmortization": 0,
        "ebitda": -112300000,
        "ebitdaratio": -2.7592137592,
        "operatingIncome": -112300000,
        "operatingIncomeRatio": -2.7592137592,
        "totalOtherIncomeExpensesNet": 112300000,
        "incomeBeforeTax": 0,
        "incomeBeforeTaxRatio": 0,
        "incomeTaxExpense": 0,
        "netIncome": 600000,
        "netIncomeRatio": 0.0147420147,
        "eps": 0.02,
        "epsdiluted": 0.02,
        "weightedAverageShsOut": 50000000,
        "weightedAverageShsOutDil": 50000000,
        "link": "",
        "finalLink": ""
    },
    {
        "date": "1991-03-31",
        "symbol": "ATGE",
        "reportedCurrency": "USD",
        "cik": "0000730464",
        "fillingDate": "1991-03-31",
        "acceptedDate": "1991-03-30 19:00:00",
        "calendarYear": "1991",
        "period": "Q3",
        "revenue": 40500000,
        "costOfRevenue": 0,
        "grossProfit": 40500000,
        "grossProfitRatio": 1,
        "researchAndDevelopmentExpenses": 0,
        "generalAndAdministrativeExpenses": 0,
        "sellingAndMarketingExpenses": 0,
        "sellingGeneralAndAdministrativeExpenses": 0,
        "otherExpenses": 0,
        "operatingExpenses": 0,
        "costAndExpenses": 0,
        "interestIncome": 0,
        "interestExpense": 0,
        "depreciationAndAmortization": 0,
        "ebitda": 40500000,
        "ebitdaratio": 1,
        "operatingIncome": 40500000,
        "operatingIncomeRatio": 1,
        "totalOtherIncomeExpensesNet": -40500000,
        "incomeBeforeTax": 0,
        "incomeBeforeTaxRatio": 0,
        "incomeTaxExpense": 0,
        "netIncome": -7100000,
        "netIncomeRatio": -0.175308642,
        "eps": -0.45,
        "epsdiluted": -0.45,
        "weightedAverageShsOut": 9200000,
        "weightedAverageShsOutDil": 9200000,
        "link": "",
        "finalLink": ""
    },
    {
        "date": "1990-12-31",
        "symbol": "ATGE",
        "reportedCurrency": "USD",
        "cik": "0000730464",
        "fillingDate": "1990-12-31",
        "acceptedDate": "1990-12-30 19:00:00",
        "calendarYear": "1991",
        "period": "Q2",
        "revenue": 41700000,
        "costOfRevenue": 0,
        "grossProfit": 41700000,
        "grossProfitRatio": 1,
        "researchAndDevelopmentExpenses": 0,
        "generalAndAdministrativeExpenses": 0,
        "sellingAndMarketingExpenses": 0,
        "sellingGeneralAndAdministrativeExpenses": 0,
        "otherExpenses": 0,
        "operatingExpenses": 0,
        "costAndExpenses": 0,
        "interestIncome": 0,
        "interestExpense": 0,
        "depreciationAndAmortization": 0,
        "ebitda": 41700000,
        "ebitdaratio": 1,
        "operatingIncome": 41700000,
        "operatingIncomeRatio": 1,
        "totalOtherIncomeExpensesNet": -41700000,
        "incomeBeforeTax": 0,
        "incomeBeforeTaxRatio": 0,
        "incomeTaxExpense": 0,
        "netIncome": 2300000,
        "netIncomeRatio": 0.0551558753,
        "eps": 0.06,
        "epsdiluted": 0.06,
        "weightedAverageShsOut": 9200000,
        "weightedAverageShsOutDil": 9200000,
        "link": "",
        "finalLink": ""
    },
    {
        "date": "1990-09-30",
        "symbol": "ATGE",
        "reportedCurrency": "USD",
        "cik": "0000730464",
        "fillingDate": "1990-09-30",
        "acceptedDate": "1990-09-29 20:00:00",
        "calendarYear": "1991",
        "period": "Q1",
        "revenue": 40200000,
        "costOfRevenue": 0,
        "grossProfit": 40200000,
        "grossProfitRatio": 1,
        "researchAndDevelopmentExpenses": 0,
        "generalAndAdministrativeExpenses": 0,
        "sellingAndMarketingExpenses": 0,
        "sellingGeneralAndAdministrativeExpenses": 0,
        "otherExpenses": 0,
        "operatingExpenses": 0,
        "costAndExpenses": 0,
        "interestIncome": 0,
        "interestExpense": 0,
        "depreciationAndAmortization": 0,
        "ebitda": 40200000,
        "ebitdaratio": 1,
        "operatingIncome": 40200000,
        "operatingIncomeRatio": 1,
        "totalOtherIncomeExpensesNet": -40200000,
        "incomeBeforeTax": 0,
        "incomeBeforeTaxRatio": 0,
        "incomeTaxExpense": 0,
        "netIncome": 700000,
        "netIncomeRatio": 0.0174129353,
        "eps": 0.02,
        "epsdiluted": 0.02,
        "weightedAverageShsOut": 9200000,
        "weightedAverageShsOutDil": 9200000,
        "link": "",
        "finalLink": ""
    },
    {
        "date": "1990-06-30",
        "symbol": "ATGE",
        "reportedCurrency": "USD",
        "cik": "0000730464",
        "fillingDate": "1990-06-30",
        "acceptedDate": "1990-06-29 20:00:00",
        "calendarYear": "1990",
        "period": "Q4",
        "revenue": 36200000,
        "costOfRevenue": 0,
        "grossProfit": 36200000,
        "grossProfitRatio": 1,
        "researchAndDevelopmentExpenses": 0,
        "generalAndAdministrativeExpenses": 0,
        "sellingAndMarketingExpenses": 0,
        "sellingGeneralAndAdministrativeExpenses": 0,
        "otherExpenses": -147200000,
        "operatingExpenses": -147200000,
        "costAndExpenses": -147200000,
        "interestIncome": 0,
        "interestExpense": 0,
        "depreciationAndAmortization": 0,
        "ebitda": -111000000,
        "ebitdaratio": -3.0662983425,
        "operatingIncome": -111000000,
        "operatingIncomeRatio": -3.0662983425,
        "totalOtherIncomeExpensesNet": 111000000,
        "incomeBeforeTax": 0,
        "incomeBeforeTaxRatio": 0,
        "incomeTaxExpense": 0,
        "netIncome": 0,
        "netIncomeRatio": 0,
        "eps": 0,
        "epsdiluted": 0,
        "weightedAverageShsOut": 9200000,
        "weightedAverageShsOutDil": 9200000,
        "link": "",
        "finalLink": ""
    },
    {
        "date": "1990-03-31",
        "symbol": "ATGE",
        "reportedCurrency": "USD",
        "cik": "0000730464",
        "fillingDate": "1990-03-31",
        "acceptedDate": "1990-03-30 19:00:00",
        "calendarYear": "1990",
        "period": "Q3",
        "revenue": 39700000,
        "costOfRevenue": 0,
        "grossProfit": 39700000,
        "grossProfitRatio": 1,
        "researchAndDevelopmentExpenses": 0,
        "generalAndAdministrativeExpenses": 0,
        "sellingAndMarketingExpenses": 0,
        "sellingGeneralAndAdministrativeExpenses": 0,
        "otherExpenses": 0,
        "operatingExpenses": 0,
        "costAndExpenses": 0,
        "interestIncome": 0,
        "interestExpense": 0,
        "depreciationAndAmortization": 0,
        "ebitda": 39700000,
        "ebitdaratio": 1,
        "operatingIncome": 39700000,
        "operatingIncomeRatio": 1,
        "totalOtherIncomeExpensesNet": -39700000,
        "incomeBeforeTax": 0,
        "incomeBeforeTaxRatio": 0,
        "incomeTaxExpense": 0,
        "netIncome": 500000,
        "netIncomeRatio": 0.0125944584,
        "eps": 0.06,
        "epsdiluted": 0.06,
        "weightedAverageShsOut": 9200000,
        "weightedAverageShsOutDil": 9200000,
        "link": "",
        "finalLink": ""
    },
    {
        "date": "1989-12-31",
        "symbol": "ATGE",
        "reportedCurrency": "USD",
        "cik": "0000730464",
        "fillingDate": "1989-12-31",
        "acceptedDate": "1989-12-30 19:00:00",
        "calendarYear": "1990",
        "period": "Q2",
        "revenue": 41500000,
        "costOfRevenue": 0,
        "grossProfit": 41500000,
        "grossProfitRatio": 1,
        "researchAndDevelopmentExpenses": 0,
        "generalAndAdministrativeExpenses": 0,
        "sellingAndMarketingExpenses": 0,
        "sellingGeneralAndAdministrativeExpenses": 0,
        "otherExpenses": 0,
        "operatingExpenses": 0,
        "costAndExpenses": 0,
        "interestIncome": 0,
        "interestExpense": 0,
        "depreciationAndAmortization": 0,
        "ebitda": 41500000,
        "ebitdaratio": 1,
        "operatingIncome": 41500000,
        "operatingIncomeRatio": 1,
        "totalOtherIncomeExpensesNet": -41500000,
        "incomeBeforeTax": 0,
        "incomeBeforeTaxRatio": 0,
        "incomeTaxExpense": 0,
        "netIncome": -1600000,
        "netIncomeRatio": -0.0385542169,
        "eps": -0.18,
        "epsdiluted": -0.18,
        "weightedAverageShsOut": 9200000,
        "weightedAverageShsOutDil": 9200000,
        "link": "",
        "finalLink": ""
    },
    {
        "date": "1989-09-30",
        "symbol": "ATGE",
        "reportedCurrency": "USD",
        "cik": "0000730464",
        "fillingDate": "1989-09-30",
        "acceptedDate": "1989-09-29 20:00:00",
        "calendarYear": "1990",
        "period": "Q1",
        "revenue": 39300000,
        "costOfRevenue": 0,
        "grossProfit": 39300000,
        "grossProfitRatio": 1,
        "researchAndDevelopmentExpenses": 0,
        "generalAndAdministrativeExpenses": 0,
        "sellingAndMarketingExpenses": 0,
        "sellingGeneralAndAdministrativeExpenses": 0,
        "otherExpenses": 0,
        "operatingExpenses": 0,
        "costAndExpenses": 0,
        "interestIncome": 0,
        "interestExpense": 0,
        "depreciationAndAmortization": 0,
        "ebitda": 39300000,
        "ebitdaratio": 1,
        "operatingIncome": 39300000,
        "operatingIncomeRatio": 1,
        "totalOtherIncomeExpensesNet": -39300000,
        "incomeBeforeTax": 0,
        "incomeBeforeTaxRatio": 0,
        "incomeTaxExpense": 0,
        "netIncome": -4800000,
        "netIncomeRatio": -0.1221374046,
        "eps": -0.53,
        "epsdiluted": -0.53,
        "weightedAverageShsOut": 9200000,
        "weightedAverageShsOutDil": 9200000,
        "link": "",
        "finalLink": ""
    },
    {
        "date": "1989-06-30",
        "symbol": "ATGE",
        "reportedCurrency": "USD",
        "cik": "0000730464",
        "fillingDate": "1989-06-30",
        "acceptedDate": "1989-06-29 20:00:00",
        "calendarYear": "1989",
        "period": "Q4",
        "revenue": 35400000,
        "costOfRevenue": 0,
        "grossProfit": 35400000,
        "grossProfitRatio": 1,
        "researchAndDevelopmentExpenses": 0,
        "generalAndAdministrativeExpenses": 0,
        "sellingAndMarketingExpenses": 0,
        "sellingGeneralAndAdministrativeExpenses": 0,
        "otherExpenses": -157800000,
        "operatingExpenses": -157800000,
        "costAndExpenses": -157800000,
        "interestIncome": 0,
        "interestExpense": 0,
        "depreciationAndAmortization": 0,
        "ebitda": -122400000,
        "ebitdaratio": -3.4576271186,
        "operatingIncome": -122400000,
        "operatingIncomeRatio": -3.4576271186,
        "totalOtherIncomeExpensesNet": 122400000,
        "incomeBeforeTax": 0,
        "incomeBeforeTaxRatio": 0,
        "incomeTaxExpense": 0,
        "netIncome": -4800000,
        "netIncomeRatio": -0.1355932203,
        "eps": -0.52,
        "epsdiluted": -0.52,
        "weightedAverageShsOut": 9200000,
        "weightedAverageShsOutDil": 9200000,
        "link": "",
        "finalLink": ""
    },
    {
        "date": "1989-03-31",
        "symbol": "ATGE",
        "reportedCurrency": "USD",
        "cik": "0000730464",
        "fillingDate": "1989-03-31",
        "acceptedDate": "1989-03-30 19:00:00",
        "calendarYear": "1989",
        "period": "Q3",
        "revenue": 39000000,
        "costOfRevenue": 0,
        "grossProfit": 39000000,
        "grossProfitRatio": 1,
        "researchAndDevelopmentExpenses": 0,
        "generalAndAdministrativeExpenses": 0,
        "sellingAndMarketingExpenses": 0,
        "sellingGeneralAndAdministrativeExpenses": 0,
        "otherExpenses": 0,
        "operatingExpenses": 0,
        "costAndExpenses": 0,
        "interestIncome": 0,
        "interestExpense": 0,
        "depreciationAndAmortization": 0,
        "ebitda": 39000000,
        "ebitdaratio": 1,
        "operatingIncome": 39000000,
        "operatingIncomeRatio": 1,
        "totalOtherIncomeExpensesNet": -39000000,
        "incomeBeforeTax": 0,
        "incomeBeforeTaxRatio": 0,
        "incomeTaxExpense": 0,
        "netIncome": -6200000,
        "netIncomeRatio": -0.158974359,
        "eps": -0.68,
        "epsdiluted": -0.68,
        "weightedAverageShsOut": 9200000,
        "weightedAverageShsOutDil": 9200000,
        "link": "",
        "finalLink": ""
    },
    {
        "date": "1988-12-31",
        "symbol": "ATGE",
        "reportedCurrency": "USD",
        "cik": "0000730464",
        "fillingDate": "1988-12-31",
        "acceptedDate": "1988-12-30 19:00:00",
        "calendarYear": "1989",
        "period": "Q2",
        "revenue": 40800000,
        "costOfRevenue": 0,
        "grossProfit": 40800000,
        "grossProfitRatio": 1,
        "researchAndDevelopmentExpenses": 0,
        "generalAndAdministrativeExpenses": 0,
        "sellingAndMarketingExpenses": 0,
        "sellingGeneralAndAdministrativeExpenses": 0,
        "otherExpenses": 0,
        "operatingExpenses": 0,
        "costAndExpenses": 0,
        "interestIncome": 0,
        "interestExpense": 0,
        "depreciationAndAmortization": 0,
        "ebitda": 40800000,
        "ebitdaratio": 1,
        "operatingIncome": 40800000,
        "operatingIncomeRatio": 1,
        "totalOtherIncomeExpensesNet": -40800000,
        "incomeBeforeTax": 0,
        "incomeBeforeTaxRatio": 0,
        "incomeTaxExpense": 0,
        "netIncome": -4300000,
        "netIncomeRatio": -0.1053921569,
        "eps": -0.47,
        "epsdiluted": -0.47,
        "weightedAverageShsOut": 9200000,
        "weightedAverageShsOutDil": 9200000,
        "link": "",
        "finalLink": ""
    },
    {
        "date": "1988-09-30",
        "symbol": "ATGE",
        "reportedCurrency": "USD",
        "cik": "0000730464",
        "fillingDate": "1988-09-30",
        "acceptedDate": "1988-09-29 20:00:00",
        "calendarYear": "1989",
        "period": "Q1",
        "revenue": 38500000,
        "costOfRevenue": 0,
        "grossProfit": 38500000,
        "grossProfitRatio": 1,
        "researchAndDevelopmentExpenses": 0,
        "generalAndAdministrativeExpenses": 0,
        "sellingAndMarketingExpenses": 0,
        "sellingGeneralAndAdministrativeExpenses": 0,
        "otherExpenses": 0,
        "operatingExpenses": 0,
        "costAndExpenses": 0,
        "interestIncome": 0,
        "interestExpense": 0,
        "depreciationAndAmortization": 0,
        "ebitda": 38500000,
        "ebitdaratio": 1,
        "operatingIncome": 38500000,
        "operatingIncomeRatio": 1,
        "totalOtherIncomeExpensesNet": -38500000,
        "incomeBeforeTax": 0,
        "incomeBeforeTaxRatio": 0,
        "incomeTaxExpense": 0,
        "netIncome": -6000000,
        "netIncomeRatio": -0.1558441558,
        "eps": -0.66,
        "epsdiluted": -0.66,
        "weightedAverageShsOut": 9200000,
        "weightedAverageShsOutDil": 9200000,
        "link": "",
        "finalLink": ""
    }
]