[
    {
        "date": "2022-06-30",
        "symbol": "BBI",
        "reportedCurrency": "USD",
        "cik": "0000819050",
        "fillingDate": "2022-08-12",
        "acceptedDate": "2022-08-11 21:09:16",
        "calendarYear": "2022",
        "period": "Q2",
        "revenue": 4315000,
        "costOfRevenue": 0,
        "grossProfit": 4315000,
        "grossProfitRatio": 1,
        "researchAndDevelopmentExpenses": 1865000,
        "generalAndAdministrativeExpenses": 3908000,
        "sellingAndMarketingExpenses": 0,
        "sellingGeneralAndAdministrativeExpenses": 3908000,
        "otherExpenses": 0,
        "operatingExpenses": 5773000,
        "costAndExpenses": 5773000,
        "interestIncome": 0,
        "interestExpense": 2000,
        "depreciationAndAmortization": 6000,
        "ebitda": -1458000,
        "ebitdaratio": -0.3378910776,
        "operatingIncome": -1145000,
        "operatingIncomeRatio": -0.2653534183,
        "totalOtherIncomeExpensesNet": -2000,
        "incomeBeforeTax": -1147000,
        "incomeBeforeTaxRatio": -0.2658169177,
        "incomeTaxExpense": 2000,
        "netIncome": -1149000,
        "netIncomeRatio": -0.2662804171,
        "eps": -0.43,
        "epsdiluted": -0.43,
        "weightedAverageShsOut": 2655251,
        "weightedAverageShsOutDil": 2655251,
        "link": "https://www.sec.gov/Archives/edgar/data/819050/000081905022000131/0000819050-22-000131-index.htm",
        "finalLink": "https://www.sec.gov/Archives/edgar/data/819050/000081905022000131/bbi-20220630.htm"
    },
    {
        "date": "2022-03-31",
        "symbol": "BBI",
        "reportedCurrency": "USD",
        "cik": "0000819050",
        "fillingDate": "2022-05-12",
        "acceptedDate": "2022-05-12 16:12:19",
        "calendarYear": "2022",
        "period": "Q1",
        "revenue": 92000,
        "costOfRevenue": 0,
        "grossProfit": 92000,
        "grossProfitRatio": 1,
        "researchAndDevelopmentExpenses": 6013000,
        "generalAndAdministrativeExpenses": 3486000,
        "sellingAndMarketingExpenses": 0,
        "sellingGeneralAndAdministrativeExpenses": 3486000,
        "otherExpenses": 0,
        "operatingExpenses": 9499000,
        "costAndExpenses": 9499000,
        "interestIncome": 0,
        "interestExpense": 4000,
        "depreciationAndAmortization": 7000,
        "ebitda": -9399000,
        "ebitdaratio": -102.1630434783,
        "operatingIncome": -9406000,
        "operatingIncomeRatio": -102.2391304348,
        "totalOtherIncomeExpensesNet": -4000,
        "incomeBeforeTax": -9410000,
        "incomeBeforeTaxRatio": -102.2826086957,
        "incomeTaxExpense": 4000,
        "netIncome": -9414000,
        "netIncomeRatio": -102.3260869565,
        "eps": -3.55,
        "epsdiluted": -3.55,
        "weightedAverageShsOut": 2652828,
        "weightedAverageShsOutDil": 2652828,
        "link": "https://www.sec.gov/Archives/edgar/data/819050/000081905022000059/0000819050-22-000059-index.htm",
        "finalLink": "https://www.sec.gov/Archives/edgar/data/819050/000081905022000059/bbi-20220331.htm"
    },
    {
        "date": "2021-12-31",
        "symbol": "BBI",
        "reportedCurrency": "USD",
        "cik": "0000819050",
        "fillingDate": "2022-03-15",
        "acceptedDate": "2022-03-15 07:43:41",
        "calendarYear": "2021",
        "period": "Q4",
        "revenue": 104000,
        "costOfRevenue": 0,
        "grossProfit": 104000,
        "grossProfitRatio": 1,
        "researchAndDevelopmentExpenses": 3119000,
        "generalAndAdministrativeExpenses": 3290000,
        "sellingAndMarketingExpenses": 0,
        "sellingGeneralAndAdministrativeExpenses": 3290000,
        "otherExpenses": 0,
        "operatingExpenses": 6409000,
        "costAndExpenses": 6409000,
        "interestIncome": 0,
        "interestExpense": 4000,
        "depreciationAndAmortization": 7000,
        "ebitda": 33924000,
        "ebitdaratio": 326.1923076923,
        "operatingIncome": -6063000,
        "operatingIncomeRatio": -58.2980769231,
        "totalOtherIncomeExpensesNet": -40006000,
        "incomeBeforeTax": -6067000,
        "incomeBeforeTaxRatio": -58.3365384615,
        "incomeTaxExpense": 4000,
        "netIncome": -6071000,
        "netIncomeRatio": -58.375,
        "eps": -2.53,
        "epsdiluted": -2.53,
        "weightedAverageShsOut": 2401777,
        "weightedAverageShsOutDil": 2401777,
        "link": "https://www.sec.gov/Archives/edgar/data/819050/000081905022000016/0000819050-22-000016-index.htm",
        "finalLink": "https://www.sec.gov/Archives/edgar/data/819050/000081905022000016/bbi-20211231.htm"
    },
    {
        "date": "2021-09-30",
        "symbol": "BBI",
        "reportedCurrency": "USD",
        "cik": "0000819050",
        "fillingDate": "2021-11-09",
        "acceptedDate": "2021-11-09 16:16:36",
        "calendarYear": "2021",
        "period": "Q3",
        "revenue": 132000,
        "costOfRevenue": 0,
        "grossProfit": 132000,
        "grossProfitRatio": 1,
        "researchAndDevelopmentExpenses": 10222000,
        "generalAndAdministrativeExpenses": 3269000,
        "sellingAndMarketingExpenses": 0,
        "sellingGeneralAndAdministrativeExpenses": 3269000,
        "otherExpenses": 0,
        "operatingExpenses": 13491000,
        "costAndExpenses": 13491000,
        "interestIncome": 0,
        "interestExpense": 1000,
        "depreciationAndAmortization": 7000,
        "ebitda": -13359000,
        "ebitdaratio": -101.2045454545,
        "operatingIncome": -13359000,
        "operatingIncomeRatio": -101.2045454545,
        "totalOtherIncomeExpensesNet": 106000,
        "incomeBeforeTax": -13253000,
        "incomeBeforeTaxRatio": -100.4015151515,
        "incomeTaxExpense": 107000,
        "netIncome": -13253000,
        "netIncomeRatio": -100.4015151515,
        "eps": -7.15,
        "epsdiluted": -7.15,
        "weightedAverageShsOut": 1852851,
        "weightedAverageShsOutDil": 1852851,
        "link": "https://www.sec.gov/Archives/edgar/data/819050/000081905021000170/0000819050-21-000170-index.htm",
        "finalLink": "https://www.sec.gov/Archives/edgar/data/819050/000081905021000170/bbi-20210930.htm"
    },
    {
        "date": "2021-06-30",
        "symbol": "BBI",
        "reportedCurrency": "USD",
        "cik": "0000819050",
        "fillingDate": "2021-08-12",
        "acceptedDate": "2021-08-12 16:16:32",
        "calendarYear": "2021",
        "period": "Q2",
        "revenue": 151000,
        "costOfRevenue": 0,
        "grossProfit": 151000,
        "grossProfitRatio": 1,
        "researchAndDevelopmentExpenses": 8838000,
        "generalAndAdministrativeExpenses": 2891000,
        "sellingAndMarketingExpenses": 0,
        "sellingGeneralAndAdministrativeExpenses": 2891000,
        "otherExpenses": 0,
        "operatingExpenses": 11729000,
        "costAndExpenses": 11729000,
        "interestIncome": 0,
        "interestExpense": 30000,
        "depreciationAndAmortization": 7000,
        "ebitda": -11578000,
        "ebitdaratio": -76.6754966887,
        "operatingIncome": -11578000,
        "operatingIncomeRatio": -76.6754966887,
        "totalOtherIncomeExpensesNet": 429000,
        "incomeBeforeTax": -11149000,
        "incomeBeforeTaxRatio": -73.8344370861,
        "incomeTaxExpense": 0,
        "netIncome": -11149000,
        "netIncomeRatio": -73.8344370861,
        "eps": -7.29,
        "epsdiluted": -7.29,
        "weightedAverageShsOut": 1530141,
        "weightedAverageShsOutDil": 1530141,
        "link": "https://www.sec.gov/Archives/edgar/data/819050/000081905021000132/0000819050-21-000132-index.htm",
        "finalLink": "https://www.sec.gov/Archives/edgar/data/819050/000081905021000132/bbi-20210630.htm"
    },
    {
        "date": "2021-03-31",
        "symbol": "BBI",
        "reportedCurrency": "USD",
        "cik": "0000819050",
        "fillingDate": "2021-05-13",
        "acceptedDate": "2021-05-13 16:10:08",
        "calendarYear": "2021",
        "period": "Q1",
        "revenue": 17000,
        "costOfRevenue": 0,
        "grossProfit": 17000,
        "grossProfitRatio": 1,
        "researchAndDevelopmentExpenses": 6052000,
        "generalAndAdministrativeExpenses": 2967000,
        "sellingAndMarketingExpenses": 0,
        "sellingGeneralAndAdministrativeExpenses": 2967000,
        "otherExpenses": 0,
        "operatingExpenses": 9019000,
        "costAndExpenses": 9019000,
        "interestIncome": 0,
        "interestExpense": 34000,
        "depreciationAndAmortization": 1000,
        "ebitda": -9002000,
        "ebitdaratio": -529.5294117647,
        "operatingIncome": -9002000,
        "operatingIncomeRatio": -529.5294117647,
        "totalOtherIncomeExpensesNet": -3000,
        "incomeBeforeTax": -9005000,
        "incomeBeforeTaxRatio": -529.7058823529,
        "incomeTaxExpense": 31000,
        "netIncome": -9005000,
        "netIncomeRatio": -529.7058823529,
        "eps": -6.63,
        "epsdiluted": -6.63,
        "weightedAverageShsOut": 1359190,
        "weightedAverageShsOutDil": 1359190,
        "link": "https://www.sec.gov/Archives/edgar/data/819050/000081905021000066/0000819050-21-000066-index.htm",
        "finalLink": "https://www.sec.gov/Archives/edgar/data/819050/000081905021000066/bbi-20210331.htm"
    },
    {
        "date": "2020-12-31",
        "symbol": "BBI",
        "reportedCurrency": "USD",
        "cik": "0000819050",
        "fillingDate": "2021-03-09",
        "acceptedDate": "2021-03-09 16:13:58",
        "calendarYear": "2020",
        "period": "Q4",
        "revenue": 27000,
        "costOfRevenue": 0,
        "grossProfit": 27000,
        "grossProfitRatio": 1,
        "researchAndDevelopmentExpenses": 4559000,
        "generalAndAdministrativeExpenses": 2869000,
        "sellingAndMarketingExpenses": 0,
        "sellingGeneralAndAdministrativeExpenses": 2869000,
        "otherExpenses": 0,
        "operatingExpenses": 7428000,
        "costAndExpenses": 7428000,
        "interestIncome": 0,
        "interestExpense": 0,
        "depreciationAndAmortization": 1000,
        "ebitda": -7410000,
        "ebitdaratio": -274.4444444444,
        "operatingIncome": -7401000,
        "operatingIncomeRatio": -274.1111111111,
        "totalOtherIncomeExpensesNet": 36000,
        "incomeBeforeTax": -7365000,
        "incomeBeforeTaxRatio": -272.7777777778,
        "incomeTaxExpense": 36000,
        "netIncome": -7365000,
        "netIncomeRatio": -272.7777777778,
        "eps": -6.84,
        "epsdiluted": -6.84,
        "weightedAverageShsOut": 1076763,
        "weightedAverageShsOutDil": 1076763,
        "link": "https://www.sec.gov/Archives/edgar/data/819050/000081905021000029/0000819050-21-000029-index.htm",
        "finalLink": "https://www.sec.gov/Archives/edgar/data/819050/000081905021000029/bbi-20201231.htm"
    },
    {
        "date": "2020-09-30",
        "symbol": "BBI",
        "reportedCurrency": "USD",
        "cik": "0000819050",
        "fillingDate": "2020-11-12",
        "acceptedDate": "2020-11-12 16:16:29",
        "calendarYear": "2020",
        "period": "Q3",
        "revenue": 142000,
        "costOfRevenue": 0,
        "grossProfit": 142000,
        "grossProfitRatio": 1,
        "researchAndDevelopmentExpenses": 1281000,
        "generalAndAdministrativeExpenses": 3211000,
        "sellingAndMarketingExpenses": 0,
        "sellingGeneralAndAdministrativeExpenses": 3211000,
        "otherExpenses": 0,
        "operatingExpenses": 4492000,
        "costAndExpenses": 4492000,
        "interestIncome": 0,
        "interestExpense": 0,
        "depreciationAndAmortization": 3000,
        "ebitda": -4350000,
        "ebitdaratio": -30.6338028169,
        "operatingIncome": -4350000,
        "operatingIncomeRatio": -30.6338028169,
        "totalOtherIncomeExpensesNet": 24000,
        "incomeBeforeTax": -4326000,
        "incomeBeforeTaxRatio": -30.4647887324,
        "incomeTaxExpense": 24000,
        "netIncome": -4326000,
        "netIncomeRatio": -30.4647887324,
        "eps": -6.93,
        "epsdiluted": -6.93,
        "weightedAverageShsOut": 624617,
        "weightedAverageShsOutDil": 624617,
        "link": "https://www.sec.gov/Archives/edgar/data/819050/000081905020000231/0000819050-20-000231-index.htm",
        "finalLink": "https://www.sec.gov/Archives/edgar/data/819050/000081905020000231/bbi-20200930.htm"
    },
    {
        "date": "2020-06-30",
        "symbol": "BBI",
        "reportedCurrency": "USD",
        "cik": "0000819050",
        "fillingDate": "2020-08-12",
        "acceptedDate": "2020-08-12 16:15:50",
        "calendarYear": "2020",
        "period": "Q2",
        "revenue": 607000,
        "costOfRevenue": 0,
        "grossProfit": 607000,
        "grossProfitRatio": 1,
        "researchAndDevelopmentExpenses": 2712000,
        "generalAndAdministrativeExpenses": 3021000,
        "sellingAndMarketingExpenses": 0,
        "sellingGeneralAndAdministrativeExpenses": 3021000,
        "otherExpenses": 0,
        "operatingExpenses": 5733000,
        "costAndExpenses": 5733000,
        "interestIncome": 0,
        "interestExpense": 0,
        "depreciationAndAmortization": 3000,
        "ebitda": -5126000,
        "ebitdaratio": -8.4448105437,
        "operatingIncome": -5126000,
        "operatingIncomeRatio": -8.4448105437,
        "totalOtherIncomeExpensesNet": 7000,
        "incomeBeforeTax": -5119000,
        "incomeBeforeTaxRatio": -8.4332784185,
        "incomeTaxExpense": 7000,
        "netIncome": -5119000,
        "netIncomeRatio": -8.4332784185,
        "eps": -19.49,
        "epsdiluted": -19.49,
        "weightedAverageShsOut": 262647,
        "weightedAverageShsOutDil": 262647,
        "link": "https://www.sec.gov/Archives/edgar/data/819050/000081905020000180/0000819050-20-000180-index.htm",
        "finalLink": "https://www.sec.gov/Archives/edgar/data/819050/000081905020000180/bbi-20200630.htm"
    },
    {
        "date": "2020-03-31",
        "symbol": "BBI",
        "reportedCurrency": "USD",
        "cik": "0000819050",
        "fillingDate": "2020-05-14",
        "acceptedDate": "2020-05-13 17:57:16",
        "calendarYear": "2020",
        "period": "Q1",
        "revenue": 1046000,
        "costOfRevenue": 0,
        "grossProfit": 1046000,
        "grossProfitRatio": 1,
        "researchAndDevelopmentExpenses": 2664000,
        "generalAndAdministrativeExpenses": 2481000,
        "sellingAndMarketingExpenses": 0,
        "sellingGeneralAndAdministrativeExpenses": 2481000,
        "otherExpenses": 0,
        "operatingExpenses": 5145000,
        "costAndExpenses": 5145000,
        "interestIncome": 0,
        "interestExpense": 0,
        "depreciationAndAmortization": 3000,
        "ebitda": -4100000,
        "ebitdaratio": -3.9196940727,
        "operatingIncome": -4099000,
        "operatingIncomeRatio": -3.9187380497,
        "totalOtherIncomeExpensesNet": -4000,
        "incomeBeforeTax": -4103000,
        "incomeBeforeTaxRatio": -3.9225621415,
        "incomeTaxExpense": -4000,
        "netIncome": -4103000,
        "netIncomeRatio": -3.9225621415,
        "eps": -20.28,
        "epsdiluted": -20.28,
        "weightedAverageShsOut": 202360,
        "weightedAverageShsOutDil": 202360,
        "link": "https://www.sec.gov/Archives/edgar/data/819050/000081905020000113/0000819050-20-000113-index.htm",
        "finalLink": "https://www.sec.gov/Archives/edgar/data/819050/000081905020000113/a2020033110q.htm"
    },
    {
        "date": "2019-12-31",
        "symbol": "BBI",
        "reportedCurrency": "USD",
        "cik": "0000819050",
        "fillingDate": "2020-03-18",
        "acceptedDate": "2020-03-18 16:49:23",
        "calendarYear": "2019",
        "period": "Q4",
        "revenue": 669000,
        "costOfRevenue": 0,
        "grossProfit": 669000,
        "grossProfitRatio": 1,
        "researchAndDevelopmentExpenses": 6629000,
        "generalAndAdministrativeExpenses": 4881000,
        "sellingAndMarketingExpenses": 0,
        "sellingGeneralAndAdministrativeExpenses": 4881000,
        "otherExpenses": 0,
        "operatingExpenses": 11510000,
        "costAndExpenses": 11510000,
        "interestIncome": 0,
        "interestExpense": 114000,
        "depreciationAndAmortization": -47000,
        "ebitda": -10229000,
        "ebitdaratio": -15.2899850523,
        "operatingIncome": -10841000,
        "operatingIncomeRatio": -16.2047832586,
        "totalOtherIncomeExpensesNet": -708000,
        "incomeBeforeTax": -10862000,
        "incomeBeforeTaxRatio": -16.2361733931,
        "incomeTaxExpense": 93000,
        "netIncome": -10862000,
        "netIncomeRatio": -16.2361733931,
        "eps": -61.94,
        "epsdiluted": -61.94,
        "weightedAverageShsOut": 175351,
        "weightedAverageShsOutDil": 175351,
        "link": "https://www.sec.gov/Archives/edgar/data/819050/000081905020000043/0000819050-20-000043-index.htm",
        "finalLink": "https://www.sec.gov/Archives/edgar/data/819050/000081905020000043/a20191231-10k.htm"
    },
    {
        "date": "2019-09-30",
        "symbol": "BBI",
        "reportedCurrency": "USD",
        "cik": "0000819050",
        "fillingDate": "2019-11-14",
        "acceptedDate": "2019-11-13 17:40:35",
        "calendarYear": "2019",
        "period": "Q3",
        "revenue": 1183000,
        "costOfRevenue": 0,
        "grossProfit": 1183000,
        "grossProfitRatio": 1,
        "researchAndDevelopmentExpenses": 3337000,
        "generalAndAdministrativeExpenses": 3901000,
        "sellingAndMarketingExpenses": 0,
        "sellingGeneralAndAdministrativeExpenses": 3901000,
        "otherExpenses": 0,
        "operatingExpenses": 7238000,
        "costAndExpenses": 7238000,
        "interestIncome": 0,
        "interestExpense": 1098000,
        "depreciationAndAmortization": 57000,
        "ebitda": -6055000,
        "ebitdaratio": -5.1183431953,
        "operatingIncome": -6055000,
        "operatingIncomeRatio": -5.1183431953,
        "totalOtherIncomeExpensesNet": 1274000,
        "incomeBeforeTax": -4781000,
        "incomeBeforeTaxRatio": -4.0414201183,
        "incomeTaxExpense": 0,
        "netIncome": -4781000,
        "netIncomeRatio": -4.0414201183,
        "eps": -73.08,
        "epsdiluted": -73.08,
        "weightedAverageShsOut": 65419,
        "weightedAverageShsOutDil": 65419,
        "link": "https://www.sec.gov/Archives/edgar/data/819050/000081905019000030/0000819050-19-000030-index.htm",
        "finalLink": "https://www.sec.gov/Archives/edgar/data/819050/000081905019000030/a20190930-10q.htm"
    },
    {
        "date": "2019-06-30",
        "symbol": "BBI",
        "reportedCurrency": "USD",
        "cik": "0000819050",
        "fillingDate": "2019-07-12",
        "acceptedDate": "2019-07-12 06:01:44",
        "calendarYear": "2019",
        "period": "Q2",
        "revenue": 0,
        "costOfRevenue": 0,
        "grossProfit": 0,
        "grossProfitRatio": 0,
        "researchAndDevelopmentExpenses": 759000,
        "generalAndAdministrativeExpenses": 2242000,
        "sellingAndMarketingExpenses": 0,
        "sellingGeneralAndAdministrativeExpenses": 2242000,
        "otherExpenses": 0,
        "operatingExpenses": 3001000,
        "costAndExpenses": 3001000,
        "interestIncome": 0,
        "interestExpense": 0,
        "depreciationAndAmortization": 5000,
        "ebitda": -3001000,
        "ebitdaratio": 0,
        "operatingIncome": -3001000,
        "operatingIncomeRatio": 0,
        "totalOtherIncomeExpensesNet": 571000,
        "incomeBeforeTax": -2430000,
        "incomeBeforeTaxRatio": 0,
        "incomeTaxExpense": 0,
        "netIncome": -2430000,
        "netIncomeRatio": 0,
        "eps": -33.54,
        "epsdiluted": -33.54,
        "weightedAverageShsOut": 72460,
        "weightedAverageShsOutDil": 72460,
        "link": "https://www.sec.gov/Archives/edgar/data/819050/000156459019024851/0001564590-19-024851-index.htm",
        "finalLink": "https://www.sec.gov/Archives/edgar/data/819050/000156459019024851/vicl-10q_20190630.htm"
    },
    {
        "date": "2019-03-31",
        "symbol": "BBI",
        "reportedCurrency": "USD",
        "cik": "0000819050",
        "fillingDate": "2019-05-02",
        "acceptedDate": "2019-05-02 17:01:20",
        "calendarYear": "2019",
        "period": "Q1",
        "revenue": 0,
        "costOfRevenue": 0,
        "grossProfit": 0,
        "grossProfitRatio": 0,
        "researchAndDevelopmentExpenses": 3882000,
        "generalAndAdministrativeExpenses": 1376000,
        "sellingAndMarketingExpenses": 0,
        "sellingGeneralAndAdministrativeExpenses": 1376000,
        "otherExpenses": 0,
        "operatingExpenses": 5258000,
        "costAndExpenses": 5258000,
        "interestIncome": 0,
        "interestExpense": 0,
        "depreciationAndAmortization": 13000,
        "ebitda": -5258000,
        "ebitdaratio": 0,
        "operatingIncome": -5258000,
        "operatingIncomeRatio": 0,
        "totalOtherIncomeExpensesNet": 680000,
        "incomeBeforeTax": -4578000,
        "incomeBeforeTaxRatio": 0,
        "incomeTaxExpense": 0,
        "netIncome": -4578000,
        "netIncomeRatio": 0,
        "eps": -65.56,
        "epsdiluted": -65.56,
        "weightedAverageShsOut": 69834,
        "weightedAverageShsOutDil": 69834,
        "link": "https://www.sec.gov/Archives/edgar/data/819050/000156459019015385/0001564590-19-015385-index.htm",
        "finalLink": "https://www.sec.gov/Archives/edgar/data/819050/000156459019015385/vicl-10q_20190331.htm"
    },
    {
        "date": "2018-12-31",
        "symbol": "BBI",
        "reportedCurrency": "USD",
        "cik": "0000819050",
        "fillingDate": "2019-03-01",
        "acceptedDate": "2019-03-01 06:02:24",
        "calendarYear": "2018",
        "period": "Q4",
        "revenue": 124000,
        "costOfRevenue": -549000,
        "grossProfit": 673000,
        "grossProfitRatio": 5.4274193548,
        "researchAndDevelopmentExpenses": 2558000,
        "generalAndAdministrativeExpenses": 1517000,
        "sellingAndMarketingExpenses": 0,
        "sellingGeneralAndAdministrativeExpenses": 1517000,
        "otherExpenses": 2872000,
        "operatingExpenses": 4075000,
        "costAndExpenses": 4075000,
        "interestIncome": 0,
        "interestExpense": 0,
        "depreciationAndAmortization": 16000,
        "ebitda": -4086000,
        "ebitdaratio": -32.9516129032,
        "operatingIncome": -3951000,
        "operatingIncomeRatio": -31.8629032258,
        "totalOtherIncomeExpensesNet": 346000,
        "incomeBeforeTax": -3605000,
        "incomeBeforeTaxRatio": -29.0725806452,
        "incomeTaxExpense": 0,
        "netIncome": -3605000,
        "netIncomeRatio": -29.0725806452,
        "eps": -51.99,
        "epsdiluted": -51.99,
        "weightedAverageShsOut": 69345,
        "weightedAverageShsOutDil": 69345,
        "link": "https://www.sec.gov/Archives/edgar/data/819050/000156459019005633/0001564590-19-005633-index.htm",
        "finalLink": "https://www.sec.gov/Archives/edgar/data/819050/000156459019005633/vicl-10k_20181231.htm"
    },
    {
        "date": "2018-09-30",
        "symbol": "BBI",
        "reportedCurrency": "USD",
        "cik": "0000819050",
        "fillingDate": "2018-10-29",
        "acceptedDate": "2018-10-29 15:36:04",
        "calendarYear": "2018",
        "period": "Q3",
        "revenue": 47000,
        "costOfRevenue": 0,
        "grossProfit": 47000,
        "grossProfitRatio": 1,
        "researchAndDevelopmentExpenses": 2503000,
        "generalAndAdministrativeExpenses": 1610000,
        "sellingAndMarketingExpenses": 0,
        "sellingGeneralAndAdministrativeExpenses": 1610000,
        "otherExpenses": 0,
        "operatingExpenses": 4113000,
        "costAndExpenses": 4113000,
        "interestIncome": 0,
        "interestExpense": 0,
        "depreciationAndAmortization": 86000,
        "ebitda": -4066000,
        "ebitdaratio": -86.5106382979,
        "operatingIncome": -4066000,
        "operatingIncomeRatio": -86.5106382979,
        "totalOtherIncomeExpensesNet": 2555000,
        "incomeBeforeTax": -1511000,
        "incomeBeforeTaxRatio": -32.1489361702,
        "incomeTaxExpense": 0,
        "netIncome": -1511000,
        "netIncomeRatio": -32.1489361702,
        "eps": -21.79,
        "epsdiluted": -21.79,
        "weightedAverageShsOut": 69336,
        "weightedAverageShsOutDil": 69336,
        "link": "https://www.sec.gov/Archives/edgar/data/819050/000156459018025393/0001564590-18-025393-index.htm",
        "finalLink": "https://www.sec.gov/Archives/edgar/data/819050/000156459018025393/vicl-10q_20180930.htm"
    },
    {
        "date": "2018-06-30",
        "symbol": "BBI",
        "reportedCurrency": "USD",
        "cik": "0000819050",
        "fillingDate": "2018-08-07",
        "acceptedDate": "2018-08-07 14:07:46",
        "calendarYear": "2018",
        "period": "Q2",
        "revenue": 735000,
        "costOfRevenue": 0,
        "grossProfit": 735000,
        "grossProfitRatio": 1,
        "researchAndDevelopmentExpenses": 3602000,
        "generalAndAdministrativeExpenses": 2261000,
        "sellingAndMarketingExpenses": 0,
        "sellingGeneralAndAdministrativeExpenses": 2261000,
        "otherExpenses": 0,
        "operatingExpenses": 5863000,
        "costAndExpenses": 5863000,
        "interestIncome": 0,
        "interestExpense": 0,
        "depreciationAndAmortization": 9000,
        "ebitda": -5128000,
        "ebitdaratio": -6.9768707483,
        "operatingIncome": -5128000,
        "operatingIncomeRatio": -6.9768707483,
        "totalOtherIncomeExpensesNet": 260000,
        "incomeBeforeTax": -4868000,
        "incomeBeforeTaxRatio": -6.6231292517,
        "incomeTaxExpense": 0,
        "netIncome": -4868000,
        "netIncomeRatio": -6.6231292517,
        "eps": -70.22,
        "epsdiluted": -70.22,
        "weightedAverageShsOut": 69323,
        "weightedAverageShsOutDil": 69323,
        "link": "https://www.sec.gov/Archives/edgar/data/819050/000156459018019803/0001564590-18-019803-index.htm",
        "finalLink": "https://www.sec.gov/Archives/edgar/data/819050/000156459018019803/vicl-10q_20180630.htm"
    },
    {
        "date": "2018-03-31",
        "symbol": "BBI",
        "reportedCurrency": "USD",
        "cik": "0000819050",
        "fillingDate": "2018-05-03",
        "acceptedDate": "2018-05-03 16:46:55",
        "calendarYear": "2018",
        "period": "Q1",
        "revenue": 716000,
        "costOfRevenue": 1436000,
        "grossProfit": -720000,
        "grossProfitRatio": -1.0055865922,
        "researchAndDevelopmentExpenses": 3664000,
        "generalAndAdministrativeExpenses": 3553000,
        "sellingAndMarketingExpenses": 1436000,
        "sellingGeneralAndAdministrativeExpenses": 4989000,
        "otherExpenses": -1436000,
        "operatingExpenses": 7217000,
        "costAndExpenses": 8653000,
        "interestIncome": 0,
        "interestExpense": 0,
        "depreciationAndAmortization": 40000,
        "ebitda": -6501000,
        "ebitdaratio": -9.0796089385,
        "operatingIncome": -6501000,
        "operatingIncomeRatio": -9.0796089385,
        "totalOtherIncomeExpensesNet": 231000,
        "incomeBeforeTax": -6270000,
        "incomeBeforeTaxRatio": -8.7569832402,
        "incomeTaxExpense": 0,
        "netIncome": -6270000,
        "netIncomeRatio": -8.7569832402,
        "eps": -90.48,
        "epsdiluted": -90.48,
        "weightedAverageShsOut": 69295,
        "weightedAverageShsOutDil": 69295,
        "link": "https://www.sec.gov/Archives/edgar/data/819050/000156459018010725/0001564590-18-010725-index.htm",
        "finalLink": "https://www.sec.gov/Archives/edgar/data/819050/000156459018010725/vicl-10q_20180331.htm"
    },
    {
        "date": "2017-12-31",
        "symbol": "BBI",
        "reportedCurrency": "USD",
        "cik": "0000819050",
        "fillingDate": "2018-03-15",
        "acceptedDate": "2018-03-15 16:46:22",
        "calendarYear": "2017",
        "period": "Q4",
        "revenue": 3953000,
        "costOfRevenue": 1790000,
        "grossProfit": 2163000,
        "grossProfitRatio": 0.5471793575,
        "researchAndDevelopmentExpenses": 4448000,
        "generalAndAdministrativeExpenses": 3386000,
        "sellingAndMarketingExpenses": 1790000,
        "sellingGeneralAndAdministrativeExpenses": 5176000,
        "otherExpenses": -1790000,
        "operatingExpenses": 7834000,
        "costAndExpenses": 9624000,
        "interestIncome": 0,
        "interestExpense": 0,
        "depreciationAndAmortization": 71000,
        "ebitda": -3657000,
        "ebitdaratio": -0.9251201619,
        "operatingIncome": -3881000,
        "operatingIncomeRatio": -0.9817859853,
        "totalOtherIncomeExpensesNet": 153000,
        "incomeBeforeTax": -3728000,
        "incomeBeforeTaxRatio": -0.9430812041,
        "incomeTaxExpense": 0,
        "netIncome": -3728000,
        "netIncomeRatio": -0.9430812041,
        "eps": -66.05,
        "epsdiluted": -66.05,
        "weightedAverageShsOut": 56438,
        "weightedAverageShsOutDil": 56438,
        "link": "https://www.sec.gov/Archives/edgar/data/819050/000156459018005853/0001564590-18-005853-index.htm",
        "finalLink": "https://www.sec.gov/Archives/edgar/data/819050/000156459018005853/vicl-10k_20171231.htm"
    },
    {
        "date": "2017-09-30",
        "symbol": "BBI",
        "reportedCurrency": "USD",
        "cik": "0000819050",
        "fillingDate": "2017-10-24",
        "acceptedDate": "2017-10-24 13:01:10",
        "calendarYear": "2017",
        "period": "Q3",
        "revenue": 3240000,
        "costOfRevenue": 1778000,
        "grossProfit": 1462000,
        "grossProfitRatio": 0.4512345679,
        "researchAndDevelopmentExpenses": 3004000,
        "generalAndAdministrativeExpenses": 3417000,
        "sellingAndMarketingExpenses": 1778000,
        "sellingGeneralAndAdministrativeExpenses": 5195000,
        "otherExpenses": -1778000,
        "operatingExpenses": 6421000,
        "costAndExpenses": 8199000,
        "interestIncome": 0,
        "interestExpense": 0,
        "depreciationAndAmortization": 196000,
        "ebitda": -3181000,
        "ebitdaratio": -0.9817901235,
        "operatingIncome": -3181000,
        "operatingIncomeRatio": -0.9817901235,
        "totalOtherIncomeExpensesNet": 93000,
        "incomeBeforeTax": -3088000,
        "incomeBeforeTaxRatio": -0.9530864198,
        "incomeTaxExpense": 0,
        "netIncome": -3088000,
        "netIncomeRatio": -0.9530864198,
        "eps": -84.9,
        "epsdiluted": -84.9,
        "weightedAverageShsOut": 36374,
        "weightedAverageShsOutDil": 36374,
        "link": "https://www.sec.gov/Archives/edgar/data/819050/000156459017019823/0001564590-17-019823-index.htm",
        "finalLink": "https://www.sec.gov/Archives/edgar/data/819050/000156459017019823/vicl-10q_20170930.htm"
    },
    {
        "date": "2017-06-30",
        "symbol": "BBI",
        "reportedCurrency": "USD",
        "cik": "0000819050",
        "fillingDate": "2017-08-08",
        "acceptedDate": "2017-08-08 16:17:07",
        "calendarYear": "2017",
        "period": "Q2",
        "revenue": 3421000,
        "costOfRevenue": 1602000,
        "grossProfit": 1819000,
        "grossProfitRatio": 0.5317158726,
        "researchAndDevelopmentExpenses": 3639000,
        "generalAndAdministrativeExpenses": 3193000,
        "sellingAndMarketingExpenses": 1602000,
        "sellingGeneralAndAdministrativeExpenses": 4795000,
        "otherExpenses": -1602000,
        "operatingExpenses": 6832000,
        "costAndExpenses": 8434000,
        "interestIncome": 0,
        "interestExpense": 0,
        "depreciationAndAmortization": 259000,
        "ebitda": -3411000,
        "ebitdaratio": -0.9970768781,
        "operatingIncome": -3411000,
        "operatingIncomeRatio": -0.9970768781,
        "totalOtherIncomeExpensesNet": 91000,
        "incomeBeforeTax": -3320000,
        "incomeBeforeTaxRatio": -0.9704764689,
        "incomeTaxExpense": 0,
        "netIncome": -3320000,
        "netIncomeRatio": -0.9704764689,
        "eps": -93.89,
        "epsdiluted": -93.89,
        "weightedAverageShsOut": 35361,
        "weightedAverageShsOutDil": 35361,
        "link": "https://www.sec.gov/Archives/edgar/data/819050/000156459017016538/0001564590-17-016538-index.htm",
        "finalLink": "https://www.sec.gov/Archives/edgar/data/819050/000156459017016538/vicl-10q_20170630.htm"
    },
    {
        "date": "2017-03-31",
        "symbol": "BBI",
        "reportedCurrency": "USD",
        "cik": "0000819050",
        "fillingDate": "2017-05-15",
        "acceptedDate": "2017-05-15 15:31:19",
        "calendarYear": "2017",
        "period": "Q1",
        "revenue": 3205000,
        "costOfRevenue": 1309000,
        "grossProfit": 1896000,
        "grossProfitRatio": 0.591575663,
        "researchAndDevelopmentExpenses": 3300000,
        "generalAndAdministrativeExpenses": 2818000,
        "sellingAndMarketingExpenses": 1309000,
        "sellingGeneralAndAdministrativeExpenses": 4127000,
        "otherExpenses": -1309000,
        "operatingExpenses": 6118000,
        "costAndExpenses": 7427000,
        "interestIncome": 0,
        "interestExpense": 0,
        "depreciationAndAmortization": 267000,
        "ebitda": -2913000,
        "ebitdaratio": -0.9088923557,
        "operatingIncome": -2913000,
        "operatingIncomeRatio": -0.9088923557,
        "totalOtherIncomeExpensesNet": 89000,
        "incomeBeforeTax": -2824000,
        "incomeBeforeTaxRatio": -0.8811232449,
        "incomeTaxExpense": 0,
        "netIncome": -2824000,
        "netIncomeRatio": -0.8811232449,
        "eps": -80.13,
        "epsdiluted": -80.13,
        "weightedAverageShsOut": 35241,
        "weightedAverageShsOutDil": 35241,
        "link": "https://www.sec.gov/Archives/edgar/data/819050/000156459017011006/0001564590-17-011006-index.htm",
        "finalLink": "https://www.sec.gov/Archives/edgar/data/819050/000156459017011006/vicl-10q_20170331.htm"
    },
    {
        "date": "2016-12-31",
        "symbol": "BBI",
        "reportedCurrency": "USD",
        "cik": "0000819050",
        "fillingDate": "2017-03-10",
        "acceptedDate": "2017-03-10 16:01:22",
        "calendarYear": "2016",
        "period": "Q4",
        "revenue": 3163000,
        "costOfRevenue": 1231000,
        "grossProfit": 1932000,
        "grossProfitRatio": 0.6108125198,
        "researchAndDevelopmentExpenses": 2975000,
        "generalAndAdministrativeExpenses": 2963000,
        "sellingAndMarketingExpenses": 1231000,
        "sellingGeneralAndAdministrativeExpenses": 4194000,
        "otherExpenses": -1231000,
        "operatingExpenses": 5938000,
        "costAndExpenses": 7169000,
        "interestIncome": 0,
        "interestExpense": 0,
        "depreciationAndAmortization": 281000,
        "ebitda": -2491000,
        "ebitdaratio": -0.7875434714,
        "operatingIncome": -2775000,
        "operatingIncomeRatio": -0.8773316472,
        "totalOtherIncomeExpensesNet": 3000,
        "incomeBeforeTax": -2772000,
        "incomeBeforeTaxRatio": -0.8763831805,
        "incomeTaxExpense": 3000,
        "netIncome": -2772000,
        "netIncomeRatio": -0.8763831805,
        "eps": -78.64,
        "epsdiluted": -78.64,
        "weightedAverageShsOut": 35247,
        "weightedAverageShsOutDil": 35247,
        "link": "https://www.sec.gov/Archives/edgar/data/819050/000156459017003970/0001564590-17-003970-index.htm",
        "finalLink": "https://www.sec.gov/Archives/edgar/data/819050/000156459017003970/vicl-10k_20161231.htm"
    },
    {
        "date": "2016-09-30",
        "symbol": "BBI",
        "reportedCurrency": "USD",
        "cik": "0000819050",
        "fillingDate": "2016-11-04",
        "acceptedDate": "2016-11-04 14:31:14",
        "calendarYear": "2016",
        "period": "Q3",
        "revenue": 2642000,
        "costOfRevenue": 993000,
        "grossProfit": 1649000,
        "grossProfitRatio": 0.6241483724,
        "researchAndDevelopmentExpenses": 2599000,
        "generalAndAdministrativeExpenses": 2614000,
        "sellingAndMarketingExpenses": 993000,
        "sellingGeneralAndAdministrativeExpenses": 3607000,
        "otherExpenses": -993000,
        "operatingExpenses": 5213000,
        "costAndExpenses": 6206000,
        "interestIncome": 0,
        "interestExpense": 0,
        "depreciationAndAmortization": 280000,
        "ebitda": -2243000,
        "ebitdaratio": -0.8489780469,
        "operatingIncome": -2571000,
        "operatingIncomeRatio": -0.9731264194,
        "totalOtherIncomeExpensesNet": 48000,
        "incomeBeforeTax": -2523000,
        "incomeBeforeTaxRatio": -0.9549583649,
        "incomeTaxExpense": 0,
        "netIncome": -2523000,
        "netIncomeRatio": -0.9549583649,
        "eps": -76.03,
        "epsdiluted": -76.03,
        "weightedAverageShsOut": 33184,
        "weightedAverageShsOutDil": 33184,
        "link": "https://www.sec.gov/Archives/edgar/data/819050/000156459016027598/0001564590-16-027598-index.htm",
        "finalLink": "https://www.sec.gov/Archives/edgar/data/819050/000156459016027598/vicl-10q_20160930.htm"
    },
    {
        "date": "2016-06-30",
        "symbol": "BBI",
        "reportedCurrency": "USD",
        "cik": "0000819050",
        "fillingDate": "2016-08-09",
        "acceptedDate": "2016-08-09 16:33:44",
        "calendarYear": "2016",
        "period": "Q2",
        "revenue": 4122000,
        "costOfRevenue": 0,
        "grossProfit": 4122000,
        "grossProfitRatio": 1,
        "researchAndDevelopmentExpenses": 2303000,
        "generalAndAdministrativeExpenses": 3140000,
        "sellingAndMarketingExpenses": 1221000,
        "sellingGeneralAndAdministrativeExpenses": 4361000,
        "otherExpenses": -1221000,
        "operatingExpenses": 5443000,
        "costAndExpenses": 5443000,
        "interestIncome": 0,
        "interestExpense": 0,
        "depreciationAndAmortization": 279000,
        "ebitda": -976000,
        "ebitdaratio": -0.236778263,
        "operatingIncome": -1321000,
        "operatingIncomeRatio": -0.3204754973,
        "totalOtherIncomeExpensesNet": 66000,
        "incomeBeforeTax": -1255000,
        "incomeBeforeTaxRatio": -0.3044638525,
        "incomeTaxExpense": 0,
        "netIncome": -1255000,
        "netIncomeRatio": -0.3044638525,
        "eps": -42.78,
        "epsdiluted": -42.78,
        "weightedAverageShsOut": 29333,
        "weightedAverageShsOutDil": 29333,
        "link": "https://www.sec.gov/Archives/edgar/data/819050/000156459016023702/0001564590-16-023702-index.htm",
        "finalLink": "https://www.sec.gov/Archives/edgar/data/819050/000156459016023702/vicl-10q_20160630.htm"
    },
    {
        "date": "2016-03-31",
        "symbol": "BBI",
        "reportedCurrency": "USD",
        "cik": "0000819050",
        "fillingDate": "2016-05-09",
        "acceptedDate": "2016-05-09 16:08:23",
        "calendarYear": "2016",
        "period": "Q1",
        "revenue": 4604000,
        "costOfRevenue": 0,
        "grossProfit": 4604000,
        "grossProfitRatio": 1,
        "researchAndDevelopmentExpenses": 2478000,
        "generalAndAdministrativeExpenses": 4636000,
        "sellingAndMarketingExpenses": 2846000,
        "sellingGeneralAndAdministrativeExpenses": 7482000,
        "otherExpenses": -2846000,
        "operatingExpenses": 7114000,
        "costAndExpenses": 7114000,
        "interestIncome": 0,
        "interestExpense": 0,
        "depreciationAndAmortization": 277000,
        "ebitda": -2146000,
        "ebitdaratio": -0.4661164205,
        "operatingIncome": -2510000,
        "operatingIncomeRatio": -0.545178106,
        "totalOtherIncomeExpensesNet": 87000,
        "incomeBeforeTax": -2423000,
        "incomeBeforeTaxRatio": -0.5262814944,
        "incomeTaxExpense": 0,
        "netIncome": -2423000,
        "netIncomeRatio": -0.5262814944,
        "eps": -82.81,
        "epsdiluted": -82.81,
        "weightedAverageShsOut": 29259,
        "weightedAverageShsOutDil": 29259,
        "link": "https://www.sec.gov/Archives/edgar/data/819050/000156459016018579/0001564590-16-018579-index.htm",
        "finalLink": "https://www.sec.gov/Archives/edgar/data/819050/000156459016018579/vicl-10q_20160331.htm"
    },
    {
        "date": "2015-12-31",
        "symbol": "BBI",
        "reportedCurrency": "USD",
        "cik": "0000819050",
        "fillingDate": "2016-03-14",
        "acceptedDate": "2016-03-14 14:31:33",
        "calendarYear": "2015",
        "period": "Q4",
        "revenue": 6813000,
        "costOfRevenue": 10927000,
        "grossProfit": -4114000,
        "grossProfitRatio": -0.6038455893,
        "researchAndDevelopmentExpenses": 2839000,
        "generalAndAdministrativeExpenses": 6396000,
        "sellingAndMarketingExpenses": 4301000,
        "sellingGeneralAndAdministrativeExpenses": 10697000,
        "otherExpenses": -4301000,
        "operatingExpenses": 9235000,
        "costAndExpenses": 20162000,
        "interestIncome": 0,
        "interestExpense": 0,
        "depreciationAndAmortization": 275000,
        "ebitda": -2080000,
        "ebitdaratio": -0.3052986937,
        "operatingIncome": -2422000,
        "operatingIncomeRatio": -0.3554968443,
        "totalOtherIncomeExpensesNet": 67000,
        "incomeBeforeTax": -2355000,
        "incomeBeforeTaxRatio": -0.3456627037,
        "incomeTaxExpense": 0,
        "netIncome": -2355000,
        "netIncomeRatio": -0.3456627037,
        "eps": -80.49,
        "epsdiluted": -80.49,
        "weightedAverageShsOut": 29259,
        "weightedAverageShsOutDil": 29259,
        "link": "https://www.sec.gov/Archives/edgar/data/819050/000156459016014677/0001564590-16-014677-index.htm",
        "finalLink": "https://www.sec.gov/Archives/edgar/data/819050/000156459016014677/vicl-10k_20151231.htm"
    },
    {
        "date": "2015-09-30",
        "symbol": "BBI",
        "reportedCurrency": "USD",
        "cik": "0000819050",
        "fillingDate": "2015-10-30",
        "acceptedDate": "2015-10-30 16:42:03",
        "calendarYear": "2015",
        "period": "Q3",
        "revenue": 5017000,
        "costOfRevenue": 0,
        "grossProfit": 5017000,
        "grossProfitRatio": 1,
        "researchAndDevelopmentExpenses": 2128000,
        "generalAndAdministrativeExpenses": 3222000,
        "sellingAndMarketingExpenses": 1306000,
        "sellingGeneralAndAdministrativeExpenses": 4528000,
        "otherExpenses": -1306000,
        "operatingExpenses": 5350000,
        "costAndExpenses": 5350000,
        "interestIncome": 0,
        "interestExpense": 0,
        "depreciationAndAmortization": 289000,
        "ebitda": -11000,
        "ebitdaratio": -0.0021925453,
        "operatingIncome": -333000,
        "operatingIncomeRatio": -0.0663743273,
        "totalOtherIncomeExpensesNet": 33000,
        "incomeBeforeTax": -300000,
        "incomeBeforeTaxRatio": -0.0597966912,
        "incomeTaxExpense": 0,
        "netIncome": -300000,
        "netIncomeRatio": -0.0597966912,
        "eps": -10.28,
        "epsdiluted": -10.28,
        "weightedAverageShsOut": 29192,
        "weightedAverageShsOutDil": 29192,
        "link": "https://www.sec.gov/Archives/edgar/data/819050/000156459015009007/0001564590-15-009007-index.htm",
        "finalLink": "https://www.sec.gov/Archives/edgar/data/819050/000156459015009007/vicl-10q_20150930.htm"
    },
    {
        "date": "2015-06-30",
        "symbol": "BBI",
        "reportedCurrency": "USD",
        "cik": "0000819050",
        "fillingDate": "2015-07-30",
        "acceptedDate": "2015-07-30 13:49:22",
        "calendarYear": "2015",
        "period": "Q2",
        "revenue": 4176000,
        "costOfRevenue": 0,
        "grossProfit": 4176000,
        "grossProfitRatio": 1,
        "researchAndDevelopmentExpenses": 2457000,
        "generalAndAdministrativeExpenses": 4511000,
        "sellingAndMarketingExpenses": 2379000,
        "sellingGeneralAndAdministrativeExpenses": 6890000,
        "otherExpenses": -2379000,
        "operatingExpenses": 6968000,
        "costAndExpenses": 6968000,
        "interestIncome": 0,
        "interestExpense": 0,
        "depreciationAndAmortization": 294000,
        "ebitda": -2468000,
        "ebitdaratio": -0.5909961686,
        "operatingIncome": -2792000,
        "operatingIncomeRatio": -0.6685823755,
        "totalOtherIncomeExpensesNet": 30000,
        "incomeBeforeTax": -2762000,
        "incomeBeforeTaxRatio": -0.6613984674,
        "incomeTaxExpense": 0,
        "netIncome": -2762000,
        "netIncomeRatio": -0.6613984674,
        "eps": -94.68,
        "epsdiluted": -94.68,
        "weightedAverageShsOut": 29171,
        "weightedAverageShsOutDil": 29171,
        "link": "https://www.sec.gov/Archives/edgar/data/819050/000119312515270353/0001193125-15-270353-index.htm",
        "finalLink": "https://www.sec.gov/Archives/edgar/data/819050/000119312515270353/d934028d10q.htm"
    },
    {
        "date": "2015-03-31",
        "symbol": "BBI",
        "reportedCurrency": "USD",
        "cik": "0000819050",
        "fillingDate": "2015-05-08",
        "acceptedDate": "2015-05-08 16:59:25",
        "calendarYear": "2015",
        "period": "Q1",
        "revenue": 4944000,
        "costOfRevenue": 0,
        "grossProfit": 4944000,
        "grossProfitRatio": 1,
        "researchAndDevelopmentExpenses": 3637000,
        "generalAndAdministrativeExpenses": 5164000,
        "sellingAndMarketingExpenses": 2941000,
        "sellingGeneralAndAdministrativeExpenses": 8105000,
        "otherExpenses": -2941000,
        "operatingExpenses": 8801000,
        "costAndExpenses": 8801000,
        "interestIncome": 0,
        "interestExpense": 0,
        "depreciationAndAmortization": 301000,
        "ebitda": -3520000,
        "ebitdaratio": -0.71197411,
        "operatingIncome": -3857000,
        "operatingIncomeRatio": -0.7801375405,
        "totalOtherIncomeExpensesNet": 36000,
        "incomeBeforeTax": -3821000,
        "incomeBeforeTaxRatio": -0.7728559871,
        "incomeTaxExpense": 36000,
        "netIncome": -3821000,
        "netIncomeRatio": -0.7728559871,
        "eps": -132.46,
        "epsdiluted": -132.46,
        "weightedAverageShsOut": 28847,
        "weightedAverageShsOutDil": 28847,
        "link": "https://www.sec.gov/Archives/edgar/data/819050/000119312515179784/0001193125-15-179784-index.htm",
        "finalLink": "https://www.sec.gov/Archives/edgar/data/819050/000119312515179784/d899452d10q.htm"
    },
    {
        "date": "2014-12-31",
        "symbol": "BBI",
        "reportedCurrency": "USD",
        "cik": "0000819050",
        "fillingDate": "2015-02-26",
        "acceptedDate": "2015-02-26 17:10:01",
        "calendarYear": "2014",
        "period": "Q4",
        "revenue": 4823000,
        "costOfRevenue": 3367000,
        "grossProfit": 1456000,
        "grossProfitRatio": 0.3018867925,
        "researchAndDevelopmentExpenses": 3762000,
        "generalAndAdministrativeExpenses": 5743000,
        "sellingAndMarketingExpenses": 3367000,
        "sellingGeneralAndAdministrativeExpenses": 9110000,
        "otherExpenses": -3367000,
        "operatingExpenses": 9505000,
        "costAndExpenses": 12872000,
        "interestIncome": 0,
        "interestExpense": 0,
        "depreciationAndAmortization": 333000,
        "ebitda": -4300000,
        "ebitdaratio": -0.8915612689,
        "operatingIncome": -4682000,
        "operatingIncomeRatio": -0.970765084,
        "totalOtherIncomeExpensesNet": 49000,
        "incomeBeforeTax": -4633000,
        "incomeBeforeTaxRatio": -0.9606054323,
        "incomeTaxExpense": 0,
        "netIncome": -4633000,
        "netIncomeRatio": -0.9606054323,
        "eps": -161.03,
        "epsdiluted": -161.03,
        "weightedAverageShsOut": 28771,
        "weightedAverageShsOutDil": 28771,
        "link": "https://www.sec.gov/Archives/edgar/data/819050/000119312515065997/0001193125-15-065997-index.htm",
        "finalLink": "https://www.sec.gov/Archives/edgar/data/819050/000119312515065997/d839151d10k.htm"
    },
    {
        "date": "2014-09-30",
        "symbol": "BBI",
        "reportedCurrency": "USD",
        "cik": "0000819050",
        "fillingDate": "2014-11-03",
        "acceptedDate": "2014-11-03 15:46:18",
        "calendarYear": "2014",
        "period": "Q3",
        "revenue": 3442000,
        "costOfRevenue": 0,
        "grossProfit": 3442000,
        "grossProfitRatio": 1,
        "researchAndDevelopmentExpenses": 3180000,
        "generalAndAdministrativeExpenses": 4658000,
        "sellingAndMarketingExpenses": 0,
        "sellingGeneralAndAdministrativeExpenses": 4658000,
        "otherExpenses": 0,
        "operatingExpenses": 7838000,
        "costAndExpenses": 7838000,
        "interestIncome": 0,
        "interestExpense": 0,
        "depreciationAndAmortization": 390000,
        "ebitda": -3974000,
        "ebitdaratio": -1.1545613016,
        "operatingIncome": -4396000,
        "operatingIncomeRatio": -1.2771644393,
        "totalOtherIncomeExpensesNet": 32000,
        "incomeBeforeTax": -4364000,
        "incomeBeforeTaxRatio": -1.2678675189,
        "incomeTaxExpense": 32000,
        "netIncome": -4364000,
        "netIncomeRatio": -1.2678675189,
        "eps": -152.79,
        "epsdiluted": -152.79,
        "weightedAverageShsOut": 28563,
        "weightedAverageShsOutDil": 28563,
        "link": "https://www.sec.gov/Archives/edgar/data/819050/000119312514393958/0001193125-14-393958-index.htm",
        "finalLink": "https://www.sec.gov/Archives/edgar/data/819050/000119312514393958/d780949d10q.htm"
    },
    {
        "date": "2014-06-30",
        "symbol": "BBI",
        "reportedCurrency": "USD",
        "cik": "0000819050",
        "fillingDate": "2014-08-01",
        "acceptedDate": "2014-08-01 13:16:16",
        "calendarYear": "2014",
        "period": "Q2",
        "revenue": 4505000,
        "costOfRevenue": 0,
        "grossProfit": 4505000,
        "grossProfitRatio": 1,
        "researchAndDevelopmentExpenses": 2379000,
        "generalAndAdministrativeExpenses": 6191000,
        "sellingAndMarketingExpenses": 3650000,
        "sellingGeneralAndAdministrativeExpenses": 9841000,
        "otherExpenses": -3650000,
        "operatingExpenses": 8570000,
        "costAndExpenses": 8570000,
        "interestIncome": 0,
        "interestExpense": 0,
        "depreciationAndAmortization": 473000,
        "ebitda": -3567000,
        "ebitdaratio": -0.7917869034,
        "operatingIncome": -4065000,
        "operatingIncomeRatio": -0.9023307436,
        "totalOtherIncomeExpensesNet": 25000,
        "incomeBeforeTax": -4040000,
        "incomeBeforeTaxRatio": -0.8967813541,
        "incomeTaxExpense": 25000,
        "netIncome": -4040000,
        "netIncomeRatio": -0.8967813541,
        "eps": -145.74,
        "epsdiluted": -145.74,
        "weightedAverageShsOut": 27720,
        "weightedAverageShsOutDil": 27720,
        "link": "https://www.sec.gov/Archives/edgar/data/819050/000119312514291200/0001193125-14-291200-index.htm",
        "finalLink": "https://www.sec.gov/Archives/edgar/data/819050/000119312514291200/d750283d10q.htm"
    },
    {
        "date": "2014-03-31",
        "symbol": "BBI",
        "reportedCurrency": "USD",
        "cik": "0000819050",
        "fillingDate": "2014-05-02",
        "acceptedDate": "2014-05-02 13:40:29",
        "calendarYear": "2014",
        "period": "Q1",
        "revenue": 2447000,
        "costOfRevenue": 0,
        "grossProfit": 2447000,
        "grossProfitRatio": 1,
        "researchAndDevelopmentExpenses": 2146000,
        "generalAndAdministrativeExpenses": 3784000,
        "sellingAndMarketingExpenses": 1515000,
        "sellingGeneralAndAdministrativeExpenses": 5299000,
        "otherExpenses": -1515000,
        "operatingExpenses": 5930000,
        "costAndExpenses": 5930000,
        "interestIncome": 0,
        "interestExpense": 0,
        "depreciationAndAmortization": 467000,
        "ebitda": -2988000,
        "ebitdaratio": -1.2210870454,
        "operatingIncome": -3483000,
        "operatingIncomeRatio": -1.4233755619,
        "totalOtherIncomeExpensesNet": 28000,
        "incomeBeforeTax": -3455000,
        "incomeBeforeTaxRatio": -1.4119329792,
        "incomeTaxExpense": 28000,
        "netIncome": -3455000,
        "netIncomeRatio": -1.4119329792,
        "eps": -124.94,
        "epsdiluted": -124.94,
        "weightedAverageShsOut": 27653,
        "weightedAverageShsOutDil": 27653,
        "link": "https://www.sec.gov/Archives/edgar/data/819050/000119312514179659/0001193125-14-179659-index.htm",
        "finalLink": "https://www.sec.gov/Archives/edgar/data/819050/000119312514179659/d702429d10q.htm"
    },
    {
        "date": "2013-12-31",
        "symbol": "BBI",
        "reportedCurrency": "USD",
        "cik": "0000819050",
        "fillingDate": "2014-02-14",
        "acceptedDate": "2014-02-14 14:34:54",
        "calendarYear": "2013",
        "period": "Q4",
        "revenue": 3145000,
        "costOfRevenue": 1194000,
        "grossProfit": 1951000,
        "grossProfitRatio": 0.6203497615,
        "researchAndDevelopmentExpenses": 2478000,
        "generalAndAdministrativeExpenses": 2889000,
        "sellingAndMarketingExpenses": 1194000,
        "sellingGeneralAndAdministrativeExpenses": 4083000,
        "otherExpenses": -1194000,
        "operatingExpenses": 5367000,
        "costAndExpenses": 6561000,
        "interestIncome": 0,
        "interestExpense": 0,
        "depreciationAndAmortization": 482000,
        "ebitda": -1710000,
        "ebitdaratio": -0.5437201908,
        "operatingIncome": -2222000,
        "operatingIncomeRatio": -0.706518283,
        "totalOtherIncomeExpensesNet": 30000,
        "incomeBeforeTax": -2192000,
        "incomeBeforeTaxRatio": -0.6969793323,
        "incomeTaxExpense": 0,
        "netIncome": -2192000,
        "netIncomeRatio": -0.6969793323,
        "eps": -79.31,
        "epsdiluted": -79.31,
        "weightedAverageShsOut": 27639,
        "weightedAverageShsOutDil": 27639,
        "link": "https://www.sec.gov/Archives/edgar/data/819050/000119312514054318/0001193125-14-054318-index.htm",
        "finalLink": "https://www.sec.gov/Archives/edgar/data/819050/000119312514054318/d653567d10k.htm"
    },
    {
        "date": "2013-09-30",
        "symbol": "BBI",
        "reportedCurrency": "USD",
        "cik": "0000819050",
        "fillingDate": "2013-11-07",
        "acceptedDate": "2013-11-07 13:34:56",
        "calendarYear": "2013",
        "period": "Q3",
        "revenue": 1543000,
        "costOfRevenue": 3900000,
        "grossProfit": -2357000,
        "grossProfitRatio": -1.5275437459,
        "researchAndDevelopmentExpenses": 4500000,
        "generalAndAdministrativeExpenses": 7023000,
        "sellingAndMarketingExpenses": 3900000,
        "sellingGeneralAndAdministrativeExpenses": 10923000,
        "otherExpenses": -3900000,
        "operatingExpenses": 11523000,
        "costAndExpenses": 15423000,
        "interestIncome": 0,
        "interestExpense": 0,
        "depreciationAndAmortization": 708000,
        "ebitda": -9175000,
        "ebitdaratio": -5.9462086844,
        "operatingIncome": -9980000,
        "operatingIncomeRatio": -6.4679196371,
        "totalOtherIncomeExpensesNet": 97000,
        "incomeBeforeTax": -9883000,
        "incomeBeforeTaxRatio": -6.4050550875,
        "incomeTaxExpense": 97000,
        "netIncome": -9883000,
        "netIncomeRatio": -6.4050550875,
        "eps": -357.85,
        "epsdiluted": -357.85,
        "weightedAverageShsOut": 27618,
        "weightedAverageShsOutDil": 27618,
        "link": "https://www.sec.gov/Archives/edgar/data/819050/000119312513432388/0001193125-13-432388-index.htm",
        "finalLink": "https://www.sec.gov/Archives/edgar/data/819050/000119312513432388/d596202d10q.htm"
    },
    {
        "date": "2013-06-30",
        "symbol": "BBI",
        "reportedCurrency": "USD",
        "cik": "0000819050",
        "fillingDate": "2013-08-01",
        "acceptedDate": "2013-08-01 15:25:23",
        "calendarYear": "2013",
        "period": "Q2",
        "revenue": 1456000,
        "costOfRevenue": 3891000,
        "grossProfit": -2435000,
        "grossProfitRatio": -1.6723901099,
        "researchAndDevelopmentExpenses": 3930000,
        "generalAndAdministrativeExpenses": 7369000,
        "sellingAndMarketingExpenses": 3891000,
        "sellingGeneralAndAdministrativeExpenses": 11260000,
        "otherExpenses": -3891000,
        "operatingExpenses": 11299000,
        "costAndExpenses": 15190000,
        "interestIncome": 0,
        "interestExpense": 0,
        "depreciationAndAmortization": 517000,
        "ebitda": -9364000,
        "ebitdaratio": -6.4313186813,
        "operatingIncome": -9843000,
        "operatingIncomeRatio": -6.7603021978,
        "totalOtherIncomeExpensesNet": -38000,
        "incomeBeforeTax": -9881000,
        "incomeBeforeTaxRatio": -6.7864010989,
        "incomeTaxExpense": -38000,
        "netIncome": -9881000,
        "netIncomeRatio": -6.7864010989,
        "eps": -358.88,
        "epsdiluted": -358.88,
        "weightedAverageShsOut": 27533,
        "weightedAverageShsOutDil": 27533,
        "link": "https://www.sec.gov/Archives/edgar/data/819050/000119312513314932/0001193125-13-314932-index.htm",
        "finalLink": "https://www.sec.gov/Archives/edgar/data/819050/000119312513314932/d554396d10q.htm"
    },
    {
        "date": "2013-03-31",
        "symbol": "BBI",
        "reportedCurrency": "USD",
        "cik": "0000819050",
        "fillingDate": "2013-05-10",
        "acceptedDate": "2013-05-10 13:18:42",
        "calendarYear": "2013",
        "period": "Q1",
        "revenue": 1574000,
        "costOfRevenue": 0,
        "grossProfit": 1574000,
        "grossProfitRatio": 1,
        "researchAndDevelopmentExpenses": 3650000,
        "generalAndAdministrativeExpenses": 7231000,
        "sellingAndMarketingExpenses": 3713000,
        "sellingGeneralAndAdministrativeExpenses": 10944000,
        "otherExpenses": -3713000,
        "operatingExpenses": 10881000,
        "costAndExpenses": 10881000,
        "interestIncome": 0,
        "interestExpense": 0,
        "depreciationAndAmortization": 506000,
        "ebitda": -8776000,
        "ebitdaratio": -5.5756035578,
        "operatingIncome": -9307000,
        "operatingIncomeRatio": -5.9129606099,
        "totalOtherIncomeExpensesNet": 25000,
        "incomeBeforeTax": -9282000,
        "incomeBeforeTaxRatio": -5.8970775095,
        "incomeTaxExpense": 25000,
        "netIncome": -9282000,
        "netIncomeRatio": -5.8970775095,
        "eps": -337.48,
        "epsdiluted": -337.48,
        "weightedAverageShsOut": 27504,
        "weightedAverageShsOutDil": 27504,
        "link": "https://www.sec.gov/Archives/edgar/data/819050/000119312513213331/0001193125-13-213331-index.htm",
        "finalLink": "https://www.sec.gov/Archives/edgar/data/819050/000119312513213331/d501460d10q.htm"
    },
    {
        "date": "2012-12-31",
        "symbol": "BBI",
        "reportedCurrency": "USD",
        "cik": "0000819050",
        "fillingDate": "2013-02-15",
        "acceptedDate": "2013-02-15 14:14:27",
        "calendarYear": "2012",
        "period": "Q4",
        "revenue": 2319000,
        "costOfRevenue": 9258000,
        "grossProfit": -6939000,
        "grossProfitRatio": -2.9922380336,
        "researchAndDevelopmentExpenses": 3439000,
        "generalAndAdministrativeExpenses": 6456000,
        "sellingAndMarketingExpenses": 3797000,
        "sellingGeneralAndAdministrativeExpenses": 10253000,
        "otherExpenses": 5461000,
        "operatingExpenses": 19153000,
        "costAndExpenses": 9895000,
        "interestIncome": 0,
        "interestExpense": 0,
        "depreciationAndAmortization": 506000,
        "ebitda": -7043000,
        "ebitdaratio": -3.0370849504,
        "operatingIncome": -7576000,
        "operatingIncomeRatio": -3.2669253989,
        "totalOtherIncomeExpensesNet": 27000,
        "incomeBeforeTax": -7549000,
        "incomeBeforeTaxRatio": -3.2552824493,
        "incomeTaxExpense": 27000,
        "netIncome": -7549000,
        "netIncomeRatio": -3.2552824493,
        "eps": -274.9,
        "epsdiluted": -274.9,
        "weightedAverageShsOut": 27461,
        "weightedAverageShsOutDil": 27461,
        "link": "https://www.sec.gov/Archives/edgar/data/819050/000119312513062438/0001193125-13-062438-index.htm",
        "finalLink": "https://www.sec.gov/Archives/edgar/data/819050/000119312513062438/d444220d10k.htm"
    },
    {
        "date": "2012-09-30",
        "symbol": "BBI",
        "reportedCurrency": "USD",
        "cik": "0000819050",
        "fillingDate": "2012-11-07",
        "acceptedDate": "2012-11-07 16:54:08",
        "calendarYear": "2012",
        "period": "Q3",
        "revenue": 2175000,
        "costOfRevenue": 3853000,
        "grossProfit": -1678000,
        "grossProfitRatio": -0.7714942529,
        "researchAndDevelopmentExpenses": 3682000,
        "generalAndAdministrativeExpenses": 2420000,
        "sellingAndMarketingExpenses": 0,
        "sellingGeneralAndAdministrativeExpenses": 2420000,
        "otherExpenses": 0,
        "operatingExpenses": 6102000,
        "costAndExpenses": 9955000,
        "interestIncome": 0,
        "interestExpense": 0,
        "depreciationAndAmortization": 497000,
        "ebitda": -7229000,
        "ebitdaratio": -3.3236781609,
        "operatingIncome": -7780000,
        "operatingIncomeRatio": -3.5770114943,
        "totalOtherIncomeExpensesNet": 54000,
        "incomeBeforeTax": -7726000,
        "incomeBeforeTaxRatio": -3.552183908,
        "incomeTaxExpense": 54000,
        "netIncome": -7726000,
        "netIncomeRatio": -3.552183908,
        "eps": -281.65,
        "epsdiluted": -281.65,
        "weightedAverageShsOut": 27431,
        "weightedAverageShsOutDil": 27431,
        "link": "https://www.sec.gov/Archives/edgar/data/819050/000119312512457665/0001193125-12-457665-index.htm",
        "finalLink": "https://www.sec.gov/Archives/edgar/data/819050/000119312512457665/d398623d10q.htm"
    },
    {
        "date": "2012-06-30",
        "symbol": "BBI",
        "reportedCurrency": "USD",
        "cik": "0000819050",
        "fillingDate": "2012-08-08",
        "acceptedDate": "2012-08-08 15:01:57",
        "calendarYear": "2012",
        "period": "Q2",
        "revenue": 1565000,
        "costOfRevenue": 2933000,
        "grossProfit": -1368000,
        "grossProfitRatio": -0.8741214058,
        "researchAndDevelopmentExpenses": 3791000,
        "generalAndAdministrativeExpenses": 2778000,
        "sellingAndMarketingExpenses": 0,
        "sellingGeneralAndAdministrativeExpenses": 2778000,
        "otherExpenses": 0,
        "operatingExpenses": 6569000,
        "costAndExpenses": 9502000,
        "interestIncome": 0,
        "interestExpense": 0,
        "depreciationAndAmortization": 488000,
        "ebitda": -7380000,
        "ebitdaratio": -4.7156549521,
        "operatingIncome": -7937000,
        "operatingIncomeRatio": -5.0715654952,
        "totalOtherIncomeExpensesNet": 69000,
        "incomeBeforeTax": -7868000,
        "incomeBeforeTaxRatio": -5.0274760383,
        "incomeTaxExpense": 69000,
        "netIncome": -7868000,
        "netIncomeRatio": -5.0274760383,
        "eps": -287.25,
        "epsdiluted": -287.25,
        "weightedAverageShsOut": 27391,
        "weightedAverageShsOutDil": 27391,
        "link": "https://www.sec.gov/Archives/edgar/data/819050/000119312512343732/0001193125-12-343732-index.htm",
        "finalLink": "https://www.sec.gov/Archives/edgar/data/819050/000119312512343732/d352659d10q.htm"
    },
    {
        "date": "2012-03-31",
        "symbol": "BBI",
        "reportedCurrency": "USD",
        "cik": "0000819050",
        "fillingDate": "2012-05-02",
        "acceptedDate": "2012-05-02 16:10:30",
        "calendarYear": "2012",
        "period": "Q1",
        "revenue": 11460000,
        "costOfRevenue": 2472000,
        "grossProfit": 8988000,
        "grossProfitRatio": 0.7842931937,
        "researchAndDevelopmentExpenses": 6428000,
        "generalAndAdministrativeExpenses": 2700000,
        "sellingAndMarketingExpenses": 0,
        "sellingGeneralAndAdministrativeExpenses": 2700000,
        "otherExpenses": 0,
        "operatingExpenses": 9128000,
        "costAndExpenses": 11600000,
        "interestIncome": 0,
        "interestExpense": 0,
        "depreciationAndAmortization": 493000,
        "ebitda": 737000,
        "ebitdaratio": 0.0643106457,
        "operatingIncome": -140000,
        "operatingIncomeRatio": -0.0122164049,
        "totalOtherIncomeExpensesNet": 384000,
        "incomeBeforeTax": 244000,
        "incomeBeforeTaxRatio": 0.0212914485,
        "incomeTaxExpense": 0,
        "netIncome": 244000,
        "netIncomeRatio": 0.0212914485,
        "eps": 9.09,
        "epsdiluted": 8.92,
        "weightedAverageShsOut": 26831,
        "weightedAverageShsOutDil": 27340,
        "link": "https://www.sec.gov/Archives/edgar/data/819050/000119312512204516/0001193125-12-204516-index.htm",
        "finalLink": "https://www.sec.gov/Archives/edgar/data/819050/000119312512204516/d334423d10q.htm"
    },
    {
        "date": "2011-12-31",
        "symbol": "BBI",
        "reportedCurrency": "USD",
        "cik": "0000819050",
        "fillingDate": "2012-03-15",
        "acceptedDate": "2012-03-15 17:18:16",
        "calendarYear": "2011",
        "period": "Q4",
        "revenue": 1932000,
        "costOfRevenue": 2570000,
        "grossProfit": -638000,
        "grossProfitRatio": -0.3302277433,
        "researchAndDevelopmentExpenses": 3971000,
        "generalAndAdministrativeExpenses": 2437000,
        "sellingAndMarketingExpenses": 0,
        "sellingGeneralAndAdministrativeExpenses": 2437000,
        "otherExpenses": 0,
        "operatingExpenses": 6408000,
        "costAndExpenses": 8978000,
        "interestIncome": 0,
        "interestExpense": 0,
        "depreciationAndAmortization": 552000,
        "ebitda": -6062000,
        "ebitdaratio": -3.1376811594,
        "operatingIncome": -7046000,
        "operatingIncomeRatio": -3.6469979296,
        "totalOtherIncomeExpensesNet": 432000,
        "incomeBeforeTax": -6614000,
        "incomeBeforeTaxRatio": -3.4233954451,
        "incomeTaxExpense": 0,
        "netIncome": -6614000,
        "netIncomeRatio": -3.4233954451,
        "eps": -288.86,
        "epsdiluted": -288.86,
        "weightedAverageShsOut": 22897,
        "weightedAverageShsOutDil": 22897,
        "link": "https://www.sec.gov/Archives/edgar/data/819050/000119312512117647/0001193125-12-117647-index.htm",
        "finalLink": "https://www.sec.gov/Archives/edgar/data/819050/000119312512117647/d268604d10k.htm"
    },
    {
        "date": "2011-09-30",
        "symbol": "BBI",
        "reportedCurrency": "USD",
        "cik": "0000819050",
        "fillingDate": "2011-11-04",
        "acceptedDate": "2011-11-04 15:01:15",
        "calendarYear": "2011",
        "period": "Q3",
        "revenue": 26619000,
        "costOfRevenue": 2343000,
        "grossProfit": 24276000,
        "grossProfitRatio": 0.9119801645,
        "researchAndDevelopmentExpenses": 5505000,
        "generalAndAdministrativeExpenses": 2379000,
        "sellingAndMarketingExpenses": 0,
        "sellingGeneralAndAdministrativeExpenses": 2379000,
        "otherExpenses": 0,
        "operatingExpenses": 7884000,
        "costAndExpenses": 10227000,
        "interestIncome": 0,
        "interestExpense": 0,
        "depreciationAndAmortization": 587000,
        "ebitda": 16392000,
        "ebitdaratio": 0.6158007438,
        "operatingIncome": 16392000,
        "operatingIncomeRatio": 0.6158007438,
        "totalOtherIncomeExpensesNet": 39000,
        "incomeBeforeTax": 16431000,
        "incomeBeforeTaxRatio": 0.6172658627,
        "incomeTaxExpense": 39000,
        "netIncome": 16431000,
        "netIncomeRatio": 0.6172658627,
        "eps": 718.14,
        "epsdiluted": 701.91,
        "weightedAverageShsOut": 22880,
        "weightedAverageShsOutDil": 23409,
        "link": "https://www.sec.gov/Archives/edgar/data/819050/000119312511297206/0001193125-11-297206-index.htm",
        "finalLink": "https://www.sec.gov/Archives/edgar/data/819050/000119312511297206/d241352d10q.htm"
    },
    {
        "date": "2011-06-30",
        "symbol": "BBI",
        "reportedCurrency": "USD",
        "cik": "0000819050",
        "fillingDate": "2011-08-03",
        "acceptedDate": "2011-08-03 15:30:48",
        "calendarYear": "2011",
        "period": "Q2",
        "revenue": 818000,
        "costOfRevenue": 2606000,
        "grossProfit": -1788000,
        "grossProfitRatio": -2.1858190709,
        "researchAndDevelopmentExpenses": 4209000,
        "generalAndAdministrativeExpenses": 2454000,
        "sellingAndMarketingExpenses": 0,
        "sellingGeneralAndAdministrativeExpenses": 2454000,
        "otherExpenses": 0,
        "operatingExpenses": 6663000,
        "costAndExpenses": 9269000,
        "interestIncome": 0,
        "interestExpense": 0,
        "depreciationAndAmortization": 580000,
        "ebitda": -7826000,
        "ebitdaratio": -9.5672371638,
        "operatingIncome": -8451000,
        "operatingIncomeRatio": -10.3312958435,
        "totalOtherIncomeExpensesNet": 45000,
        "incomeBeforeTax": -8406000,
        "incomeBeforeTaxRatio": -10.2762836186,
        "incomeTaxExpense": 45000,
        "netIncome": -8406000,
        "netIncomeRatio": -10.2762836186,
        "eps": -367.97,
        "epsdiluted": -367.97,
        "weightedAverageShsOut": 22844,
        "weightedAverageShsOutDil": 22844,
        "link": "https://www.sec.gov/Archives/edgar/data/819050/000119312511208067/0001193125-11-208067-index.htm",
        "finalLink": "https://www.sec.gov/Archives/edgar/data/819050/000119312511208067/d10q.htm"
    },
    {
        "date": "2011-03-31",
        "symbol": "BBI",
        "reportedCurrency": "USD",
        "cik": "0000819050",
        "fillingDate": "2011-05-06",
        "acceptedDate": "2011-05-06 11:19:56",
        "calendarYear": "2011",
        "period": "Q1",
        "revenue": 649000,
        "costOfRevenue": 2748000,
        "grossProfit": -2099000,
        "grossProfitRatio": -3.2342064715,
        "researchAndDevelopmentExpenses": 4290000,
        "generalAndAdministrativeExpenses": 2328000,
        "sellingAndMarketingExpenses": 0,
        "sellingGeneralAndAdministrativeExpenses": 2328000,
        "otherExpenses": 0,
        "operatingExpenses": 6618000,
        "costAndExpenses": 9366000,
        "interestIncome": 0,
        "interestExpense": 0,
        "depreciationAndAmortization": 579000,
        "ebitda": -8115000,
        "ebitdaratio": -12.5038520801,
        "operatingIncome": -8717000,
        "operatingIncomeRatio": -13.4314329738,
        "totalOtherIncomeExpensesNet": 23000,
        "incomeBeforeTax": -8694000,
        "incomeBeforeTaxRatio": -13.3959938367,
        "incomeTaxExpense": 23000,
        "netIncome": -8694000,
        "netIncomeRatio": -13.3959938367,
        "eps": -380.93,
        "epsdiluted": -380.93,
        "weightedAverageShsOut": 22823,
        "weightedAverageShsOutDil": 22823,
        "link": "https://www.sec.gov/Archives/edgar/data/819050/000119312511130015/0001193125-11-130015-index.htm",
        "finalLink": "https://www.sec.gov/Archives/edgar/data/819050/000119312511130015/d10q.htm"
    },
    {
        "date": "2010-12-31",
        "symbol": "BBI",
        "reportedCurrency": "USD",
        "cik": "0000819050",
        "fillingDate": "2011-03-04",
        "acceptedDate": "2011-03-04 17:24:48",
        "calendarYear": "2010",
        "period": "Q4",
        "revenue": 2916000,
        "costOfRevenue": 11436000,
        "grossProfit": -8520000,
        "grossProfitRatio": -2.9218106996,
        "researchAndDevelopmentExpenses": 4969000,
        "generalAndAdministrativeExpenses": 2325000,
        "sellingAndMarketingExpenses": 0,
        "sellingGeneralAndAdministrativeExpenses": -6218000,
        "otherExpenses": 0,
        "operatingExpenses": -1249000,
        "costAndExpenses": 10187000,
        "interestIncome": 0,
        "interestExpense": 0,
        "depreciationAndAmortization": 702000,
        "ebitda": -1276000,
        "ebitdaratio": -0.4375857339,
        "operatingIncome": -7271000,
        "operatingIncomeRatio": -2.493484225,
        "totalOtherIncomeExpensesNet": 8101000,
        "incomeBeforeTax": 830000,
        "incomeBeforeTaxRatio": 0.2846364883,
        "incomeTaxExpense": -23625000,
        "netIncome": -6760000,
        "netIncomeRatio": -2.3182441701,
        "eps": -296.19,
        "epsdiluted": -296.19,
        "weightedAverageShsOut": 22823,
        "weightedAverageShsOutDil": 22823,
        "link": "https://www.sec.gov/Archives/edgar/data/819050/000119312511056436/0001193125-11-056436-index.htm",
        "finalLink": "https://www.sec.gov/Archives/edgar/data/819050/000119312511056436/d10k.htm"
    },
    {
        "date": "2010-09-30",
        "symbol": "BBI",
        "reportedCurrency": "USD",
        "cik": "0000819050",
        "fillingDate": "2010-11-09",
        "acceptedDate": "2010-11-09 12:39:12",
        "calendarYear": "2010",
        "period": "Q3",
        "revenue": 2257000,
        "costOfRevenue": 0,
        "grossProfit": 2257000,
        "grossProfitRatio": 1,
        "researchAndDevelopmentExpenses": 4658000,
        "generalAndAdministrativeExpenses": 2102000,
        "sellingAndMarketingExpenses": 2307000,
        "sellingGeneralAndAdministrativeExpenses": 4409000,
        "otherExpenses": 0,
        "operatingExpenses": 9067000,
        "costAndExpenses": 9067000,
        "interestIncome": 0,
        "interestExpense": 0,
        "depreciationAndAmortization": 706000,
        "ebitda": -6061000,
        "ebitdaratio": -2.685423128,
        "operatingIncome": -6810000,
        "operatingIncomeRatio": -3.0172795747,
        "totalOtherIncomeExpensesNet": 43000,
        "incomeBeforeTax": -6767000,
        "incomeBeforeTaxRatio": -2.9982277359,
        "incomeTaxExpense": 43000,
        "netIncome": -6767000,
        "netIncomeRatio": -2.9982277359,
        "eps": -375.65,
        "epsdiluted": -375.65,
        "weightedAverageShsOut": 18014,
        "weightedAverageShsOutDil": 18014,
        "link": "https://www.sec.gov/Archives/edgar/data/819050/000119312510253727/0001193125-10-253727-index.htm",
        "finalLink": "https://www.sec.gov/Archives/edgar/data/819050/000119312510253727/d10q.htm"
    },
    {
        "date": "2010-06-30",
        "symbol": "BBI",
        "reportedCurrency": "USD",
        "cik": "0000819050",
        "fillingDate": "2010-08-06",
        "acceptedDate": "2010-08-06 13:15:54",
        "calendarYear": "2010",
        "period": "Q2",
        "revenue": 2075000,
        "costOfRevenue": 0,
        "grossProfit": 2075000,
        "grossProfitRatio": 1,
        "researchAndDevelopmentExpenses": 4963000,
        "generalAndAdministrativeExpenses": 2186000,
        "sellingAndMarketingExpenses": 3431000,
        "sellingGeneralAndAdministrativeExpenses": 5617000,
        "otherExpenses": 0,
        "operatingExpenses": 10580000,
        "costAndExpenses": 10580000,
        "interestIncome": 0,
        "interestExpense": 0,
        "depreciationAndAmortization": 703000,
        "ebitda": -7677000,
        "ebitdaratio": -3.6997590361,
        "operatingIncome": -8505000,
        "operatingIncomeRatio": -4.0987951807,
        "totalOtherIncomeExpensesNet": 125000,
        "incomeBeforeTax": -8380000,
        "incomeBeforeTaxRatio": -4.0385542169,
        "incomeTaxExpense": 0,
        "netIncome": -8380000,
        "netIncomeRatio": -4.0385542169,
        "eps": -468.31,
        "epsdiluted": -468.31,
        "weightedAverageShsOut": 17894,
        "weightedAverageShsOutDil": 17894,
        "link": "https://www.sec.gov/Archives/edgar/data/819050/000119312510180957/0001193125-10-180957-index.htm",
        "finalLink": "https://www.sec.gov/Archives/edgar/data/819050/000119312510180957/d10q.htm"
    },
    {
        "date": "2010-03-31",
        "symbol": "BBI",
        "reportedCurrency": "USD",
        "cik": "0000819050",
        "fillingDate": "2010-05-07",
        "acceptedDate": "2010-05-07 14:01:40",
        "calendarYear": "2010",
        "period": "Q1",
        "revenue": 1463000,
        "costOfRevenue": 0,
        "grossProfit": 1463000,
        "grossProfitRatio": 1,
        "researchAndDevelopmentExpenses": 5102000,
        "generalAndAdministrativeExpenses": 2185000,
        "sellingAndMarketingExpenses": 2805000,
        "sellingGeneralAndAdministrativeExpenses": 4990000,
        "otherExpenses": 0,
        "operatingExpenses": 10092000,
        "costAndExpenses": 10092000,
        "interestIncome": 0,
        "interestExpense": 0,
        "depreciationAndAmortization": 697000,
        "ebitda": -8629000,
        "ebitdaratio": -5.8981544771,
        "operatingIncome": -8629000,
        "operatingIncomeRatio": -5.8981544771,
        "totalOtherIncomeExpensesNet": 151000,
        "incomeBeforeTax": -8478000,
        "incomeBeforeTaxRatio": -5.7949419002,
        "incomeTaxExpense": 0,
        "netIncome": -8478000,
        "netIncomeRatio": -5.7949419002,
        "eps": -482.94,
        "epsdiluted": -482.94,
        "weightedAverageShsOut": 17555,
        "weightedAverageShsOutDil": 17555,
        "link": "https://www.sec.gov/Archives/edgar/data/819050/000119312510112570/0001193125-10-112570-index.htm",
        "finalLink": "https://www.sec.gov/Archives/edgar/data/819050/000119312510112570/d10q.htm"
    },
    {
        "date": "2009-12-31",
        "symbol": "BBI",
        "reportedCurrency": "USD",
        "cik": "0000819050",
        "fillingDate": "2010-02-25",
        "acceptedDate": "2010-02-25 16:09:22",
        "calendarYear": "2009",
        "period": "Q4",
        "revenue": 2555000,
        "costOfRevenue": 0,
        "grossProfit": 2555000,
        "grossProfitRatio": 1,
        "researchAndDevelopmentExpenses": 6168000,
        "generalAndAdministrativeExpenses": 1914000,
        "sellingAndMarketingExpenses": 1887000,
        "sellingGeneralAndAdministrativeExpenses": 3801000,
        "otherExpenses": 0,
        "operatingExpenses": 9969000,
        "costAndExpenses": 9969000,
        "interestIncome": 0,
        "interestExpense": -4000,
        "depreciationAndAmortization": 640000,
        "ebitda": -1963000,
        "ebitdaratio": -0.768297456,
        "operatingIncome": -7414000,
        "operatingIncomeRatio": -2.9017612524,
        "totalOtherIncomeExpensesNet": 7444000,
        "incomeBeforeTax": 30000,
        "incomeBeforeTaxRatio": 0.011741683,
        "incomeTaxExpense": -21249000,
        "netIncome": -7309000,
        "netIncomeRatio": -2.860665362,
        "eps": -416.35,
        "epsdiluted": -416.35,
        "weightedAverageShsOut": 17555,
        "weightedAverageShsOutDil": 17555,
        "link": "https://www.sec.gov/Archives/edgar/data/819050/000119312510040666/0001193125-10-040666-index.htm",
        "finalLink": "https://www.sec.gov/Archives/edgar/data/819050/000119312510040666/d10k.htm"
    },
    {
        "date": "2009-09-30",
        "symbol": "BBI",
        "reportedCurrency": "USD",
        "cik": "0000819050",
        "fillingDate": "2009-11-06",
        "acceptedDate": "2009-11-06 14:15:21",
        "calendarYear": "2009",
        "period": "Q3",
        "revenue": 3903000,
        "costOfRevenue": 0,
        "grossProfit": 3903000,
        "grossProfitRatio": 1,
        "researchAndDevelopmentExpenses": 5405000,
        "generalAndAdministrativeExpenses": 1768000,
        "sellingAndMarketingExpenses": 3779000,
        "sellingGeneralAndAdministrativeExpenses": 5547000,
        "otherExpenses": 0,
        "operatingExpenses": 10952000,
        "costAndExpenses": 10952000,
        "interestIncome": 0,
        "interestExpense": 0,
        "depreciationAndAmortization": 650000,
        "ebitda": -6335000,
        "ebitdaratio": -1.6231104279,
        "operatingIncome": -7049000,
        "operatingIncomeRatio": -1.8060466308,
        "totalOtherIncomeExpensesNet": 64000,
        "incomeBeforeTax": -6985000,
        "incomeBeforeTaxRatio": -1.789648988,
        "incomeTaxExpense": 64000,
        "netIncome": -6985000,
        "netIncomeRatio": -1.789648988,
        "eps": -430.51,
        "epsdiluted": -430.51,
        "weightedAverageShsOut": 16225,
        "weightedAverageShsOutDil": 16225,
        "link": "https://www.sec.gov/Archives/edgar/data/819050/000119312509227229/0001193125-09-227229-index.htm",
        "finalLink": "https://www.sec.gov/Archives/edgar/data/819050/000119312509227229/d10q.htm"
    },
    {
        "date": "2009-06-30",
        "symbol": "BBI",
        "reportedCurrency": "USD",
        "cik": "0000819050",
        "fillingDate": "2009-08-07",
        "acceptedDate": "2009-08-07 11:30:49",
        "calendarYear": "2009",
        "period": "Q2",
        "revenue": 3978000,
        "costOfRevenue": 0,
        "grossProfit": 3978000,
        "grossProfitRatio": 1,
        "researchAndDevelopmentExpenses": 5655000,
        "generalAndAdministrativeExpenses": 1886000,
        "sellingAndMarketingExpenses": 2244000,
        "sellingGeneralAndAdministrativeExpenses": 4130000,
        "otherExpenses": 0,
        "operatingExpenses": 9785000,
        "costAndExpenses": 9785000,
        "interestIncome": 0,
        "interestExpense": 1000,
        "depreciationAndAmortization": 646000,
        "ebitda": -5807000,
        "ebitdaratio": -1.4597787833,
        "operatingIncome": -5807000,
        "operatingIncomeRatio": -1.4597787833,
        "totalOtherIncomeExpensesNet": -213000,
        "incomeBeforeTax": -6020000,
        "incomeBeforeTaxRatio": -1.513323278,
        "incomeTaxExpense": 0,
        "netIncome": -6020000,
        "netIncomeRatio": -1.513323278,
        "eps": -427.37,
        "epsdiluted": -427.37,
        "weightedAverageShsOut": 14086,
        "weightedAverageShsOutDil": 14086,
        "link": "https://www.sec.gov/Archives/edgar/data/819050/000119312509168546/0001193125-09-168546-index.htm",
        "finalLink": "https://www.sec.gov/Archives/edgar/data/819050/000119312509168546/d10q.htm"
    },
    {
        "date": "2009-03-31",
        "symbol": "BBI",
        "reportedCurrency": "USD",
        "cik": "0000819050",
        "fillingDate": "2009-05-08",
        "acceptedDate": "2009-05-08 13:42:08",
        "calendarYear": "2009",
        "period": "Q1",
        "revenue": 2250000,
        "costOfRevenue": 0,
        "grossProfit": 2250000,
        "grossProfitRatio": 1,
        "researchAndDevelopmentExpenses": 6221000,
        "generalAndAdministrativeExpenses": 1901000,
        "sellingAndMarketingExpenses": 2444000,
        "sellingGeneralAndAdministrativeExpenses": 4345000,
        "otherExpenses": 0,
        "operatingExpenses": 10566000,
        "costAndExpenses": 10566000,
        "interestIncome": 0,
        "interestExpense": 1000,
        "depreciationAndAmortization": 693000,
        "ebitda": -7550000,
        "ebitdaratio": -3.3555555556,
        "operatingIncome": -8316000,
        "operatingIncomeRatio": -3.696,
        "totalOtherIncomeExpensesNet": 72000,
        "incomeBeforeTax": -8244000,
        "incomeBeforeTaxRatio": -3.664,
        "incomeTaxExpense": 74000,
        "netIncome": -8244000,
        "netIncomeRatio": -3.664,
        "eps": -641.56,
        "epsdiluted": -641.56,
        "weightedAverageShsOut": 12850,
        "weightedAverageShsOutDil": 12850,
        "link": "https://www.sec.gov/Archives/edgar/data/819050/000119312509105058/0001193125-09-105058-index.htm",
        "finalLink": "https://www.sec.gov/Archives/edgar/data/819050/000119312509105058/d10q.htm"
    },
    {
        "date": "2008-12-31",
        "symbol": "BBI",
        "reportedCurrency": "USD",
        "cik": "0000819050",
        "fillingDate": "2009-03-03",
        "acceptedDate": "2009-03-03 16:56:20",
        "calendarYear": "2008",
        "period": "Q4",
        "revenue": 2625000,
        "costOfRevenue": -816000,
        "grossProfit": 3441000,
        "grossProfitRatio": 1.3108571429,
        "researchAndDevelopmentExpenses": 6248000,
        "generalAndAdministrativeExpenses": 8721000,
        "sellingAndMarketingExpenses": 4607000,
        "sellingGeneralAndAdministrativeExpenses": 13328000,
        "otherExpenses": 11046000,
        "operatingExpenses": 19576000,
        "costAndExpenses": 10804000,
        "interestIncome": 364000,
        "interestExpense": 21000,
        "depreciationAndAmortization": 730000,
        "ebitda": -1691000,
        "ebitdaratio": -0.6441904762,
        "operatingIncome": -8179000,
        "operatingIncomeRatio": -3.1158095238,
        "totalOtherIncomeExpensesNet": 8647000,
        "incomeBeforeTax": 468000,
        "incomeBeforeTaxRatio": 0.1782857143,
        "incomeTaxExpense": -27872000,
        "netIncome": -9024000,
        "netIncomeRatio": -3.4377142857,
        "eps": -702.26,
        "epsdiluted": -702.26,
        "weightedAverageShsOut": 12850,
        "weightedAverageShsOutDil": 12850,
        "link": "https://www.sec.gov/Archives/edgar/data/819050/000119312509043742/0001193125-09-043742-index.htm",
        "finalLink": "https://www.sec.gov/Archives/edgar/data/819050/000119312509043742/d10k.htm"
    },
    {
        "date": "2008-09-30",
        "symbol": "BBI",
        "reportedCurrency": "USD",
        "cik": "0000819050",
        "fillingDate": "2008-11-07",
        "acceptedDate": "2008-11-07 16:23:10",
        "calendarYear": "2008",
        "period": "Q3",
        "revenue": 844000,
        "costOfRevenue": 2716000,
        "grossProfit": -1872000,
        "grossProfitRatio": -2.2180094787,
        "researchAndDevelopmentExpenses": 6226000,
        "generalAndAdministrativeExpenses": 2087000,
        "sellingAndMarketingExpenses": 0,
        "sellingGeneralAndAdministrativeExpenses": 2087000,
        "otherExpenses": 0,
        "operatingExpenses": 8313000,
        "costAndExpenses": 11029000,
        "interestIncome": 364000,
        "interestExpense": -4000,
        "depreciationAndAmortization": 693000,
        "ebitda": -10185000,
        "ebitdaratio": -12.067535545,
        "operatingIncome": -10185000,
        "operatingIncomeRatio": -12.067535545,
        "totalOtherIncomeExpensesNet": 360000,
        "incomeBeforeTax": -9825000,
        "incomeBeforeTaxRatio": -11.6409952607,
        "incomeTaxExpense": 0,
        "netIncome": -9825000,
        "netIncomeRatio": -11.6409952607,
        "eps": -767.04,
        "epsdiluted": -767.04,
        "weightedAverageShsOut": 12809,
        "weightedAverageShsOutDil": 12809,
        "link": "https://www.sec.gov/Archives/edgar/data/819050/000119312508230049/0001193125-08-230049-index.htm",
        "finalLink": "https://www.sec.gov/Archives/edgar/data/819050/000119312508230049/d10q.htm"
    },
    {
        "date": "2008-06-30",
        "symbol": "BBI",
        "reportedCurrency": "USD",
        "cik": "0000819050",
        "fillingDate": "2008-08-08",
        "acceptedDate": "2008-08-08 15:18:24",
        "calendarYear": "2008",
        "period": "Q2",
        "revenue": 2547000,
        "costOfRevenue": 2950000,
        "grossProfit": -403000,
        "grossProfitRatio": -0.1582253632,
        "researchAndDevelopmentExpenses": 6464000,
        "generalAndAdministrativeExpenses": 2017000,
        "sellingAndMarketingExpenses": 0,
        "sellingGeneralAndAdministrativeExpenses": 2017000,
        "otherExpenses": 0,
        "operatingExpenses": 8481000,
        "costAndExpenses": 11431000,
        "interestIncome": 0,
        "interestExpense": -5000,
        "depreciationAndAmortization": 704000,
        "ebitda": -8884000,
        "ebitdaratio": -3.4880251276,
        "operatingIncome": -8884000,
        "operatingIncomeRatio": -3.4880251276,
        "totalOtherIncomeExpensesNet": 402000,
        "incomeBeforeTax": -8482000,
        "incomeBeforeTaxRatio": -3.3301923832,
        "incomeTaxExpense": 0,
        "netIncome": -8482000,
        "netIncomeRatio": -3.3301923832,
        "eps": -676.67,
        "epsdiluted": -676.67,
        "weightedAverageShsOut": 12535,
        "weightedAverageShsOutDil": 12535,
        "link": "https://www.sec.gov/Archives/edgar/data/819050/000119312508171822/0001193125-08-171822-index.htm",
        "finalLink": "https://www.sec.gov/Archives/edgar/data/819050/000119312508171822/d10q.htm"
    },
    {
        "date": "2008-03-31",
        "symbol": "BBI",
        "reportedCurrency": "USD",
        "cik": "0000819050",
        "fillingDate": "2008-05-12",
        "acceptedDate": "2008-05-12 13:32:52",
        "calendarYear": "2008",
        "period": "Q1",
        "revenue": 1940000,
        "costOfRevenue": 3106000,
        "grossProfit": -1166000,
        "grossProfitRatio": -0.6010309278,
        "researchAndDevelopmentExpenses": 6594000,
        "generalAndAdministrativeExpenses": 2335000,
        "sellingAndMarketingExpenses": 0,
        "sellingGeneralAndAdministrativeExpenses": 2335000,
        "otherExpenses": 0,
        "operatingExpenses": 8929000,
        "costAndExpenses": 12035000,
        "interestIncome": 0,
        "interestExpense": -10000,
        "depreciationAndAmortization": 741000,
        "ebitda": -10095000,
        "ebitdaratio": -5.2036082474,
        "operatingIncome": -10095000,
        "operatingIncomeRatio": -5.2036082474,
        "totalOtherIncomeExpensesNet": 530000,
        "incomeBeforeTax": -9565000,
        "incomeBeforeTaxRatio": -4.9304123711,
        "incomeTaxExpense": 0,
        "netIncome": -9565000,
        "netIncomeRatio": -4.9304123711,
        "eps": -768.27,
        "epsdiluted": -768.27,
        "weightedAverageShsOut": 12450,
        "weightedAverageShsOutDil": 12450,
        "link": "https://www.sec.gov/Archives/edgar/data/819050/000119312508111220/0001193125-08-111220-index.htm",
        "finalLink": "https://www.sec.gov/Archives/edgar/data/819050/000119312508111220/d10q.htm"
    },
    {
        "date": "2007-12-31",
        "symbol": "BBI",
        "reportedCurrency": "USD",
        "cik": "0000819050",
        "fillingDate": "2008-03-03",
        "acceptedDate": "2008-02-29 19:31:56",
        "calendarYear": "2007",
        "period": "Q4",
        "revenue": 771000,
        "costOfRevenue": -5522000,
        "grossProfit": 6293000,
        "grossProfitRatio": 8.1621271077,
        "researchAndDevelopmentExpenses": 5620000,
        "generalAndAdministrativeExpenses": 9078000,
        "sellingAndMarketingExpenses": 6937000,
        "sellingGeneralAndAdministrativeExpenses": 16015000,
        "otherExpenses": 13762000,
        "operatingExpenses": 21635000,
        "costAndExpenses": 10601000,
        "interestIncome": 2184000,
        "interestExpense": 96000,
        "depreciationAndAmortization": 761000,
        "ebitda": 1865000,
        "ebitdaratio": 2.4189364462,
        "operatingIncome": -9830000,
        "operatingIncomeRatio": -12.7496757458,
        "totalOtherIncomeExpensesNet": 14294000,
        "incomeBeforeTax": 4464000,
        "incomeBeforeTaxRatio": 5.7898832685,
        "incomeTaxExpense": -27033000,
        "netIncome": -8861000,
        "netIncomeRatio": -11.4928664073,
        "eps": -711.73,
        "epsdiluted": -711.73,
        "weightedAverageShsOut": 12450,
        "weightedAverageShsOutDil": 12450,
        "link": "https://www.sec.gov/Archives/edgar/data/819050/000119312508044028/0001193125-08-044028-index.htm",
        "finalLink": "https://www.sec.gov/Archives/edgar/data/819050/000119312508044028/d10k.htm"
    },
    {
        "date": "2007-09-30",
        "symbol": "BBI",
        "reportedCurrency": "USD",
        "cik": "0000819050",
        "fillingDate": "2007-11-09",
        "acceptedDate": "2007-11-08 19:18:16",
        "calendarYear": "2007",
        "period": "Q3",
        "revenue": 375000,
        "costOfRevenue": 2871000,
        "grossProfit": -2496000,
        "grossProfitRatio": -6.656,
        "researchAndDevelopmentExpenses": 5580000,
        "generalAndAdministrativeExpenses": 2192000,
        "sellingAndMarketingExpenses": 0,
        "sellingGeneralAndAdministrativeExpenses": 2192000,
        "otherExpenses": 0,
        "operatingExpenses": 7772000,
        "costAndExpenses": 10643000,
        "interestIncome": 1048000,
        "interestExpense": -19000,
        "depreciationAndAmortization": 789000,
        "ebitda": -10268000,
        "ebitdaratio": -27.3813333333,
        "operatingIncome": -10268000,
        "operatingIncomeRatio": -27.3813333333,
        "totalOtherIncomeExpensesNet": 1029000,
        "incomeBeforeTax": -9239000,
        "incomeBeforeTaxRatio": -24.6373333333,
        "incomeTaxExpense": 0,
        "netIncome": -9239000,
        "netIncomeRatio": -24.6373333333,
        "eps": -742.57,
        "epsdiluted": -742.57,
        "weightedAverageShsOut": 12442,
        "weightedAverageShsOutDil": 12442,
        "link": "https://www.sec.gov/Archives/edgar/data/819050/000119312507240691/0001193125-07-240691-index.htm",
        "finalLink": "https://www.sec.gov/Archives/edgar/data/819050/000119312507240691/d10q.htm"
    },
    {
        "date": "2007-06-30",
        "symbol": "BBI",
        "reportedCurrency": "USD",
        "cik": "0000819050",
        "fillingDate": "2007-08-08",
        "acceptedDate": "2007-08-08 14:32:00",
        "calendarYear": "2007",
        "period": "Q2",
        "revenue": 3111000,
        "costOfRevenue": 4216000,
        "grossProfit": -1105000,
        "grossProfitRatio": -0.3551912568,
        "researchAndDevelopmentExpenses": 5859000,
        "generalAndAdministrativeExpenses": 2340000,
        "sellingAndMarketingExpenses": 0,
        "sellingGeneralAndAdministrativeExpenses": 2340000,
        "otherExpenses": 0,
        "operatingExpenses": 8199000,
        "costAndExpenses": 12415000,
        "interestIncome": 1136000,
        "interestExpense": -29000,
        "depreciationAndAmortization": 818000,
        "ebitda": -9304000,
        "ebitdaratio": -2.9906782385,
        "operatingIncome": -9304000,
        "operatingIncomeRatio": -2.9906782385,
        "totalOtherIncomeExpensesNet": 1107000,
        "incomeBeforeTax": -8197000,
        "incomeBeforeTaxRatio": -2.6348441016,
        "incomeTaxExpense": 0,
        "netIncome": -8197000,
        "netIncomeRatio": -2.6348441016,
        "eps": -658.87,
        "epsdiluted": -658.87,
        "weightedAverageShsOut": 12441,
        "weightedAverageShsOutDil": 12441,
        "link": "https://www.sec.gov/Archives/edgar/data/819050/000119312507175353/0001193125-07-175353-index.htm",
        "finalLink": "https://www.sec.gov/Archives/edgar/data/819050/000119312507175353/d10q.htm"
    },
    {
        "date": "2007-03-31",
        "symbol": "BBI",
        "reportedCurrency": "USD",
        "cik": "0000819050",
        "fillingDate": "2007-05-10",
        "acceptedDate": "2007-05-09 18:49:45",
        "calendarYear": "2007",
        "period": "Q1",
        "revenue": 1255000,
        "costOfRevenue": 3947000,
        "grossProfit": -2692000,
        "grossProfitRatio": -2.1450199203,
        "researchAndDevelopmentExpenses": 5875000,
        "generalAndAdministrativeExpenses": 2293000,
        "sellingAndMarketingExpenses": 0,
        "sellingGeneralAndAdministrativeExpenses": 2293000,
        "otherExpenses": 0,
        "operatingExpenses": 8168000,
        "costAndExpenses": 12115000,
        "interestIncome": 0,
        "interestExpense": -38000,
        "depreciationAndAmortization": 896000,
        "ebitda": -10860000,
        "ebitdaratio": -8.6533864542,
        "operatingIncome": -10860000,
        "operatingIncomeRatio": -8.6533864542,
        "totalOtherIncomeExpensesNet": 1263000,
        "incomeBeforeTax": -9597000,
        "incomeBeforeTaxRatio": -7.6470119522,
        "incomeTaxExpense": 0,
        "netIncome": -9597000,
        "netIncomeRatio": -7.6470119522,
        "eps": -771.59,
        "epsdiluted": -771.59,
        "weightedAverageShsOut": 12438,
        "weightedAverageShsOutDil": 12438,
        "link": "https://www.sec.gov/Archives/edgar/data/819050/000119312507108514/0001193125-07-108514-index.htm",
        "finalLink": "https://www.sec.gov/Archives/edgar/data/819050/000119312507108514/d10q.htm"
    },
    {
        "date": "2006-12-31",
        "symbol": "BBI",
        "reportedCurrency": "USD",
        "cik": "0000819050",
        "fillingDate": "2007-02-23",
        "acceptedDate": "2007-02-23 16:36:08",
        "calendarYear": "2006",
        "period": "Q4",
        "revenue": 1303000,
        "costOfRevenue": 7398000,
        "grossProfit": -6095000,
        "grossProfitRatio": -4.6776669225,
        "researchAndDevelopmentExpenses": 5661000,
        "generalAndAdministrativeExpenses": 9055000,
        "sellingAndMarketingExpenses": 6836000,
        "sellingGeneralAndAdministrativeExpenses": 15891000,
        "otherExpenses": 13588000,
        "operatingExpenses": 21552000,
        "costAndExpenses": 10602000,
        "interestIncome": 2117000,
        "interestExpense": 272000,
        "depreciationAndAmortization": 818000,
        "ebitda": 804000,
        "ebitdaratio": 0.6170376055,
        "operatingIncome": -9299000,
        "operatingIncomeRatio": -7.1366078281,
        "totalOtherIncomeExpensesNet": 12840000,
        "incomeBeforeTax": 3541000,
        "incomeBeforeTaxRatio": 2.7175748273,
        "incomeTaxExpense": -15226000,
        "netIncome": -7922000,
        "netIncomeRatio": -6.0798158097,
        "eps": -636.87,
        "epsdiluted": -636.87,
        "weightedAverageShsOut": 12439,
        "weightedAverageShsOutDil": 12439,
        "link": "https://www.sec.gov/Archives/edgar/data/819050/000119312507038399/0001193125-07-038399-index.htm",
        "finalLink": "https://www.sec.gov/Archives/edgar/data/819050/000119312507038399/d10k.htm"
    },
    {
        "date": "2006-09-30",
        "symbol": "BBI",
        "reportedCurrency": "USD",
        "cik": "0000819050",
        "fillingDate": "2006-11-09",
        "acceptedDate": "2006-11-08 18:58:26",
        "calendarYear": "2006",
        "period": "Q3",
        "revenue": 566000,
        "costOfRevenue": 2899000,
        "grossProfit": -2333000,
        "grossProfitRatio": -4.1219081272,
        "researchAndDevelopmentExpenses": 4038000,
        "generalAndAdministrativeExpenses": 1904000,
        "sellingAndMarketingExpenses": 0,
        "sellingGeneralAndAdministrativeExpenses": 1904000,
        "otherExpenses": 0,
        "operatingExpenses": 5942000,
        "costAndExpenses": 8841000,
        "interestIncome": 824000,
        "interestExpense": -58000,
        "depreciationAndAmortization": 805000,
        "ebitda": -8275000,
        "ebitdaratio": -14.6201413428,
        "operatingIncome": -8275000,
        "operatingIncomeRatio": -14.6201413428,
        "totalOtherIncomeExpensesNet": 766000,
        "incomeBeforeTax": -7509000,
        "incomeBeforeTaxRatio": -13.2667844523,
        "incomeTaxExpense": 0,
        "netIncome": -7509000,
        "netIncomeRatio": -13.2667844523,
        "eps": -770.15,
        "epsdiluted": -770.15,
        "weightedAverageShsOut": 9750,
        "weightedAverageShsOutDil": 9750,
        "link": "https://www.sec.gov/Archives/edgar/data/819050/000119312506228678/0001193125-06-228678-index.htm",
        "finalLink": "https://www.sec.gov/Archives/edgar/data/819050/000119312506228678/d10q.htm"
    },
    {
        "date": "2006-06-30",
        "symbol": "BBI",
        "reportedCurrency": "USD",
        "cik": "0000819050",
        "fillingDate": "2006-08-07",
        "acceptedDate": "2006-08-04 18:54:51",
        "calendarYear": "2006",
        "period": "Q2",
        "revenue": 7256000,
        "costOfRevenue": 4499000,
        "grossProfit": 2757000,
        "grossProfitRatio": 0.3799614112,
        "researchAndDevelopmentExpenses": 4171000,
        "generalAndAdministrativeExpenses": 2406000,
        "sellingAndMarketingExpenses": 0,
        "sellingGeneralAndAdministrativeExpenses": 2406000,
        "otherExpenses": 0,
        "operatingExpenses": 6577000,
        "costAndExpenses": 11076000,
        "interestIncome": 650000,
        "interestExpense": -74000,
        "depreciationAndAmortization": 820000,
        "ebitda": -3820000,
        "ebitdaratio": -0.52646086,
        "operatingIncome": -3820000,
        "operatingIncomeRatio": -0.52646086,
        "totalOtherIncomeExpensesNet": 576000,
        "incomeBeforeTax": -3244000,
        "incomeBeforeTaxRatio": -0.44707828,
        "incomeTaxExpense": 0,
        "netIncome": -3244000,
        "netIncomeRatio": -0.44707828,
        "eps": -354.61,
        "epsdiluted": -354.61,
        "weightedAverageShsOut": 9148,
        "weightedAverageShsOutDil": 9148,
        "link": "https://www.sec.gov/Archives/edgar/data/819050/000119312506162632/0001193125-06-162632-index.htm",
        "finalLink": "https://www.sec.gov/Archives/edgar/data/819050/000119312506162632/d10q.htm"
    },
    {
        "date": "2006-03-31",
        "symbol": "BBI",
        "reportedCurrency": "USD",
        "cik": "0000819050",
        "fillingDate": "2006-05-08",
        "acceptedDate": "2006-05-05 18:47:06",
        "calendarYear": "2006",
        "period": "Q1",
        "revenue": 5615000,
        "costOfRevenue": 0,
        "grossProfit": 5615000,
        "grossProfitRatio": 1,
        "researchAndDevelopmentExpenses": 4644000,
        "generalAndAdministrativeExpenses": 2442000,
        "sellingAndMarketingExpenses": 3552000,
        "sellingGeneralAndAdministrativeExpenses": 5994000,
        "otherExpenses": 0,
        "operatingExpenses": 10638000,
        "costAndExpenses": 10638000,
        "interestIncome": 643000,
        "interestExpense": -93000,
        "depreciationAndAmortization": 840000,
        "ebitda": -5023000,
        "ebitdaratio": -0.8945681211,
        "operatingIncome": -5023000,
        "operatingIncomeRatio": -0.8945681211,
        "totalOtherIncomeExpensesNet": 550000,
        "incomeBeforeTax": -4473000,
        "incomeBeforeTaxRatio": -0.7966162066,
        "incomeTaxExpense": 0,
        "netIncome": -4473000,
        "netIncomeRatio": -0.7966162066,
        "eps": -498.11,
        "epsdiluted": -498.11,
        "weightedAverageShsOut": 8980,
        "weightedAverageShsOutDil": 8980,
        "link": "https://www.sec.gov/Archives/edgar/data/819050/000119312506102349/0001193125-06-102349-index.htm",
        "finalLink": "https://www.sec.gov/Archives/edgar/data/819050/000119312506102349/d10q.htm"
    },
    {
        "date": "2005-12-31",
        "symbol": "BBI",
        "reportedCurrency": "USD",
        "cik": "0000819050",
        "fillingDate": "2006-03-10",
        "acceptedDate": "2006-03-10 13:32:59",
        "calendarYear": "2005",
        "period": "Q4",
        "revenue": 1805000,
        "costOfRevenue": 0,
        "grossProfit": 1805000,
        "grossProfitRatio": 1,
        "researchAndDevelopmentExpenses": 4291000,
        "generalAndAdministrativeExpenses": 7679000,
        "sellingAndMarketingExpenses": -3963000,
        "sellingGeneralAndAdministrativeExpenses": 3716000,
        "otherExpenses": 0,
        "operatingExpenses": 8007000,
        "costAndExpenses": 8007000,
        "interestIncome": 766000,
        "interestExpense": 533000,
        "depreciationAndAmortization": 864000,
        "ebitda": -1436000,
        "ebitdaratio": -0.795567867,
        "operatingIncome": -6202000,
        "operatingIncomeRatio": -3.4360110803,
        "totalOtherIncomeExpensesNet": 8029000,
        "incomeBeforeTax": 1827000,
        "incomeBeforeTaxRatio": 1.0121883657,
        "incomeTaxExpense": -18691000,
        "netIncome": -5666000,
        "netIncomeRatio": -3.1390581717,
        "eps": -630.89,
        "epsdiluted": -630.89,
        "weightedAverageShsOut": 8981,
        "weightedAverageShsOutDil": 8981,
        "link": "https://www.sec.gov/Archives/edgar/data/819050/000119312506050747/0001193125-06-050747-index.htm",
        "finalLink": "https://www.sec.gov/Archives/edgar/data/819050/000119312506050747/d10k.htm"
    },
    {
        "date": "2005-09-30",
        "symbol": "BBI",
        "reportedCurrency": "USD",
        "cik": "0000819050",
        "fillingDate": "2005-11-09",
        "acceptedDate": "2005-11-09 16:50:57",
        "calendarYear": "2005",
        "period": "Q3",
        "revenue": 2707000,
        "costOfRevenue": 0,
        "grossProfit": 2707000,
        "grossProfitRatio": 1,
        "researchAndDevelopmentExpenses": 4252000,
        "generalAndAdministrativeExpenses": 1887000,
        "sellingAndMarketingExpenses": 2976000,
        "sellingGeneralAndAdministrativeExpenses": 4863000,
        "otherExpenses": 0,
        "operatingExpenses": 9115000,
        "costAndExpenses": 9115000,
        "interestIncome": 0,
        "interestExpense": -129000,
        "depreciationAndAmortization": 862000,
        "ebitda": -5269000,
        "ebitdaratio": -1.9464351681,
        "operatingIncome": -6408000,
        "operatingIncomeRatio": -2.3671961581,
        "totalOtherIncomeExpensesNet": 277000,
        "incomeBeforeTax": -6131000,
        "incomeBeforeTaxRatio": -2.2648688585,
        "incomeTaxExpense": 0,
        "netIncome": -6131000,
        "netIncomeRatio": -2.2648688585,
        "eps": -821.08,
        "epsdiluted": -821.08,
        "weightedAverageShsOut": 7467,
        "weightedAverageShsOutDil": 7467,
        "link": "https://www.sec.gov/Archives/edgar/data/819050/000119312505221672/0001193125-05-221672-index.htm",
        "finalLink": "https://www.sec.gov/Archives/edgar/data/819050/000119312505221672/d10q.htm"
    },
    {
        "date": "2005-06-30",
        "symbol": "BBI",
        "reportedCurrency": "USD",
        "cik": "0000819050",
        "fillingDate": "2005-08-08",
        "acceptedDate": "2005-08-08 17:21:59",
        "calendarYear": "2005",
        "period": "Q2",
        "revenue": 4807000,
        "costOfRevenue": 0,
        "grossProfit": 4807000,
        "grossProfitRatio": 1,
        "researchAndDevelopmentExpenses": 4756000,
        "generalAndAdministrativeExpenses": 1923000,
        "sellingAndMarketingExpenses": 3353000,
        "sellingGeneralAndAdministrativeExpenses": 5276000,
        "otherExpenses": 0,
        "operatingExpenses": 10032000,
        "costAndExpenses": 10032000,
        "interestIncome": 382000,
        "interestExpense": -139000,
        "depreciationAndAmortization": 955000,
        "ebitda": -4027000,
        "ebitdaratio": -0.8377366341,
        "operatingIncome": -5225000,
        "operatingIncomeRatio": -1.0869565217,
        "totalOtherIncomeExpensesNet": 243000,
        "incomeBeforeTax": -4982000,
        "incomeBeforeTaxRatio": -1.0364052424,
        "incomeTaxExpense": 0,
        "netIncome": -4982000,
        "netIncomeRatio": -1.0364052424,
        "eps": -667.38,
        "epsdiluted": -667.38,
        "weightedAverageShsOut": 7465,
        "weightedAverageShsOutDil": 7465,
        "link": "https://www.sec.gov/Archives/edgar/data/819050/000119312505160933/0001193125-05-160933-index.htm",
        "finalLink": "https://www.sec.gov/Archives/edgar/data/819050/000119312505160933/d10q.htm"
    },
    {
        "date": "2005-03-31",
        "symbol": "BBI",
        "reportedCurrency": "USD",
        "cik": "0000819050",
        "fillingDate": "2005-05-10",
        "acceptedDate": "2005-05-09 21:12:29",
        "calendarYear": "2005",
        "period": "Q1",
        "revenue": 2684000,
        "costOfRevenue": 0,
        "grossProfit": 2684000,
        "grossProfitRatio": 1,
        "researchAndDevelopmentExpenses": 8385000,
        "generalAndAdministrativeExpenses": 2115000,
        "sellingAndMarketingExpenses": 0,
        "sellingGeneralAndAdministrativeExpenses": 2115000,
        "otherExpenses": 0,
        "operatingExpenses": 10500000,
        "costAndExpenses": 10500000,
        "interestIncome": 384000,
        "interestExpense": -146000,
        "depreciationAndAmortization": 913000,
        "ebitda": -6665000,
        "ebitdaratio": -2.4832339791,
        "operatingIncome": -7816000,
        "operatingIncomeRatio": -2.912071535,
        "totalOtherIncomeExpensesNet": 238000,
        "incomeBeforeTax": -7578000,
        "incomeBeforeTaxRatio": -2.8233979136,
        "incomeTaxExpense": 0,
        "netIncome": -7578000,
        "netIncomeRatio": -2.8233979136,
        "eps": -1015.41,
        "epsdiluted": -1015.41,
        "weightedAverageShsOut": 7463,
        "weightedAverageShsOutDil": 7463,
        "link": "https://www.sec.gov/Archives/edgar/data/819050/000119312505101309/0001193125-05-101309-index.htm",
        "finalLink": "https://www.sec.gov/Archives/edgar/data/819050/000119312505101309/d10q.htm"
    },
    {
        "date": "2004-12-31",
        "symbol": "BBI",
        "reportedCurrency": "USD",
        "cik": "0000819050",
        "fillingDate": "2005-03-15",
        "acceptedDate": "2005-03-14 20:21:17",
        "calendarYear": "2004",
        "period": "Q4",
        "revenue": 5003181,
        "costOfRevenue": 0,
        "grossProfit": 5003181,
        "grossProfitRatio": 1,
        "researchAndDevelopmentExpenses": 7556849,
        "generalAndAdministrativeExpenses": 8510000,
        "sellingAndMarketingExpenses": -6315698,
        "sellingGeneralAndAdministrativeExpenses": 2194302,
        "otherExpenses": 0,
        "operatingExpenses": 9751151,
        "costAndExpenses": 9751151,
        "interestIncome": 620414,
        "interestExpense": 795000,
        "depreciationAndAmortization": 904291,
        "ebitda": -27260709,
        "ebitdaratio": -5.4486753527,
        "operatingIncome": -4747970,
        "operatingIncomeRatio": -0.9489902524,
        "totalOtherIncomeExpensesNet": -18985030,
        "incomeBeforeTax": -23733000,
        "incomeBeforeTaxRatio": -4.743582133,
        "incomeTaxExpense": -19265912,
        "netIncome": -4467088,
        "netIncomeRatio": -0.8928495691,
        "eps": -598.56,
        "epsdiluted": -598.56,
        "weightedAverageShsOut": 7463,
        "weightedAverageShsOutDil": 7463,
        "link": "https://www.sec.gov/Archives/edgar/data/819050/000119312505049800/0001193125-05-049800-index.htm",
        "finalLink": "https://www.sec.gov/Archives/edgar/data/819050/000119312505049800/d10k.htm"
    },
    {
        "date": "2004-09-30",
        "symbol": "BBI",
        "reportedCurrency": "USD",
        "cik": "0000819050",
        "fillingDate": "2004-11-09",
        "acceptedDate": "2004-11-09 16:23:20",
        "calendarYear": "2004",
        "period": "Q3",
        "revenue": 2891082,
        "costOfRevenue": 0,
        "grossProfit": 2891082,
        "grossProfitRatio": 1,
        "researchAndDevelopmentExpenses": 6791257,
        "generalAndAdministrativeExpenses": 1834714000000,
        "sellingAndMarketingExpenses": -1834712165286,
        "sellingGeneralAndAdministrativeExpenses": 1834714,
        "otherExpenses": 0,
        "operatingExpenses": 8625971,
        "costAndExpenses": 8625971,
        "interestIncome": 0,
        "interestExpense": -171568000000,
        "depreciationAndAmortization": 851106,
        "ebitda": -5734889000000,
        "ebitdaratio": -1983647.9906138948,
        "operatingIncome": -5734889,
        "operatingIncomeRatio": -1.9836479906,
        "totalOtherIncomeExpensesNet": -4874700265111,
        "incomeBeforeTax": -4874706000000,
        "incomeBeforeTaxRatio": -1686118.2076468256,
        "incomeTaxExpense": 1031751,
        "netIncome": -4874706,
        "netIncomeRatio": -1.6861182076,
        "eps": -654.06,
        "epsdiluted": -654.06,
        "weightedAverageShsOut": 7453,
        "weightedAverageShsOutDil": 7453,
        "link": "https://www.sec.gov/Archives/edgar/data/819050/000110465904034746/0001104659-04-034746-index.htm",
        "finalLink": "https://www.sec.gov/Archives/edgar/data/819050/000110465904034746/a04-12860_110q.htm"
    },
    {
        "date": "2004-06-30",
        "symbol": "BBI",
        "reportedCurrency": "USD",
        "cik": "0000819050",
        "fillingDate": "2004-08-09",
        "acceptedDate": "2004-08-09 15:04:26",
        "calendarYear": "2004",
        "period": "Q2",
        "revenue": 5741554,
        "costOfRevenue": 0,
        "grossProfit": 5741554,
        "grossProfitRatio": 1,
        "researchAndDevelopmentExpenses": 8654646,
        "generalAndAdministrativeExpenses": 2534723000000,
        "sellingAndMarketingExpenses": -2534720465277,
        "sellingGeneralAndAdministrativeExpenses": 2534723,
        "otherExpenses": 0,
        "operatingExpenses": 11189369,
        "costAndExpenses": 11189369,
        "interestIncome": 320070,
        "interestExpense": -188888000000,
        "depreciationAndAmortization": 969189,
        "ebitda": -5447815000000,
        "ebitdaratio": -948839.8088740436,
        "operatingIncome": -5447815,
        "operatingIncomeRatio": -0.9488398089,
        "totalOtherIncomeExpensesNet": -5316627552185,
        "incomeBeforeTax": -5316633000000,
        "incomeBeforeTaxRatio": -925991.987535082,
        "incomeTaxExpense": 131182000000,
        "netIncome": -5316633,
        "netIncomeRatio": -0.9259919875,
        "eps": -713.45,
        "epsdiluted": -713.45,
        "weightedAverageShsOut": 7452,
        "weightedAverageShsOutDil": 7452,
        "link": "https://www.sec.gov/Archives/edgar/data/819050/000110465904023332/0001104659-04-023332-index.htm",
        "finalLink": "https://www.sec.gov/Archives/edgar/data/819050/000110465904023332/a04-8880_110q.htm"
    },
    {
        "date": "2004-03-31",
        "symbol": "BBI",
        "reportedCurrency": "USD",
        "cik": "0000819050",
        "fillingDate": "2004-05-10",
        "acceptedDate": "2004-05-10 15:06:19",
        "calendarYear": "2004",
        "period": "Q1",
        "revenue": 909183,
        "costOfRevenue": 0,
        "grossProfit": 909183,
        "grossProfitRatio": 1,
        "researchAndDevelopmentExpenses": 8175248,
        "generalAndAdministrativeExpenses": 1946261000,
        "sellingAndMarketingExpenses": -1944314739,
        "sellingGeneralAndAdministrativeExpenses": 1946261,
        "otherExpenses": 0,
        "operatingExpenses": 10121509,
        "costAndExpenses": 10121509,
        "interestIncome": 300344,
        "interestExpense": -162591000,
        "depreciationAndAmortization": 912414,
        "ebitda": -9212326000,
        "ebitdaratio": -10132.5321744907,
        "operatingIncome": -9212326,
        "operatingIncomeRatio": -10.1325321745,
        "totalOtherIncomeExpensesNet": -9065360674,
        "incomeBeforeTax": -9074573000,
        "incomeBeforeTaxRatio": -9981.0192227527,
        "incomeTaxExpense": 137753000,
        "netIncome": -9074573,
        "netIncomeRatio": -9.9810192228,
        "eps": -1407.13,
        "epsdiluted": -1407.13,
        "weightedAverageShsOut": 6449,
        "weightedAverageShsOutDil": 6449,
        "link": "https://www.sec.gov/Archives/edgar/data/819050/000110465904013517/0001104659-04-013517-index.htm",
        "finalLink": "https://www.sec.gov/Archives/edgar/data/819050/000110465904013517/a04-5535_110q.htm"
    },
    {
        "date": "2003-12-31",
        "symbol": "BBI",
        "reportedCurrency": "USD",
        "cik": "0000819050",
        "fillingDate": "2004-03-11",
        "acceptedDate": "2004-03-11 16:33:41",
        "calendarYear": "2003",
        "period": "Q4",
        "revenue": 1695781,
        "costOfRevenue": 0,
        "grossProfit": 1695781,
        "grossProfitRatio": 1,
        "researchAndDevelopmentExpenses": 6952439,
        "generalAndAdministrativeExpenses": 6922310000,
        "sellingAndMarketingExpenses": -6920416138,
        "sellingGeneralAndAdministrativeExpenses": 1893862,
        "otherExpenses": 0,
        "operatingExpenses": 8846301,
        "costAndExpenses": 8846301,
        "interestIncome": 362933,
        "interestExpense": -412820000,
        "depreciationAndAmortization": 900015,
        "ebitda": -24857988909,
        "ebitdaratio": -14658.7259256944,
        "operatingIncome": -7150520,
        "operatingIncomeRatio": -4.2166529758,
        "totalOtherIncomeExpensesNet": -24435375583,
        "incomeBeforeTax": -24442526103,
        "incomeBeforeTaxRatio": -14413.7280126384,
        "incomeTaxExpense": -10479329,
        "netIncome": -6945325,
        "netIncomeRatio": -4.0956497331,
        "eps": -1076.79,
        "epsdiluted": -1076.79,
        "weightedAverageShsOut": 6450,
        "weightedAverageShsOutDil": 6450,
        "link": "https://www.sec.gov/Archives/edgar/data/819050/000110465904007082/0001104659-04-007082-index.htm",
        "finalLink": "https://www.sec.gov/Archives/edgar/data/819050/000110465904007082/a04-3224_110k.htm"
    },
    {
        "date": "2003-09-30",
        "symbol": "BBI",
        "reportedCurrency": "USD",
        "cik": "0000819050",
        "fillingDate": "2003-11-14",
        "acceptedDate": "2003-11-14 16:02:29",
        "calendarYear": "2003",
        "period": "Q3",
        "revenue": 4873122,
        "costOfRevenue": 0,
        "grossProfit": 4873122,
        "grossProfitRatio": 1,
        "researchAndDevelopmentExpenses": 6923351,
        "generalAndAdministrativeExpenses": 1737565,
        "sellingAndMarketingExpenses": 0,
        "sellingGeneralAndAdministrativeExpenses": 1737565,
        "otherExpenses": 0,
        "operatingExpenses": 8660916,
        "costAndExpenses": 8660916,
        "interestIncome": 344405,
        "interestExpense": -113814,
        "depreciationAndAmortization": 868640,
        "ebitda": -2688563,
        "ebitdaratio": -0.5517126392,
        "operatingIncome": -3787794,
        "operatingIncomeRatio": -0.7772828179,
        "totalOtherIncomeExpensesNet": 230591,
        "incomeBeforeTax": -3557203,
        "incomeBeforeTaxRatio": -0.7299638712,
        "incomeTaxExpense": 0,
        "netIncome": -3557203,
        "netIncomeRatio": -0.7299638712,
        "eps": -557.73,
        "epsdiluted": -557.73,
        "weightedAverageShsOut": 6378,
        "weightedAverageShsOutDil": 6378,
        "link": "https://www.sec.gov/Archives/edgar/data/819050/000110465903026682/0001104659-03-026682-index.htm",
        "finalLink": "https://www.sec.gov/Archives/edgar/data/819050/000110465903026682/a03-5375_110q.htm"
    },
    {
        "date": "2003-06-30",
        "symbol": "BBI",
        "reportedCurrency": "USD",
        "cik": "0000819050",
        "fillingDate": "2003-08-12",
        "acceptedDate": "2003-08-12 17:23:20",
        "calendarYear": "2003",
        "period": "Q2",
        "revenue": 601192,
        "costOfRevenue": 0,
        "grossProfit": 601192,
        "grossProfitRatio": 1,
        "researchAndDevelopmentExpenses": 6318061,
        "generalAndAdministrativeExpenses": 1750520,
        "sellingAndMarketingExpenses": 0,
        "sellingGeneralAndAdministrativeExpenses": 1750520,
        "otherExpenses": 0,
        "operatingExpenses": 8068581,
        "costAndExpenses": 8068581,
        "interestIncome": 0,
        "interestExpense": -70267,
        "depreciationAndAmortization": 800533,
        "ebitda": -7467389,
        "ebitdaratio": -12.4209720023,
        "operatingIncome": -7467389,
        "operatingIncomeRatio": -12.4209720023,
        "totalOtherIncomeExpensesNet": 545263,
        "incomeBeforeTax": -6922126,
        "incomeBeforeTaxRatio": -11.5140021823,
        "incomeTaxExpense": 0,
        "netIncome": -6922126,
        "netIncomeRatio": -11.5140021823,
        "eps": -1085.31,
        "epsdiluted": -1085.31,
        "weightedAverageShsOut": 6378,
        "weightedAverageShsOutDil": 6378,
        "link": "https://www.sec.gov/Archives/edgar/data/819050/000104746903027253/0001047469-03-027253-index.htm",
        "finalLink": "https://www.sec.gov/Archives/edgar/data/819050/000104746903027253/a2116353z10-q.htm"
    },
    {
        "date": "2003-03-31",
        "symbol": "BBI",
        "reportedCurrency": "USD",
        "cik": "0000819050",
        "fillingDate": "2003-05-15",
        "acceptedDate": "2003-05-15 16:55:06",
        "calendarYear": "2003",
        "period": "Q1",
        "revenue": 908334,
        "costOfRevenue": 0,
        "grossProfit": 908334,
        "grossProfitRatio": 1,
        "researchAndDevelopmentExpenses": 6583390,
        "generalAndAdministrativeExpenses": 1540363,
        "sellingAndMarketingExpenses": 0,
        "sellingGeneralAndAdministrativeExpenses": 1540363,
        "otherExpenses": 482217,
        "operatingExpenses": 8605970,
        "costAndExpenses": 8605970,
        "interestIncome": 0,
        "interestExpense": -71001,
        "depreciationAndAmortization": 973633,
        "ebitda": -7697636,
        "ebitdaratio": -8.4744554316,
        "operatingIncome": -7697636,
        "operatingIncomeRatio": -8.4744554316,
        "totalOtherIncomeExpensesNet": 672739,
        "incomeBeforeTax": -7024897,
        "incomeBeforeTaxRatio": -7.7338258834,
        "incomeTaxExpense": 0,
        "netIncome": -7024897,
        "netIncomeRatio": -7.7338258834,
        "eps": -1101.43,
        "epsdiluted": -1101.43,
        "weightedAverageShsOut": 6378,
        "weightedAverageShsOutDil": 6378,
        "link": "https://www.sec.gov/Archives/edgar/data/819050/000110465903010394/0001104659-03-010394-index.htm",
        "finalLink": "https://www.sec.gov/Archives/edgar/data/819050/000110465903010394/j1155_10q.htm"
    },
    {
        "date": "2002-12-31",
        "symbol": "BBI",
        "reportedCurrency": "USD",
        "cik": "0000819050",
        "fillingDate": "2003-03-31",
        "acceptedDate": "2003-03-31 14:40:55",
        "calendarYear": "2002",
        "period": "Q4",
        "revenue": 528190,
        "costOfRevenue": 0,
        "grossProfit": 528190,
        "grossProfitRatio": 1,
        "researchAndDevelopmentExpenses": 6489916,
        "generalAndAdministrativeExpenses": 8060610000,
        "sellingAndMarketingExpenses": -8058296537,
        "sellingGeneralAndAdministrativeExpenses": 2313463,
        "otherExpenses": 0,
        "operatingExpenses": 8803379,
        "costAndExpenses": 8803379,
        "interestIncome": 876509,
        "interestExpense": -288246000,
        "depreciationAndAmortization": 732690,
        "ebitda": -28222743615,
        "ebitdaratio": -53432.9381756565,
        "operatingIncome": -8275189,
        "operatingIncomeRatio": -15.6670686685,
        "totalOtherIncomeExpensesNet": -27924218811,
        "incomeBeforeTax": -27932494000,
        "incomeBeforeTaxRatio": -52883.4207387493,
        "incomeTaxExpense": -20459215,
        "netIncome": -7473279,
        "netIncomeRatio": -14.1488460592,
        "eps": -1171.73,
        "epsdiluted": -1171.73,
        "weightedAverageShsOut": 6378,
        "weightedAverageShsOutDil": 6378,
        "link": "https://www.sec.gov/Archives/edgar/data/819050/000110465903005481/0001104659-03-005481-index.htm",
        "finalLink": "https://www.sec.gov/Archives/edgar/data/819050/000110465903005481/j8910_10k.htm"
    },
    {
        "date": "2002-09-30",
        "symbol": "BBI",
        "reportedCurrency": "USD",
        "cik": "0000819050",
        "fillingDate": "2002-11-14",
        "acceptedDate": "2002-11-14 12:15:15",
        "calendarYear": "2002",
        "period": "Q3",
        "revenue": 2519969,
        "costOfRevenue": 0,
        "grossProfit": 2519969,
        "grossProfitRatio": 1,
        "researchAndDevelopmentExpenses": 7516377,
        "generalAndAdministrativeExpenses": 1975675,
        "sellingAndMarketingExpenses": 0,
        "sellingGeneralAndAdministrativeExpenses": 1975675,
        "otherExpenses": 4200000,
        "operatingExpenses": 13692052,
        "costAndExpenses": 13692052,
        "interestIncome": 1030802,
        "interestExpense": -75003,
        "depreciationAndAmortization": 695943,
        "ebitda": -11172083,
        "ebitdaratio": -4.433420808,
        "operatingIncome": -11172083,
        "operatingIncomeRatio": -4.433420808,
        "totalOtherIncomeExpensesNet": 955799,
        "incomeBeforeTax": -10216284,
        "incomeBeforeTaxRatio": -4.0541308246,
        "incomeTaxExpense": 0,
        "netIncome": -10216284,
        "netIncomeRatio": -4.0541308246,
        "eps": -1602.55,
        "epsdiluted": -1602.55,
        "weightedAverageShsOut": 6375,
        "weightedAverageShsOutDil": 6375,
        "link": "https://www.sec.gov/Archives/edgar/data/819050/000091205702042297/0000912057-02-042297-index.htm",
        "finalLink": "https://www.sec.gov/Archives/edgar/data/819050/000091205702042297/a2093393z10-q.htm"
    },
    {
        "date": "2002-06-30",
        "symbol": "BBI",
        "reportedCurrency": "USD",
        "cik": "0000819050",
        "fillingDate": "2002-08-14",
        "acceptedDate": "2002-08-14 14:23:41",
        "calendarYear": "2002",
        "period": "Q2",
        "revenue": 2447705,
        "costOfRevenue": 0,
        "grossProfit": 2447705,
        "grossProfitRatio": 1,
        "researchAndDevelopmentExpenses": 6368518,
        "generalAndAdministrativeExpenses": 2051292,
        "sellingAndMarketingExpenses": 0,
        "sellingGeneralAndAdministrativeExpenses": 2051292,
        "otherExpenses": 0,
        "operatingExpenses": 8419810,
        "costAndExpenses": 8419810,
        "interestIncome": 0,
        "interestExpense": -68672,
        "depreciationAndAmortization": 632108,
        "ebitda": -5972105,
        "ebitdaratio": -2.4398793972,
        "operatingIncome": -5972105,
        "operatingIncomeRatio": -2.4398793972,
        "totalOtherIncomeExpensesNet": 952823,
        "incomeBeforeTax": -5019282,
        "incomeBeforeTaxRatio": -2.0506074057,
        "incomeTaxExpense": 0,
        "netIncome": -5019282,
        "netIncomeRatio": -2.0506074057,
        "eps": -787.59,
        "epsdiluted": -787.59,
        "weightedAverageShsOut": 6373,
        "weightedAverageShsOutDil": 6373,
        "link": "https://www.sec.gov/Archives/edgar/data/819050/000091205702031973/0000912057-02-031973-index.htm",
        "finalLink": "https://www.sec.gov/Archives/edgar/data/819050/000091205702031973/a2086739z10-q.htm"
    },
    {
        "date": "2002-03-31",
        "symbol": "BBI",
        "reportedCurrency": "USD",
        "cik": "0000819050",
        "fillingDate": "2002-05-15",
        "acceptedDate": "2002-05-15 15:25:45",
        "calendarYear": "2002",
        "period": "Q1",
        "revenue": 1511347,
        "costOfRevenue": 0,
        "grossProfit": 1511347,
        "grossProfitRatio": 1,
        "researchAndDevelopmentExpenses": 5999632,
        "generalAndAdministrativeExpenses": 1720180,
        "sellingAndMarketingExpenses": 0,
        "sellingGeneralAndAdministrativeExpenses": 1720180,
        "otherExpenses": 0,
        "operatingExpenses": 7719812,
        "costAndExpenses": 7719812,
        "interestIncome": 1054787,
        "interestExpense": -69971,
        "depreciationAndAmortization": 675564,
        "ebitda": -6208465,
        "ebitdaratio": -4.1079017592,
        "operatingIncome": -6208465,
        "operatingIncomeRatio": -4.1079017592,
        "totalOtherIncomeExpensesNet": 984816,
        "incomeBeforeTax": -5223649,
        "incomeBeforeTaxRatio": -3.4562870076,
        "incomeTaxExpense": 0,
        "netIncome": -5223649,
        "netIncomeRatio": -3.4562870076,
        "eps": -820.3,
        "epsdiluted": -820.3,
        "weightedAverageShsOut": 6368,
        "weightedAverageShsOutDil": 6368,
        "link": "https://www.sec.gov/Archives/edgar/data/819050/000091205702020735/0000912057-02-020735-index.htm",
        "finalLink": "https://www.sec.gov/Archives/edgar/data/819050/000091205702020735/a2080104z10-q.htm"
    },
    {
        "date": "2001-12-31",
        "symbol": "BBI",
        "reportedCurrency": "USD",
        "cik": "0000819050",
        "fillingDate": "2002-03-29",
        "acceptedDate": "2002-03-29 00:00:00",
        "calendarYear": "2001",
        "period": "Q4",
        "revenue": 4770930,
        "costOfRevenue": 362991,
        "grossProfit": 4407939,
        "grossProfitRatio": 0.9239160918,
        "researchAndDevelopmentExpenses": 6263039,
        "generalAndAdministrativeExpenses": 6522297000,
        "sellingAndMarketingExpenses": -6521030131,
        "sellingGeneralAndAdministrativeExpenses": 1266869,
        "otherExpenses": -362991,
        "operatingExpenses": 7529908,
        "costAndExpenses": 7529908,
        "interestIncome": 1408225,
        "interestExpense": -296577000,
        "depreciationAndAmortization": 602127,
        "ebitda": -9537848750,
        "ebitdaratio": -1999.1592310095,
        "operatingIncome": -2758978,
        "operatingIncomeRatio": -0.5782893482,
        "totalOtherIncomeExpensesNet": -9237232022,
        "incomeBeforeTax": -9239991000,
        "incomeBeforeTaxRatio": -1936.727430501,
        "incomeTaxExpense": -7810593,
        "netIncome": -1429399,
        "netIncomeRatio": -0.2996059468,
        "eps": -224.47,
        "epsdiluted": -224.47,
        "weightedAverageShsOut": 6368,
        "weightedAverageShsOutDil": 6368,
        "link": "https://www.sec.gov/Archives/edgar/data/819050/000091205702012546/0000912057-02-012546-index.htm",
        "finalLink": "https://www.sec.gov/Archives/edgar/data/819050/000091205702012546/a2074633z10-k405.htm"
    },
    {
        "date": "2001-09-30",
        "symbol": "BBI",
        "reportedCurrency": "USD",
        "cik": "0000819050",
        "fillingDate": "2001-11-14",
        "acceptedDate": "2001-11-14 00:00:00",
        "calendarYear": "2001",
        "period": "Q3",
        "revenue": 2385681,
        "costOfRevenue": 0,
        "grossProfit": 2385681,
        "grossProfitRatio": 1,
        "researchAndDevelopmentExpenses": 5320615,
        "generalAndAdministrativeExpenses": 1582252,
        "sellingAndMarketingExpenses": 0,
        "sellingGeneralAndAdministrativeExpenses": 1582252,
        "otherExpenses": 0,
        "operatingExpenses": 6902867,
        "costAndExpenses": 6902867,
        "interestIncome": 2045881,
        "interestExpense": 85210,
        "depreciationAndAmortization": 484303,
        "ebitda": -4517186,
        "ebitdaratio": -1.8934576752,
        "operatingIncome": -4517186,
        "operatingIncomeRatio": -1.8934576752,
        "totalOtherIncomeExpensesNet": 1960671,
        "incomeBeforeTax": -2556515,
        "incomeBeforeTaxRatio": -1.071608065,
        "incomeTaxExpense": 0,
        "netIncome": -2556515,
        "netIncomeRatio": -1.071608065,
        "eps": -401.9,
        "epsdiluted": -401.9,
        "weightedAverageShsOut": 6361,
        "weightedAverageShsOutDil": 6361,
        "link": "https://www.sec.gov/Archives/edgar/data/819050/000091205701539612/0000912057-01-539612-index.htm",
        "finalLink": "https://www.sec.gov/Archives/edgar/data/819050/000091205701539612/a2063445z10-q.htm"
    },
    {
        "date": "2001-06-30",
        "symbol": "BBI",
        "reportedCurrency": "USD",
        "cik": "0000819050",
        "fillingDate": "2001-08-14",
        "acceptedDate": "2001-08-14 00:00:00",
        "calendarYear": "2001",
        "period": "Q2",
        "revenue": 1777737,
        "costOfRevenue": 0,
        "grossProfit": 1777737,
        "grossProfitRatio": 1,
        "researchAndDevelopmentExpenses": 5274513,
        "generalAndAdministrativeExpenses": 1918589,
        "sellingAndMarketingExpenses": 0,
        "sellingGeneralAndAdministrativeExpenses": 1918589,
        "otherExpenses": 0,
        "operatingExpenses": 7193102,
        "costAndExpenses": 7193102,
        "interestIncome": 2206648,
        "interestExpense": 66950,
        "depreciationAndAmortization": 433456,
        "ebitda": -5415365,
        "ebitdaratio": -3.046212685,
        "operatingIncome": -5415365,
        "operatingIncomeRatio": -3.046212685,
        "totalOtherIncomeExpensesNet": 2139698,
        "incomeBeforeTax": -3275667,
        "incomeBeforeTaxRatio": -1.8426049523,
        "incomeTaxExpense": 0,
        "netIncome": -3275667,
        "netIncomeRatio": -1.8426049523,
        "eps": -515.45,
        "epsdiluted": -515.45,
        "weightedAverageShsOut": 6355,
        "weightedAverageShsOutDil": 6355,
        "link": "https://www.sec.gov/Archives/edgar/data/819050/000091205701528238/0000912057-01-528238-index.htm",
        "finalLink": "https://www.sec.gov/Archives/edgar/data/819050/000091205701528238/a2056571z10-q.htm"
    },
    {
        "date": "2001-03-31",
        "symbol": "BBI",
        "reportedCurrency": "USD",
        "cik": "0000819050",
        "fillingDate": "2001-05-15",
        "acceptedDate": "2001-05-15 00:00:00",
        "calendarYear": "2001",
        "period": "Q1",
        "revenue": 5056874,
        "costOfRevenue": -362991,
        "grossProfit": 5419865,
        "grossProfitRatio": 1.0717816975,
        "researchAndDevelopmentExpenses": 5214928,
        "generalAndAdministrativeExpenses": 1754587,
        "sellingAndMarketingExpenses": 0,
        "sellingGeneralAndAdministrativeExpenses": 1754587,
        "otherExpenses": 362991,
        "operatingExpenses": 7332506,
        "costAndExpenses": 6969515,
        "interestIncome": 2625134,
        "interestExpense": -65770,
        "depreciationAndAmortization": 362991,
        "ebitda": -1615420,
        "ebitdaratio": -0.3194503165,
        "operatingIncome": -1912641,
        "operatingIncomeRatio": -0.3782259554,
        "totalOtherIncomeExpensesNet": -65770,
        "incomeBeforeTax": -1978411,
        "incomeBeforeTaxRatio": -0.3912320141,
        "incomeTaxExpense": 0,
        "netIncome": -1978411,
        "netIncomeRatio": -0.3912320141,
        "eps": -311.41,
        "epsdiluted": -311.41,
        "weightedAverageShsOut": 6353,
        "weightedAverageShsOutDil": 6353,
        "link": "https://www.sec.gov/Archives/edgar/data/819050/000091205701515495/0000912057-01-515495-index.htm",
        "finalLink": "https://www.sec.gov/Archives/edgar/data/819050/000091205701515495/a2048784z10-q.htm"
    },
    {
        "date": "2000-12-31",
        "symbol": "BBI",
        "reportedCurrency": "USD",
        "cik": "0000819050",
        "fillingDate": "2001-03-30",
        "acceptedDate": "2001-03-30 00:00:00",
        "calendarYear": "2000",
        "period": "Q4",
        "revenue": 2428401,
        "costOfRevenue": -322998,
        "grossProfit": 2751399,
        "grossProfitRatio": 1.1330085105,
        "researchAndDevelopmentExpenses": 4962290,
        "generalAndAdministrativeExpenses": 0,
        "sellingAndMarketingExpenses": 0,
        "sellingGeneralAndAdministrativeExpenses": 1362284,
        "otherExpenses": 322998,
        "operatingExpenses": 6647572,
        "costAndExpenses": 6324574,
        "interestIncome": 2555299,
        "interestExpense": 0,
        "depreciationAndAmortization": 322998,
        "ebitda": -2593730,
        "ebitdaratio": -1.0680814248,
        "operatingIncome": -3896173,
        "operatingIncomeRatio": -1.6044191219,
        "totalOtherIncomeExpensesNet": 0,
        "incomeBeforeTax": 0,
        "incomeBeforeTaxRatio": 0,
        "incomeTaxExpense": 0,
        "netIncome": -2916728,
        "netIncomeRatio": -1.2010899353,
        "eps": -459.04,
        "epsdiluted": -459.04,
        "weightedAverageShsOut": 6354,
        "weightedAverageShsOutDil": 6354,
        "link": "https://www.sec.gov/Archives/edgar/data/819050/000091205701505807/0000912057-01-505807-index.htm",
        "finalLink": "https://www.sec.gov/Archives/edgar/data/819050/000091205701505807/a2043286z10-k405.txt"
    },
    {
        "date": "2000-09-30",
        "symbol": "BBI",
        "reportedCurrency": "USD",
        "cik": "0000819050",
        "fillingDate": "2000-11-13",
        "acceptedDate": "2000-11-13 00:00:00",
        "calendarYear": "2000",
        "period": "Q3",
        "revenue": 1429610,
        "costOfRevenue": -321403,
        "grossProfit": 1751013,
        "grossProfitRatio": 1.2248186568,
        "researchAndDevelopmentExpenses": 4524155,
        "generalAndAdministrativeExpenses": 0,
        "sellingAndMarketingExpenses": 0,
        "sellingGeneralAndAdministrativeExpenses": 1263224,
        "otherExpenses": 321403,
        "operatingExpenses": 6108782,
        "costAndExpenses": 5787379,
        "interestIncome": 2551965,
        "interestExpense": 0,
        "depreciationAndAmortization": 321403,
        "ebitda": -1549666,
        "ebitdaratio": -1.0839781479,
        "operatingIncome": -4357769,
        "operatingIncomeRatio": -3.0482222424,
        "totalOtherIncomeExpensesNet": 0,
        "incomeBeforeTax": 0,
        "incomeBeforeTaxRatio": 0,
        "incomeTaxExpense": 0,
        "netIncome": -1871069,
        "netIncomeRatio": -1.3087968047,
        "eps": -296.24,
        "epsdiluted": -296.24,
        "weightedAverageShsOut": 6316,
        "weightedAverageShsOutDil": 6316,
        "link": "https://www.sec.gov/Archives/edgar/data/819050/000091205700049228/0000912057-00-049228-index.htm",
        "finalLink": "https://www.sec.gov/Archives/edgar/data/819050/000091205700049228/a2030453z10-q.txt"
    },
    {
        "date": "2000-06-30",
        "symbol": "BBI",
        "reportedCurrency": "USD",
        "cik": "0000819050",
        "fillingDate": "2000-08-14",
        "acceptedDate": "2000-08-14 00:00:00",
        "calendarYear": "2000",
        "period": "Q2",
        "revenue": 2764307,
        "costOfRevenue": -297035,
        "grossProfit": 3061342,
        "grossProfitRatio": 1.1074536945,
        "researchAndDevelopmentExpenses": 4710412,
        "generalAndAdministrativeExpenses": 0,
        "sellingAndMarketingExpenses": 0,
        "sellingGeneralAndAdministrativeExpenses": 1309890,
        "otherExpenses": 297035,
        "operatingExpenses": 6317337,
        "costAndExpenses": 6020302,
        "interestIncome": 0,
        "interestExpense": 0,
        "depreciationAndAmortization": 297035,
        "ebitda": -521407,
        "ebitdaratio": -0.1886212349,
        "operatingIncome": -3255995,
        "operatingIncomeRatio": -1.1778702583,
        "totalOtherIncomeExpensesNet": 0,
        "incomeBeforeTax": 0,
        "incomeBeforeTaxRatio": 0,
        "incomeTaxExpense": 0,
        "netIncome": -818442,
        "netIncomeRatio": -0.2960749294,
        "eps": -130.08,
        "epsdiluted": -130.08,
        "weightedAverageShsOut": 6292,
        "weightedAverageShsOutDil": 6292,
        "link": "https://www.sec.gov/Archives/edgar/data/819050/000091205700037067/0000912057-00-037067-index.htm",
        "finalLink": "https://www.sec.gov/Archives/edgar/data/819050/000091205700037067/a10-q.txt"
    },
    {
        "date": "2000-03-31",
        "symbol": "BBI",
        "reportedCurrency": "USD",
        "cik": "0000819050",
        "fillingDate": "2000-05-15",
        "acceptedDate": "2000-05-15 00:00:00",
        "calendarYear": "2000",
        "period": "Q1",
        "revenue": 997733,
        "costOfRevenue": -258892,
        "grossProfit": 1256625,
        "grossProfitRatio": 1.2594802417,
        "researchAndDevelopmentExpenses": 4316888,
        "generalAndAdministrativeExpenses": 0,
        "sellingAndMarketingExpenses": 0,
        "sellingGeneralAndAdministrativeExpenses": 1329872,
        "otherExpenses": 258892,
        "operatingExpenses": 5905652,
        "costAndExpenses": 5646760,
        "interestIncome": 1777108,
        "interestExpense": 0,
        "depreciationAndAmortization": 258892,
        "ebitda": -2651742,
        "ebitdaratio": -2.6577671581,
        "operatingIncome": -4649027,
        "operatingIncomeRatio": -4.6595902912,
        "totalOtherIncomeExpensesNet": 0,
        "incomeBeforeTax": 0,
        "incomeBeforeTaxRatio": 0,
        "incomeTaxExpense": 0,
        "netIncome": -2910634,
        "netIncomeRatio": -2.9172473999,
        "eps": -482.05,
        "epsdiluted": -482.05,
        "weightedAverageShsOut": 6038,
        "weightedAverageShsOutDil": 6038,
        "link": "https://www.sec.gov/Archives/edgar/data/819050/000091205700024464/0000912057-00-024464-index.html",
        "finalLink": "https://www.sec.gov/Archives/edgar/data/819050/000091205700024464/"
    },
    {
        "date": "1999-12-31",
        "symbol": "BBI",
        "reportedCurrency": "USD",
        "cik": "0000819050",
        "fillingDate": "2000-03-27",
        "acceptedDate": "2000-03-27 00:00:00",
        "calendarYear": "1999",
        "period": "Q4",
        "revenue": 4900000,
        "costOfRevenue": -200000,
        "grossProfit": 5100000,
        "grossProfitRatio": 1.0408163265,
        "researchAndDevelopmentExpenses": 4400000,
        "generalAndAdministrativeExpenses": 0,
        "sellingAndMarketingExpenses": 0,
        "sellingGeneralAndAdministrativeExpenses": 1200000,
        "otherExpenses": 200000,
        "operatingExpenses": 5800000,
        "costAndExpenses": 5600000,
        "interestIncome": 0,
        "interestExpense": 0,
        "depreciationAndAmortization": 200000,
        "ebitda": 200000,
        "ebitdaratio": 0.0408163265,
        "operatingIncome": -700000,
        "operatingIncomeRatio": -0.1428571429,
        "totalOtherIncomeExpensesNet": 0,
        "incomeBeforeTax": 0,
        "incomeBeforeTaxRatio": 0,
        "incomeTaxExpense": 200000,
        "netIncome": -200000,
        "netIncomeRatio": -0.0408163265,
        "eps": -33.12,
        "epsdiluted": -33.12,
        "weightedAverageShsOut": 6039,
        "weightedAverageShsOutDil": 6039,
        "link": "https://www.sec.gov/Archives/edgar/data/819050/000091205700013717/0000912057-00-013717-index.html",
        "finalLink": "https://www.sec.gov/Archives/edgar/data/819050/000091205700013717/"
    },
    {
        "date": "1999-09-30",
        "symbol": "BBI",
        "reportedCurrency": "USD",
        "cik": "0000819050",
        "fillingDate": "1999-11-15",
        "acceptedDate": "1999-11-15 00:00:00",
        "calendarYear": "1999",
        "period": "Q3",
        "revenue": 1200000,
        "costOfRevenue": -300000,
        "grossProfit": 1500000,
        "grossProfitRatio": 1.25,
        "researchAndDevelopmentExpenses": 3500000,
        "generalAndAdministrativeExpenses": 0,
        "sellingAndMarketingExpenses": 0,
        "sellingGeneralAndAdministrativeExpenses": 1100000,
        "otherExpenses": 300000,
        "operatingExpenses": 4900000,
        "costAndExpenses": 4600000,
        "interestIncome": 500000,
        "interestExpense": 0,
        "depreciationAndAmortization": 300000,
        "ebitda": -2500000,
        "ebitdaratio": -2.0833333333,
        "operatingIncome": -3400000,
        "operatingIncomeRatio": -2.8333333333,
        "totalOtherIncomeExpensesNet": 0,
        "incomeBeforeTax": 0,
        "incomeBeforeTaxRatio": 0,
        "incomeTaxExpense": 0,
        "netIncome": -2800000,
        "netIncomeRatio": -2.3333333333,
        "eps": -567.03,
        "epsdiluted": -567.03,
        "weightedAverageShsOut": 4938,
        "weightedAverageShsOutDil": 4938,
        "link": "https://www.sec.gov/Archives/edgar/data/819050/000091205799005553/0000912057-99-005553-index.html",
        "finalLink": "https://www.sec.gov/Archives/edgar/data/819050/000091205799005553/"
    },
    {
        "date": "1999-06-30",
        "symbol": "BBI",
        "reportedCurrency": "USD",
        "cik": "0000819050",
        "fillingDate": "1999-08-13",
        "acceptedDate": "1999-08-13 00:00:00",
        "calendarYear": "1999",
        "period": "Q2",
        "revenue": 1300000,
        "costOfRevenue": -300000,
        "grossProfit": 1600000,
        "grossProfitRatio": 1.2307692308,
        "researchAndDevelopmentExpenses": 3700000,
        "generalAndAdministrativeExpenses": 0,
        "sellingAndMarketingExpenses": 0,
        "sellingGeneralAndAdministrativeExpenses": 1100000,
        "otherExpenses": 300000,
        "operatingExpenses": 5100000,
        "costAndExpenses": 4800000,
        "interestIncome": 0,
        "interestExpense": 0,
        "depreciationAndAmortization": 300000,
        "ebitda": -2800000,
        "ebitdaratio": -2.1538461538,
        "operatingIncome": -3500000,
        "operatingIncomeRatio": -2.6923076923,
        "totalOtherIncomeExpensesNet": 600000,
        "incomeBeforeTax": -2900000,
        "incomeBeforeTaxRatio": -2.2307692308,
        "incomeTaxExpense": 600000,
        "netIncome": -3100000,
        "netIncomeRatio": -2.3846153846,
        "eps": -598.46,
        "epsdiluted": -598.46,
        "weightedAverageShsOut": 5180,
        "weightedAverageShsOutDil": 5180,
        "link": "https://www.sec.gov/Archives/edgar/data/819050/000104746999031787/0001047469-99-031787-index.html",
        "finalLink": "https://www.sec.gov/Archives/edgar/data/819050/000104746999031787/"
    },
    {
        "date": "1999-03-31",
        "symbol": "BBI",
        "reportedCurrency": "USD",
        "cik": "0000819050",
        "fillingDate": "1999-05-14",
        "acceptedDate": "1999-05-14 00:00:00",
        "calendarYear": "1999",
        "period": "Q1",
        "revenue": 3300000,
        "costOfRevenue": -200000,
        "grossProfit": 3500000,
        "grossProfitRatio": 1.0606060606,
        "researchAndDevelopmentExpenses": 3600000,
        "generalAndAdministrativeExpenses": 0,
        "sellingAndMarketingExpenses": 0,
        "sellingGeneralAndAdministrativeExpenses": 1000000,
        "otherExpenses": 200000,
        "operatingExpenses": 4800000,
        "costAndExpenses": 4600000,
        "interestIncome": 0,
        "interestExpense": 0,
        "depreciationAndAmortization": 200000,
        "ebitda": -600000,
        "ebitdaratio": -0.1818181818,
        "operatingIncome": -1300000,
        "operatingIncomeRatio": -0.3939393939,
        "totalOtherIncomeExpensesNet": 600000,
        "incomeBeforeTax": -700000,
        "incomeBeforeTaxRatio": -0.2121212121,
        "incomeTaxExpense": 600000,
        "netIncome": -800000,
        "netIncomeRatio": -0.2424242424,
        "eps": -157.51,
        "epsdiluted": -157.51,
        "weightedAverageShsOut": 5079,
        "weightedAverageShsOutDil": 5079,
        "link": "https://www.sec.gov/Archives/edgar/data/819050/000104746999020476/0001047469-99-020476-index.html",
        "finalLink": "https://www.sec.gov/Archives/edgar/data/819050/"
    },
    {
        "date": "1998-12-31",
        "symbol": "BBI",
        "reportedCurrency": "USD",
        "cik": "0000819050",
        "fillingDate": "1999-03-30",
        "acceptedDate": "1999-03-30 00:00:00",
        "calendarYear": "1998",
        "period": "Q4",
        "revenue": 900000,
        "costOfRevenue": -200000,
        "grossProfit": 1100000,
        "grossProfitRatio": 1.2222222222,
        "researchAndDevelopmentExpenses": 2800000,
        "generalAndAdministrativeExpenses": 0,
        "sellingAndMarketingExpenses": 0,
        "sellingGeneralAndAdministrativeExpenses": 800000,
        "otherExpenses": 200000,
        "operatingExpenses": 3800000,
        "costAndExpenses": 3600000,
        "interestIncome": 0,
        "interestExpense": 0,
        "depreciationAndAmortization": 200000,
        "ebitda": -1900000,
        "ebitdaratio": -2.1111111111,
        "operatingIncome": -2700000,
        "operatingIncomeRatio": -3,
        "totalOtherIncomeExpensesNet": 500000,
        "incomeBeforeTax": -2200000,
        "incomeBeforeTaxRatio": -2.4444444444,
        "incomeTaxExpense": 500000,
        "netIncome": -2100000,
        "netIncomeRatio": -2.3333333333,
        "eps": -413.47,
        "epsdiluted": -413.47,
        "weightedAverageShsOut": 5079,
        "weightedAverageShsOutDil": 5079,
        "link": "https://www.sec.gov/Archives/edgar/data/819050/000104746999012380/0001047469-99-012380-index.html",
        "finalLink": "https://www.sec.gov/Archives/edgar/data/819050/"
    },
    {
        "date": "1998-09-30",
        "symbol": "BBI",
        "reportedCurrency": "USD",
        "cik": "0000819050",
        "fillingDate": "1998-11-13",
        "acceptedDate": "1998-11-13 00:00:00",
        "calendarYear": "1998",
        "period": "Q3",
        "revenue": 1700000,
        "costOfRevenue": -200000,
        "grossProfit": 1900000,
        "grossProfitRatio": 1.1176470588,
        "researchAndDevelopmentExpenses": 3200000,
        "generalAndAdministrativeExpenses": 0,
        "sellingAndMarketingExpenses": 0,
        "sellingGeneralAndAdministrativeExpenses": 900000,
        "otherExpenses": 200000,
        "operatingExpenses": 4300000,
        "costAndExpenses": 4100000,
        "interestIncome": 0,
        "interestExpense": 0,
        "depreciationAndAmortization": 200000,
        "ebitda": -1600000,
        "ebitdaratio": -0.9411764706,
        "operatingIncome": -2400000,
        "operatingIncomeRatio": -1.4117647059,
        "totalOtherIncomeExpensesNet": 600000,
        "incomeBeforeTax": -1800000,
        "incomeBeforeTaxRatio": -1.0588235294,
        "incomeTaxExpense": 0,
        "netIncome": -1800000,
        "netIncomeRatio": -1.0588235294,
        "eps": -346.49,
        "epsdiluted": -346.49,
        "weightedAverageShsOut": 5195,
        "weightedAverageShsOutDil": 5195,
        "link": "https://www.sec.gov/Archives/edgar/data/819050/000104746998040836/0001047469-98-040836-index.html",
        "finalLink": "https://www.sec.gov/Archives/edgar/data/819050/"
    },
    {
        "date": "1998-06-30",
        "symbol": "BBI",
        "reportedCurrency": "USD",
        "cik": "0000819050",
        "fillingDate": "1998-08-14",
        "acceptedDate": "1998-08-14 00:00:00",
        "calendarYear": "1998",
        "period": "Q2",
        "revenue": 600000,
        "costOfRevenue": -300000,
        "grossProfit": 900000,
        "grossProfitRatio": 1.5,
        "researchAndDevelopmentExpenses": 3100000,
        "generalAndAdministrativeExpenses": 0,
        "sellingAndMarketingExpenses": 0,
        "sellingGeneralAndAdministrativeExpenses": 1000000,
        "otherExpenses": 300000,
        "operatingExpenses": 4400000,
        "costAndExpenses": 4100000,
        "interestIncome": 0,
        "interestExpense": 0,
        "depreciationAndAmortization": 300000,
        "ebitda": -2600000,
        "ebitdaratio": -4.3333333333,
        "operatingIncome": -3500000,
        "operatingIncomeRatio": -5.8333333333,
        "totalOtherIncomeExpensesNet": 600000,
        "incomeBeforeTax": -2900000,
        "incomeBeforeTaxRatio": -4.8333333333,
        "incomeTaxExpense": 0,
        "netIncome": -2900000,
        "netIncomeRatio": -4.8333333333,
        "eps": -598.56,
        "epsdiluted": -598.56,
        "weightedAverageShsOut": 4845,
        "weightedAverageShsOutDil": 4845,
        "link": "https://www.sec.gov/Archives/edgar/data/819050/000104746998031202/0001047469-98-031202-index.html",
        "finalLink": "https://www.sec.gov/Archives/edgar/data/819050/"
    },
    {
        "date": "1998-03-31",
        "symbol": "BBI",
        "reportedCurrency": "USD",
        "cik": "0000819050",
        "fillingDate": "1998-05-12",
        "acceptedDate": "1998-05-12 00:00:00",
        "calendarYear": "1998",
        "period": "Q1",
        "revenue": 2700000,
        "costOfRevenue": -200000,
        "grossProfit": 2900000,
        "grossProfitRatio": 1.0740740741,
        "researchAndDevelopmentExpenses": 3100000,
        "generalAndAdministrativeExpenses": 0,
        "sellingAndMarketingExpenses": 0,
        "sellingGeneralAndAdministrativeExpenses": 1000000,
        "otherExpenses": 200000,
        "operatingExpenses": 4300000,
        "costAndExpenses": 4100000,
        "interestIncome": 0,
        "interestExpense": 0,
        "depreciationAndAmortization": 200000,
        "ebitda": -500000,
        "ebitdaratio": -0.1851851852,
        "operatingIncome": -1400000,
        "operatingIncomeRatio": -0.5185185185,
        "totalOtherIncomeExpensesNet": 700000,
        "incomeBeforeTax": -700000,
        "incomeBeforeTaxRatio": -0.2592592593,
        "incomeTaxExpense": 0,
        "netIncome": -700000,
        "netIncomeRatio": -0.2592592593,
        "eps": -157.52,
        "epsdiluted": -157.52,
        "weightedAverageShsOut": 4444,
        "weightedAverageShsOutDil": 4444,
        "link": "https://www.sec.gov/Archives/edgar/data/819050/000104746998019435/0001047469-98-019435-index.html",
        "finalLink": "https://www.sec.gov/Archives/edgar/data/819050/"
    },
    {
        "date": "1997-12-31",
        "symbol": "BBI",
        "reportedCurrency": "USD",
        "cik": "0000819050",
        "fillingDate": "1998-03-30",
        "acceptedDate": "1998-03-30 00:00:00",
        "calendarYear": "1997",
        "period": "Q4",
        "revenue": 2300000,
        "costOfRevenue": -200000,
        "grossProfit": 2500000,
        "grossProfitRatio": 1.0869565217,
        "researchAndDevelopmentExpenses": 3000000,
        "generalAndAdministrativeExpenses": 0,
        "sellingAndMarketingExpenses": 0,
        "sellingGeneralAndAdministrativeExpenses": 1000000,
        "otherExpenses": 200000,
        "operatingExpenses": 4200000,
        "costAndExpenses": 4000000,
        "interestIncome": 0,
        "interestExpense": 0,
        "depreciationAndAmortization": 200000,
        "ebitda": -900000,
        "ebitdaratio": -0.3913043478,
        "operatingIncome": -1700000,
        "operatingIncomeRatio": -0.7391304348,
        "totalOtherIncomeExpensesNet": 600000,
        "incomeBeforeTax": -1100000,
        "incomeBeforeTaxRatio": -0.4782608696,
        "incomeTaxExpense": 0,
        "netIncome": -1100000,
        "netIncomeRatio": -0.4782608696,
        "eps": -247.52,
        "epsdiluted": -247.52,
        "weightedAverageShsOut": 4444,
        "weightedAverageShsOutDil": 4444,
        "link": "https://www.sec.gov/Archives/edgar/data/819050/000104746998012526/0001047469-98-012526-index.html",
        "finalLink": "https://www.sec.gov/Archives/edgar/data/819050/"
    },
    {
        "date": "1997-09-30",
        "symbol": "BBI",
        "reportedCurrency": "USD",
        "cik": "0000819050",
        "fillingDate": "1997-11-07",
        "acceptedDate": "1997-11-07 00:00:00",
        "calendarYear": "1997",
        "period": "Q3",
        "revenue": 3500000,
        "costOfRevenue": -300000,
        "grossProfit": 3800000,
        "grossProfitRatio": 1.0857142857,
        "researchAndDevelopmentExpenses": 3300000,
        "generalAndAdministrativeExpenses": 0,
        "sellingAndMarketingExpenses": 0,
        "sellingGeneralAndAdministrativeExpenses": 900000,
        "otherExpenses": 300000,
        "operatingExpenses": 4500000,
        "costAndExpenses": 4200000,
        "interestIncome": 0,
        "interestExpense": 0,
        "depreciationAndAmortization": 300000,
        "ebitda": 100000,
        "ebitdaratio": 0.0285714286,
        "operatingIncome": -700000,
        "operatingIncomeRatio": -0.2,
        "totalOtherIncomeExpensesNet": 600000,
        "incomeBeforeTax": -100000,
        "incomeBeforeTaxRatio": -0.0285714286,
        "incomeTaxExpense": 600000,
        "netIncome": -200000,
        "netIncomeRatio": -0.0571428571,
        "eps": -31.5,
        "epsdiluted": -31.5,
        "weightedAverageShsOut": 6349,
        "weightedAverageShsOutDil": 6349,
        "link": "https://www.sec.gov/Archives/edgar/data/819050/000104746997003115/0001047469-97-003115-index.html",
        "finalLink": "https://www.sec.gov/Archives/edgar/data/819050/"
    },
    {
        "date": "1997-06-30",
        "symbol": "BBI",
        "reportedCurrency": "USD",
        "cik": "0000819050",
        "fillingDate": "1997-08-13",
        "acceptedDate": "1997-08-13 00:00:00",
        "calendarYear": "1997",
        "period": "Q2",
        "revenue": 900000,
        "costOfRevenue": -200000,
        "grossProfit": 1100000,
        "grossProfitRatio": 1.2222222222,
        "researchAndDevelopmentExpenses": 2800000,
        "generalAndAdministrativeExpenses": 0,
        "sellingAndMarketingExpenses": 0,
        "sellingGeneralAndAdministrativeExpenses": 900000,
        "otherExpenses": 200000,
        "operatingExpenses": 3900000,
        "costAndExpenses": 3700000,
        "interestIncome": 0,
        "interestExpense": 0,
        "depreciationAndAmortization": 200000,
        "ebitda": -2100000,
        "ebitdaratio": -2.3333333333,
        "operatingIncome": -2800000,
        "operatingIncomeRatio": -3.1111111111,
        "totalOtherIncomeExpensesNet": 600000,
        "incomeBeforeTax": -2200000,
        "incomeBeforeTaxRatio": -2.4444444444,
        "incomeTaxExpense": 600000,
        "netIncome": -2300000,
        "netIncomeRatio": -2.5555555556,
        "eps": -472.47,
        "epsdiluted": -472.47,
        "weightedAverageShsOut": 4868,
        "weightedAverageShsOutDil": 4868,
        "link": "https://www.sec.gov/Archives/edgar/data/819050/000091205797027520/0000912057-97-027520-index.html",
        "finalLink": "https://www.sec.gov/Archives/edgar/data/819050/"
    },
    {
        "date": "1997-03-31",
        "symbol": "BBI",
        "reportedCurrency": "USD",
        "cik": "0000819050",
        "fillingDate": "1997-05-09",
        "acceptedDate": "1997-05-09 00:00:00",
        "calendarYear": "1997",
        "period": "Q1",
        "revenue": 1100000,
        "costOfRevenue": -200000,
        "grossProfit": 1300000,
        "grossProfitRatio": 1.1818181818,
        "researchAndDevelopmentExpenses": 2800000,
        "generalAndAdministrativeExpenses": 0,
        "sellingAndMarketingExpenses": 0,
        "sellingGeneralAndAdministrativeExpenses": 900000,
        "otherExpenses": 200000,
        "operatingExpenses": 3900000,
        "costAndExpenses": 3700000,
        "interestIncome": 0,
        "interestExpense": 0,
        "depreciationAndAmortization": 200000,
        "ebitda": -1800000,
        "ebitdaratio": -1.6363636364,
        "operatingIncome": -2600000,
        "operatingIncomeRatio": -2.3636363636,
        "totalOtherIncomeExpensesNet": 600000,
        "incomeBeforeTax": -2000000,
        "incomeBeforeTaxRatio": -1.8181818182,
        "incomeTaxExpense": 0,
        "netIncome": -2000000,
        "netIncomeRatio": -1.8181818182,
        "eps": -409.5,
        "epsdiluted": -409.5,
        "weightedAverageShsOut": 4884,
        "weightedAverageShsOutDil": 4884,
        "link": "https://www.sec.gov/Archives/edgar/data/819050/000093639297000659/0000936392-97-000659-index.html",
        "finalLink": "https://www.sec.gov/Archives/edgar/data/819050/"
    },
    {
        "date": "1996-12-31",
        "symbol": "BBI",
        "reportedCurrency": "USD",
        "cik": "0000819050",
        "fillingDate": "1997-03-25",
        "acceptedDate": "1997-03-25 00:00:00",
        "calendarYear": "1996",
        "period": "Q4",
        "revenue": 2100000,
        "costOfRevenue": -200000,
        "grossProfit": 2300000,
        "grossProfitRatio": 1.0952380952,
        "researchAndDevelopmentExpenses": 3200000,
        "generalAndAdministrativeExpenses": 0,
        "sellingAndMarketingExpenses": 0,
        "sellingGeneralAndAdministrativeExpenses": 1000000,
        "otherExpenses": 200000,
        "operatingExpenses": 4400000,
        "costAndExpenses": 4200000,
        "interestIncome": 0,
        "interestExpense": 0,
        "depreciationAndAmortization": 200000,
        "ebitda": -1200000,
        "ebitdaratio": -0.5714285714,
        "operatingIncome": -2100000,
        "operatingIncomeRatio": -1,
        "totalOtherIncomeExpensesNet": 700000,
        "incomeBeforeTax": -1400000,
        "incomeBeforeTaxRatio": -0.6666666667,
        "incomeTaxExpense": 0,
        "netIncome": -1400000,
        "netIncomeRatio": -0.6666666667,
        "eps": -286.65,
        "epsdiluted": -286.65,
        "weightedAverageShsOut": 4884,
        "weightedAverageShsOutDil": 4884,
        "link": "https://www.sec.gov/Archives/edgar/data/819050/000093639297000392/0000936392-97-000392-index.html",
        "finalLink": "https://www.sec.gov/Archives/edgar/data/819050/"
    },
    {
        "date": "1996-09-30",
        "symbol": "BBI",
        "reportedCurrency": "USD",
        "cik": "0000819050",
        "fillingDate": "1996-11-13",
        "acceptedDate": "1996-11-13 00:00:00",
        "calendarYear": "1996",
        "period": "Q3",
        "revenue": 500000,
        "costOfRevenue": -200000,
        "grossProfit": 700000,
        "grossProfitRatio": 1.4,
        "researchAndDevelopmentExpenses": 2600000,
        "generalAndAdministrativeExpenses": 0,
        "sellingAndMarketingExpenses": 0,
        "sellingGeneralAndAdministrativeExpenses": 800000,
        "otherExpenses": 200000,
        "operatingExpenses": 3600000,
        "costAndExpenses": 3400000,
        "interestIncome": 0,
        "interestExpense": 0,
        "depreciationAndAmortization": 200000,
        "ebitda": -1900000,
        "ebitdaratio": -3.8,
        "operatingIncome": -2900000,
        "operatingIncomeRatio": -5.8,
        "totalOtherIncomeExpensesNet": 700000,
        "incomeBeforeTax": -2200000,
        "incomeBeforeTaxRatio": -4.4,
        "incomeTaxExpense": 700000,
        "netIncome": -2100000,
        "netIncomeRatio": -4.2,
        "eps": -440.99,
        "epsdiluted": -440.99,
        "weightedAverageShsOut": 4762,
        "weightedAverageShsOutDil": 4762,
        "link": "https://www.sec.gov/Archives/edgar/data/819050/000093639296000981/0000936392-96-000981-index.html",
        "finalLink": "https://www.sec.gov/Archives/edgar/data/819050/"
    },
    {
        "date": "1996-06-30",
        "symbol": "BBI",
        "reportedCurrency": "USD",
        "cik": "0000819050",
        "fillingDate": "1996-08-13",
        "acceptedDate": "1996-08-13 00:00:00",
        "calendarYear": "1996",
        "period": "Q2",
        "revenue": 3600000,
        "costOfRevenue": -100000,
        "grossProfit": 3700000,
        "grossProfitRatio": 1.0277777778,
        "researchAndDevelopmentExpenses": 3100000,
        "generalAndAdministrativeExpenses": 0,
        "sellingAndMarketingExpenses": 0,
        "sellingGeneralAndAdministrativeExpenses": 700000,
        "otherExpenses": 100000,
        "operatingExpenses": 3900000,
        "costAndExpenses": 3800000,
        "interestIncome": 0,
        "interestExpense": 0,
        "depreciationAndAmortization": 100000,
        "ebitda": 500000,
        "ebitdaratio": 0.1388888889,
        "operatingIncome": -200000,
        "operatingIncomeRatio": -0.0555555556,
        "totalOtherIncomeExpensesNet": 700000,
        "incomeBeforeTax": 500000,
        "incomeBeforeTaxRatio": 0.1388888889,
        "incomeTaxExpense": 700000,
        "netIncome": 400000,
        "netIncomeRatio": 0.1111111111,
        "eps": 63,
        "epsdiluted": 63,
        "weightedAverageShsOut": 6349,
        "weightedAverageShsOutDil": 6349,
        "link": "https://www.sec.gov/Archives/edgar/data/819050/000093639296000620/0000936392-96-000620-index.html",
        "finalLink": "https://www.sec.gov/Archives/edgar/data/819050/"
    },
    {
        "date": "1996-03-31",
        "symbol": "BBI",
        "reportedCurrency": "USD",
        "cik": "0000819050",
        "fillingDate": "1996-03-31",
        "acceptedDate": "1996-03-30 19:00:00",
        "calendarYear": "1996",
        "period": "Q1",
        "revenue": 500000,
        "costOfRevenue": -100000,
        "grossProfit": 600000,
        "grossProfitRatio": 1.2,
        "researchAndDevelopmentExpenses": 2400000,
        "generalAndAdministrativeExpenses": 0,
        "sellingAndMarketingExpenses": 0,
        "sellingGeneralAndAdministrativeExpenses": 700000,
        "otherExpenses": 100000,
        "operatingExpenses": 3200000,
        "costAndExpenses": 3100000,
        "interestIncome": 0,
        "interestExpense": 0,
        "depreciationAndAmortization": 100000,
        "ebitda": -1800000,
        "ebitdaratio": -3.6,
        "operatingIncome": -2600000,
        "operatingIncomeRatio": -5.2,
        "totalOtherIncomeExpensesNet": 700000,
        "incomeBeforeTax": -1900000,
        "incomeBeforeTaxRatio": -3.8,
        "incomeTaxExpense": 0,
        "netIncome": -1900000,
        "netIncomeRatio": -3.8,
        "eps": -378.03,
        "epsdiluted": -378.03,
        "weightedAverageShsOut": 5026,
        "weightedAverageShsOutDil": 5026,
        "link": "",
        "finalLink": ""
    },
    {
        "date": "1995-12-31",
        "symbol": "BBI",
        "reportedCurrency": "USD",
        "cik": "0000819050",
        "fillingDate": "1995-12-31",
        "acceptedDate": "1995-12-30 19:00:00",
        "calendarYear": "1995",
        "period": "Q4",
        "revenue": 700000,
        "costOfRevenue": -200000,
        "grossProfit": 900000,
        "grossProfitRatio": 1.2857142857,
        "researchAndDevelopmentExpenses": 2100000,
        "generalAndAdministrativeExpenses": 0,
        "sellingAndMarketingExpenses": 0,
        "sellingGeneralAndAdministrativeExpenses": 700000,
        "otherExpenses": 200000,
        "operatingExpenses": 3000000,
        "costAndExpenses": 2800000,
        "interestIncome": 0,
        "interestExpense": 0,
        "depreciationAndAmortization": 200000,
        "ebitda": -1200000,
        "ebitdaratio": -1.7142857143,
        "operatingIncome": -2100000,
        "operatingIncomeRatio": -3,
        "totalOtherIncomeExpensesNet": 700000,
        "incomeBeforeTax": -1400000,
        "incomeBeforeTaxRatio": -2,
        "incomeTaxExpense": 0,
        "netIncome": -1400000,
        "netIncomeRatio": -2,
        "eps": -278.55,
        "epsdiluted": -278.55,
        "weightedAverageShsOut": 5026,
        "weightedAverageShsOutDil": 5026,
        "link": "",
        "finalLink": ""
    },
    {
        "date": "1995-09-30",
        "symbol": "BBI",
        "reportedCurrency": "USD",
        "cik": "0000819050",
        "fillingDate": "1995-09-30",
        "acceptedDate": "1995-09-29 20:00:00",
        "calendarYear": "1995",
        "period": "Q3",
        "revenue": 1200000,
        "costOfRevenue": -100000,
        "grossProfit": 1300000,
        "grossProfitRatio": 1.0833333333,
        "researchAndDevelopmentExpenses": 2000000,
        "generalAndAdministrativeExpenses": 0,
        "sellingAndMarketingExpenses": 0,
        "sellingGeneralAndAdministrativeExpenses": 500000,
        "otherExpenses": 100000,
        "operatingExpenses": 2600000,
        "costAndExpenses": 2500000,
        "interestIncome": 0,
        "interestExpense": 0,
        "depreciationAndAmortization": 200000,
        "ebitda": -1100000,
        "ebitdaratio": -0.9166666667,
        "operatingIncome": -1300000,
        "operatingIncomeRatio": -1.0833333333,
        "totalOtherIncomeExpensesNet": 300000,
        "incomeBeforeTax": -1000000,
        "incomeBeforeTaxRatio": -0.8333333333,
        "incomeTaxExpense": 100000,
        "netIncome": -1100000,
        "netIncomeRatio": -0.9166666667,
        "eps": -252,
        "epsdiluted": -252,
        "weightedAverageShsOut": 4365,
        "weightedAverageShsOutDil": 4365,
        "link": "",
        "finalLink": ""
    },
    {
        "date": "1995-06-30",
        "symbol": "BBI",
        "reportedCurrency": "USD",
        "cik": "0000819050",
        "fillingDate": "1995-06-30",
        "acceptedDate": "1995-06-29 20:00:00",
        "calendarYear": "1995",
        "period": "Q2",
        "revenue": 3500000,
        "costOfRevenue": -200000,
        "grossProfit": 3700000,
        "grossProfitRatio": 1.0571428571,
        "researchAndDevelopmentExpenses": 2800000,
        "generalAndAdministrativeExpenses": 0,
        "sellingAndMarketingExpenses": 0,
        "sellingGeneralAndAdministrativeExpenses": 1000000,
        "otherExpenses": 200000,
        "operatingExpenses": 4000000,
        "costAndExpenses": 3800000,
        "interestIncome": 0,
        "interestExpense": 0,
        "depreciationAndAmortization": 200000,
        "ebitda": 100000,
        "ebitdaratio": 0.0285714286,
        "operatingIncome": -300000,
        "operatingIncomeRatio": -0.0857142857,
        "totalOtherIncomeExpensesNet": 300000,
        "incomeBeforeTax": 0,
        "incomeBeforeTaxRatio": 0,
        "incomeTaxExpense": 300000,
        "netIncome": -100000,
        "netIncomeRatio": -0.0285714286,
        "eps": -25.2,
        "epsdiluted": -25.2,
        "weightedAverageShsOut": 3968,
        "weightedAverageShsOutDil": 3968,
        "link": "",
        "finalLink": ""
    },
    {
        "date": "1995-03-31",
        "symbol": "BBI",
        "reportedCurrency": "USD",
        "cik": "0000819050",
        "fillingDate": "1995-03-31",
        "acceptedDate": "1995-03-30 19:00:00",
        "calendarYear": "1995",
        "period": "Q1",
        "revenue": 1000000,
        "costOfRevenue": -100000,
        "grossProfit": 1100000,
        "grossProfitRatio": 1.1,
        "researchAndDevelopmentExpenses": 2100000,
        "generalAndAdministrativeExpenses": 0,
        "sellingAndMarketingExpenses": 0,
        "sellingGeneralAndAdministrativeExpenses": 700000,
        "otherExpenses": 100000,
        "operatingExpenses": 2900000,
        "costAndExpenses": 2800000,
        "interestIncome": 0,
        "interestExpense": 0,
        "depreciationAndAmortization": 100000,
        "ebitda": -1400000,
        "ebitdaratio": -1.4,
        "operatingIncome": -1800000,
        "operatingIncomeRatio": -1.8,
        "totalOtherIncomeExpensesNet": 300000,
        "incomeBeforeTax": -1500000,
        "incomeBeforeTaxRatio": -1.5,
        "incomeTaxExpense": 0,
        "netIncome": -1500000,
        "netIncomeRatio": -1.5,
        "eps": -378.02,
        "epsdiluted": -378.02,
        "weightedAverageShsOut": 3968,
        "weightedAverageShsOutDil": 3968,
        "link": "",
        "finalLink": ""
    },
    {
        "date": "1994-12-31",
        "symbol": "BBI",
        "reportedCurrency": "USD",
        "cik": "0000819050",
        "fillingDate": "1994-12-31",
        "acceptedDate": "1994-12-30 19:00:00",
        "calendarYear": "1994",
        "period": "Q4",
        "revenue": 600000,
        "costOfRevenue": -200000,
        "grossProfit": 800000,
        "grossProfitRatio": 1.3333333333,
        "researchAndDevelopmentExpenses": 2200000,
        "generalAndAdministrativeExpenses": 0,
        "sellingAndMarketingExpenses": 0,
        "sellingGeneralAndAdministrativeExpenses": 600000,
        "otherExpenses": 200000,
        "operatingExpenses": 3000000,
        "costAndExpenses": 2800000,
        "interestIncome": 0,
        "interestExpense": 0,
        "depreciationAndAmortization": 200000,
        "ebitda": -1800000,
        "ebitdaratio": -3,
        "operatingIncome": -2200000,
        "operatingIncomeRatio": -3.6666666667,
        "totalOtherIncomeExpensesNet": 300000,
        "incomeBeforeTax": -1900000,
        "incomeBeforeTaxRatio": -3.1666666667,
        "incomeTaxExpense": 300000,
        "netIncome": -2000000,
        "netIncomeRatio": -3.3333333333,
        "eps": -504.03,
        "epsdiluted": -504.03,
        "weightedAverageShsOut": 3968,
        "weightedAverageShsOutDil": 3968,
        "link": "",
        "finalLink": ""
    },
    {
        "date": "1994-09-30",
        "symbol": "BBI",
        "reportedCurrency": "USD",
        "cik": "0000819050",
        "fillingDate": "1994-09-30",
        "acceptedDate": "1994-09-29 20:00:00",
        "calendarYear": "1994",
        "period": "Q3",
        "revenue": 1500000,
        "costOfRevenue": -100000,
        "grossProfit": 1600000,
        "grossProfitRatio": 1.0666666667,
        "researchAndDevelopmentExpenses": 2100000,
        "generalAndAdministrativeExpenses": 0,
        "sellingAndMarketingExpenses": 0,
        "sellingGeneralAndAdministrativeExpenses": 600000,
        "otherExpenses": 100000,
        "operatingExpenses": 2800000,
        "costAndExpenses": 2700000,
        "interestIncome": 0,
        "interestExpense": 0,
        "depreciationAndAmortization": 100000,
        "ebitda": -600000,
        "ebitdaratio": -0.4,
        "operatingIncome": -1200000,
        "operatingIncomeRatio": -0.8,
        "totalOtherIncomeExpensesNet": 300000,
        "incomeBeforeTax": -900000,
        "incomeBeforeTaxRatio": -0.6,
        "incomeTaxExpense": 300000,
        "netIncome": -700000,
        "netIncomeRatio": -0.4666666667,
        "eps": -188.98,
        "epsdiluted": -188.98,
        "weightedAverageShsOut": 3704,
        "weightedAverageShsOutDil": 3704,
        "link": "",
        "finalLink": ""
    },
    {
        "date": "1994-06-30",
        "symbol": "BBI",
        "reportedCurrency": "USD",
        "cik": "0000819050",
        "fillingDate": "1994-06-30",
        "acceptedDate": "1994-06-29 20:00:00",
        "calendarYear": "1994",
        "period": "Q2",
        "revenue": 2300000,
        "costOfRevenue": -100000,
        "grossProfit": 2400000,
        "grossProfitRatio": 1.0434782609,
        "researchAndDevelopmentExpenses": 2200000,
        "generalAndAdministrativeExpenses": 0,
        "sellingAndMarketingExpenses": 0,
        "sellingGeneralAndAdministrativeExpenses": 700000,
        "otherExpenses": 100000,
        "operatingExpenses": 3000000,
        "costAndExpenses": 2900000,
        "interestIncome": 0,
        "interestExpense": 0,
        "depreciationAndAmortization": 100000,
        "ebitda": -300000,
        "ebitdaratio": -0.1304347826,
        "operatingIncome": -600000,
        "operatingIncomeRatio": -0.2608695652,
        "totalOtherIncomeExpensesNet": 300000,
        "incomeBeforeTax": -300000,
        "incomeBeforeTaxRatio": -0.1304347826,
        "incomeTaxExpense": 300000,
        "netIncome": -400000,
        "netIncomeRatio": -0.1739130435,
        "eps": -94.5,
        "epsdiluted": -94.5,
        "weightedAverageShsOut": 4233,
        "weightedAverageShsOutDil": 4233,
        "link": "",
        "finalLink": ""
    },
    {
        "date": "1994-03-31",
        "symbol": "BBI",
        "reportedCurrency": "USD",
        "cik": "0000819050",
        "fillingDate": "1994-03-31",
        "acceptedDate": "1994-03-30 19:00:00",
        "calendarYear": "1994",
        "period": "Q1",
        "revenue": 1000000,
        "costOfRevenue": -100000,
        "grossProfit": 1100000,
        "grossProfitRatio": 1.1,
        "researchAndDevelopmentExpenses": 1900000,
        "generalAndAdministrativeExpenses": 0,
        "sellingAndMarketingExpenses": 0,
        "sellingGeneralAndAdministrativeExpenses": 700000,
        "otherExpenses": 100000,
        "operatingExpenses": 2700000,
        "costAndExpenses": 2600000,
        "interestIncome": 0,
        "interestExpense": 0,
        "depreciationAndAmortization": 100000,
        "ebitda": -1200000,
        "ebitdaratio": -1.2,
        "operatingIncome": -1600000,
        "operatingIncomeRatio": -1.6,
        "totalOtherIncomeExpensesNet": 300000,
        "incomeBeforeTax": -1300000,
        "incomeBeforeTaxRatio": -1.3,
        "incomeTaxExpense": 0,
        "netIncome": -1300000,
        "netIncomeRatio": -1.3,
        "eps": -315,
        "epsdiluted": -315,
        "weightedAverageShsOut": 4127,
        "weightedAverageShsOutDil": 4127,
        "link": "",
        "finalLink": ""
    },
    {
        "date": "1993-12-31",
        "symbol": "BBI",
        "reportedCurrency": "USD",
        "cik": "0000819050",
        "fillingDate": "1993-12-31",
        "acceptedDate": "1993-12-30 19:00:00",
        "calendarYear": "1993",
        "period": "Q4",
        "revenue": 900000,
        "costOfRevenue": 6000000,
        "grossProfit": -5100000,
        "grossProfitRatio": -5.6666666667,
        "researchAndDevelopmentExpenses": 0,
        "generalAndAdministrativeExpenses": 0,
        "sellingAndMarketingExpenses": 0,
        "sellingGeneralAndAdministrativeExpenses": -3900000,
        "otherExpenses": 100000,
        "operatingExpenses": -3800000,
        "costAndExpenses": 2200000,
        "interestIncome": 0,
        "interestExpense": 0,
        "depreciationAndAmortization": 100000,
        "ebitda": -1000000,
        "ebitdaratio": -1.1111111111,
        "operatingIncome": -1300000,
        "operatingIncomeRatio": -1.4444444444,
        "totalOtherIncomeExpensesNet": 300000,
        "incomeBeforeTax": -1000000,
        "incomeBeforeTaxRatio": -1.1111111111,
        "incomeTaxExpense": 300000,
        "netIncome": -1100000,
        "netIncomeRatio": -1.2222222222,
        "eps": -266.54,
        "epsdiluted": -266.54,
        "weightedAverageShsOut": 4127,
        "weightedAverageShsOutDil": 4127,
        "link": "",
        "finalLink": ""
    },
    {
        "date": "1993-09-30",
        "symbol": "BBI",
        "reportedCurrency": "USD",
        "cik": "0000819050",
        "fillingDate": "1993-09-30",
        "acceptedDate": "1993-09-29 20:00:00",
        "calendarYear": "1993",
        "period": "Q3",
        "revenue": 600000,
        "costOfRevenue": -200000,
        "grossProfit": 800000,
        "grossProfitRatio": 1.3333333333,
        "researchAndDevelopmentExpenses": 0,
        "generalAndAdministrativeExpenses": 0,
        "sellingAndMarketingExpenses": 0,
        "sellingGeneralAndAdministrativeExpenses": 2000000,
        "otherExpenses": 200000,
        "operatingExpenses": 2200000,
        "costAndExpenses": 2000000,
        "interestIncome": 0,
        "interestExpense": 0,
        "depreciationAndAmortization": 100000,
        "ebitda": -1000000,
        "ebitdaratio": -1.6666666667,
        "operatingIncome": -1400000,
        "operatingIncomeRatio": -2.3333333333,
        "totalOtherIncomeExpensesNet": 300000,
        "incomeBeforeTax": -1100000,
        "incomeBeforeTaxRatio": -1.8333333333,
        "incomeTaxExpense": 0,
        "netIncome": -1100000,
        "netIncomeRatio": -1.8333333333,
        "eps": -283.51,
        "epsdiluted": -283.51,
        "weightedAverageShsOut": 3880,
        "weightedAverageShsOutDil": 3880,
        "link": "",
        "finalLink": ""
    },
    {
        "date": "1993-06-30",
        "symbol": "BBI",
        "reportedCurrency": "USD",
        "cik": "0000819050",
        "fillingDate": "1993-06-30",
        "acceptedDate": "1993-06-29 20:00:00",
        "calendarYear": "1993",
        "period": "Q2",
        "revenue": 800000,
        "costOfRevenue": -100000,
        "grossProfit": 900000,
        "grossProfitRatio": 1.125,
        "researchAndDevelopmentExpenses": 0,
        "generalAndAdministrativeExpenses": 0,
        "sellingAndMarketingExpenses": 0,
        "sellingGeneralAndAdministrativeExpenses": 2100000,
        "otherExpenses": 100000,
        "operatingExpenses": 2200000,
        "costAndExpenses": 2100000,
        "interestIncome": 0,
        "interestExpense": 0,
        "depreciationAndAmortization": 100000,
        "ebitda": -1100000,
        "ebitdaratio": -1.375,
        "operatingIncome": -1300000,
        "operatingIncomeRatio": -1.625,
        "totalOtherIncomeExpensesNet": 200000,
        "incomeBeforeTax": -1100000,
        "incomeBeforeTaxRatio": -1.375,
        "incomeTaxExpense": 200000,
        "netIncome": -1200000,
        "netIncomeRatio": -1.5,
        "eps": -346.52,
        "epsdiluted": -346.52,
        "weightedAverageShsOut": 3463,
        "weightedAverageShsOutDil": 3463,
        "link": "",
        "finalLink": ""
    },
    {
        "date": "1993-03-31",
        "symbol": "BBI",
        "reportedCurrency": "USD",
        "cik": "0000819050",
        "fillingDate": "1993-03-31",
        "acceptedDate": "1993-03-30 19:00:00",
        "calendarYear": "1993",
        "period": "Q1",
        "revenue": 3700000,
        "costOfRevenue": -100000,
        "grossProfit": 3800000,
        "grossProfitRatio": 1.027027027,
        "researchAndDevelopmentExpenses": 0,
        "generalAndAdministrativeExpenses": 0,
        "sellingAndMarketingExpenses": 0,
        "sellingGeneralAndAdministrativeExpenses": 1800000,
        "otherExpenses": 100000,
        "operatingExpenses": 1900000,
        "costAndExpenses": 1800000,
        "interestIncome": 0,
        "interestExpense": 0,
        "depreciationAndAmortization": 100000,
        "ebitda": 2000000,
        "ebitdaratio": 0.5405405405,
        "operatingIncome": 1900000,
        "operatingIncomeRatio": 0.5135135135,
        "totalOtherIncomeExpensesNet": 100000,
        "incomeBeforeTax": 2000000,
        "incomeBeforeTaxRatio": 0.5405405405,
        "incomeTaxExpense": 100000,
        "netIncome": 1900000,
        "netIncomeRatio": 0.5135135135,
        "eps": 661.56,
        "epsdiluted": 661.56,
        "weightedAverageShsOut": 2872,
        "weightedAverageShsOutDil": 2872,
        "link": "",
        "finalLink": ""
    },
    {
        "date": "1992-12-31",
        "symbol": "BBI",
        "reportedCurrency": "USD",
        "cik": "0000819050",
        "fillingDate": "1992-12-31",
        "acceptedDate": "1992-12-30 19:00:00",
        "calendarYear": "1992",
        "period": "Q4",
        "revenue": 900000,
        "costOfRevenue": 0,
        "grossProfit": 900000,
        "grossProfitRatio": 1,
        "researchAndDevelopmentExpenses": 0,
        "generalAndAdministrativeExpenses": 0,
        "sellingAndMarketingExpenses": 0,
        "sellingGeneralAndAdministrativeExpenses": 0,
        "otherExpenses": -5800000,
        "operatingExpenses": -5800000,
        "costAndExpenses": -5800000,
        "interestIncome": 0,
        "interestExpense": 0,
        "depreciationAndAmortization": 4200000,
        "ebitda": -700000,
        "ebitdaratio": -0.7777777778,
        "operatingIncome": -4900000,
        "operatingIncomeRatio": -5.4444444444,
        "totalOtherIncomeExpensesNet": 0,
        "incomeBeforeTax": 0,
        "incomeBeforeTaxRatio": 0,
        "incomeTaxExpense": -4200000,
        "netIncome": -700000,
        "netIncomeRatio": -0.7777777778,
        "eps": -243.73,
        "epsdiluted": -243.73,
        "weightedAverageShsOut": 2872,
        "weightedAverageShsOutDil": 2872,
        "link": "",
        "finalLink": ""
    },
    {
        "date": "1992-09-30",
        "symbol": "BBI",
        "reportedCurrency": "USD",
        "cik": "0000819050",
        "fillingDate": "1992-09-30",
        "acceptedDate": "1992-09-29 20:00:00",
        "calendarYear": "1992",
        "period": "Q3",
        "revenue": 900000,
        "costOfRevenue": 0,
        "grossProfit": 900000,
        "grossProfitRatio": 1,
        "researchAndDevelopmentExpenses": 0,
        "generalAndAdministrativeExpenses": 0,
        "sellingAndMarketingExpenses": 0,
        "sellingGeneralAndAdministrativeExpenses": 0,
        "otherExpenses": 0,
        "operatingExpenses": 0,
        "costAndExpenses": 0,
        "interestIncome": 0,
        "interestExpense": 0,
        "depreciationAndAmortization": -1400000,
        "ebitda": -500000,
        "ebitdaratio": -0.5555555556,
        "operatingIncome": 900000,
        "operatingIncomeRatio": 1,
        "totalOtherIncomeExpensesNet": 0,
        "incomeBeforeTax": 0,
        "incomeBeforeTaxRatio": 0,
        "incomeTaxExpense": 1400000,
        "netIncome": -500000,
        "netIncomeRatio": -0.5555555556,
        "eps": -189.04,
        "epsdiluted": -189.04,
        "weightedAverageShsOut": 2645,
        "weightedAverageShsOutDil": 2645,
        "link": "",
        "finalLink": ""
    },
    {
        "date": "1992-06-30",
        "symbol": "BBI",
        "reportedCurrency": "USD",
        "cik": "0000819050",
        "fillingDate": "1992-06-30",
        "acceptedDate": "1992-06-29 20:00:00",
        "calendarYear": "1992",
        "period": "Q2",
        "revenue": 900000,
        "costOfRevenue": 0,
        "grossProfit": 900000,
        "grossProfitRatio": 1,
        "researchAndDevelopmentExpenses": 0,
        "generalAndAdministrativeExpenses": 0,
        "sellingAndMarketingExpenses": 0,
        "sellingGeneralAndAdministrativeExpenses": 0,
        "otherExpenses": 0,
        "operatingExpenses": 0,
        "costAndExpenses": 0,
        "interestIncome": 0,
        "interestExpense": 0,
        "depreciationAndAmortization": -1300000,
        "ebitda": -400000,
        "ebitdaratio": -0.4444444444,
        "operatingIncome": 900000,
        "operatingIncomeRatio": 1,
        "totalOtherIncomeExpensesNet": 0,
        "incomeBeforeTax": 0,
        "incomeBeforeTaxRatio": 0,
        "incomeTaxExpense": 1300000,
        "netIncome": -400000,
        "netIncomeRatio": -0.4444444444,
        "eps": -157.48,
        "epsdiluted": -157.48,
        "weightedAverageShsOut": 2540,
        "weightedAverageShsOutDil": 2540,
        "link": "",
        "finalLink": ""
    },
    {
        "date": "1992-03-31",
        "symbol": "BBI",
        "reportedCurrency": "USD",
        "cik": "0000819050",
        "fillingDate": "1992-03-31",
        "acceptedDate": "1992-03-30 19:00:00",
        "calendarYear": "1992",
        "period": "Q1",
        "revenue": 900000,
        "costOfRevenue": 0,
        "grossProfit": 900000,
        "grossProfitRatio": 1,
        "researchAndDevelopmentExpenses": 0,
        "generalAndAdministrativeExpenses": 0,
        "sellingAndMarketingExpenses": 0,
        "sellingGeneralAndAdministrativeExpenses": 0,
        "otherExpenses": 0,
        "operatingExpenses": 0,
        "costAndExpenses": 0,
        "interestIncome": 0,
        "interestExpense": 0,
        "depreciationAndAmortization": -1300000,
        "ebitda": -400000,
        "ebitdaratio": -0.4444444444,
        "operatingIncome": 900000,
        "operatingIncomeRatio": 1,
        "totalOtherIncomeExpensesNet": 0,
        "incomeBeforeTax": 0,
        "incomeBeforeTaxRatio": 0,
        "incomeTaxExpense": 1300000,
        "netIncome": -400000,
        "netIncomeRatio": -0.4444444444,
        "eps": -157.48,
        "epsdiluted": -157.48,
        "weightedAverageShsOut": 2540,
        "weightedAverageShsOutDil": 2540,
        "link": "",
        "finalLink": ""
    },
    {
        "date": "1991-12-31",
        "symbol": "BBI",
        "reportedCurrency": "USD",
        "cik": "0000819050",
        "fillingDate": "1991-12-31",
        "acceptedDate": "1991-12-30 19:00:00",
        "calendarYear": "1991",
        "period": "Q4",
        "revenue": 600000,
        "costOfRevenue": 0,
        "grossProfit": 600000,
        "grossProfitRatio": 1,
        "researchAndDevelopmentExpenses": 0,
        "generalAndAdministrativeExpenses": 0,
        "sellingAndMarketingExpenses": 0,
        "sellingGeneralAndAdministrativeExpenses": 0,
        "otherExpenses": -4700000,
        "operatingExpenses": -4700000,
        "costAndExpenses": -4700000,
        "interestIncome": 0,
        "interestExpense": 0,
        "depreciationAndAmortization": 3500000,
        "ebitda": -600000,
        "ebitdaratio": -1,
        "operatingIncome": -4100000,
        "operatingIncomeRatio": -6.8333333333,
        "totalOtherIncomeExpensesNet": 0,
        "incomeBeforeTax": 0,
        "incomeBeforeTaxRatio": 0,
        "incomeTaxExpense": -3500000,
        "netIncome": -600000,
        "netIncomeRatio": -1,
        "eps": -236.22,
        "epsdiluted": -236.22,
        "weightedAverageShsOut": 2540,
        "weightedAverageShsOutDil": 2540,
        "link": "",
        "finalLink": ""
    },
    {
        "date": "1991-09-30",
        "symbol": "BBI",
        "reportedCurrency": "USD",
        "cik": "0000819050",
        "fillingDate": "1991-09-30",
        "acceptedDate": "1991-09-29 20:00:00",
        "calendarYear": "1991",
        "period": "Q3",
        "revenue": 600000,
        "costOfRevenue": 0,
        "grossProfit": 600000,
        "grossProfitRatio": 1,
        "researchAndDevelopmentExpenses": 0,
        "generalAndAdministrativeExpenses": 0,
        "sellingAndMarketingExpenses": 0,
        "sellingGeneralAndAdministrativeExpenses": 0,
        "otherExpenses": 0,
        "operatingExpenses": 0,
        "costAndExpenses": 0,
        "interestIncome": 0,
        "interestExpense": 0,
        "depreciationAndAmortization": -1200000,
        "ebitda": -600000,
        "ebitdaratio": -1,
        "operatingIncome": 600000,
        "operatingIncomeRatio": 1,
        "totalOtherIncomeExpensesNet": 0,
        "incomeBeforeTax": 0,
        "incomeBeforeTaxRatio": 0,
        "incomeTaxExpense": 1200000,
        "netIncome": -600000,
        "netIncomeRatio": -1,
        "eps": -220.51,
        "epsdiluted": -220.51,
        "weightedAverageShsOut": 2721,
        "weightedAverageShsOutDil": 2721,
        "link": "",
        "finalLink": ""
    },
    {
        "date": "1991-06-30",
        "symbol": "BBI",
        "reportedCurrency": "USD",
        "cik": "0000819050",
        "fillingDate": "1991-06-30",
        "acceptedDate": "1991-06-29 20:00:00",
        "calendarYear": "1991",
        "period": "Q2",
        "revenue": 600000,
        "costOfRevenue": 0,
        "grossProfit": 600000,
        "grossProfitRatio": 1,
        "researchAndDevelopmentExpenses": 0,
        "generalAndAdministrativeExpenses": 0,
        "sellingAndMarketingExpenses": 0,
        "sellingGeneralAndAdministrativeExpenses": 0,
        "otherExpenses": 0,
        "operatingExpenses": 0,
        "costAndExpenses": 0,
        "interestIncome": 0,
        "interestExpense": 0,
        "depreciationAndAmortization": -1200000,
        "ebitda": -600000,
        "ebitdaratio": -1,
        "operatingIncome": 600000,
        "operatingIncomeRatio": 1,
        "totalOtherIncomeExpensesNet": 0,
        "incomeBeforeTax": 0,
        "incomeBeforeTaxRatio": 0,
        "incomeTaxExpense": 1200000,
        "netIncome": -600000,
        "netIncomeRatio": -1,
        "eps": -220.51,
        "epsdiluted": -220.51,
        "weightedAverageShsOut": 2721,
        "weightedAverageShsOutDil": 2721,
        "link": "",
        "finalLink": ""
    },
    {
        "date": "1991-03-31",
        "symbol": "BBI",
        "reportedCurrency": "USD",
        "cik": "0000819050",
        "fillingDate": "1991-03-31",
        "acceptedDate": "1991-03-30 19:00:00",
        "calendarYear": "1991",
        "period": "Q1",
        "revenue": 600000,
        "costOfRevenue": 0,
        "grossProfit": 600000,
        "grossProfitRatio": 1,
        "researchAndDevelopmentExpenses": 0,
        "generalAndAdministrativeExpenses": 0,
        "sellingAndMarketingExpenses": 0,
        "sellingGeneralAndAdministrativeExpenses": 0,
        "otherExpenses": 0,
        "operatingExpenses": 0,
        "costAndExpenses": 0,
        "interestIncome": 0,
        "interestExpense": 0,
        "depreciationAndAmortization": -1100000,
        "ebitda": -500000,
        "ebitdaratio": -0.8333333333,
        "operatingIncome": 600000,
        "operatingIncomeRatio": 1,
        "totalOtherIncomeExpensesNet": 0,
        "incomeBeforeTax": 0,
        "incomeBeforeTaxRatio": 0,
        "incomeTaxExpense": 1100000,
        "netIncome": -500000,
        "netIncomeRatio": -0.8333333333,
        "eps": -189.04,
        "epsdiluted": -189.04,
        "weightedAverageShsOut": 2645,
        "weightedAverageShsOutDil": 2645,
        "link": "",
        "finalLink": ""
    },
    {
        "date": "1990-12-31",
        "symbol": "BBI",
        "reportedCurrency": "USD",
        "cik": "0000819050",
        "fillingDate": "1990-12-31",
        "acceptedDate": "1990-12-30 19:00:00",
        "calendarYear": "1990",
        "period": "Q4",
        "revenue": 500000,
        "costOfRevenue": 0,
        "grossProfit": 500000,
        "grossProfitRatio": 1,
        "researchAndDevelopmentExpenses": 0,
        "generalAndAdministrativeExpenses": 0,
        "sellingAndMarketingExpenses": 0,
        "sellingGeneralAndAdministrativeExpenses": 0,
        "otherExpenses": -3600000,
        "operatingExpenses": -3600000,
        "costAndExpenses": -3600000,
        "interestIncome": 0,
        "interestExpense": 0,
        "depreciationAndAmortization": 2600000,
        "ebitda": -500000,
        "ebitdaratio": -1,
        "operatingIncome": -3100000,
        "operatingIncomeRatio": -6.2,
        "totalOtherIncomeExpensesNet": 0,
        "incomeBeforeTax": 0,
        "incomeBeforeTaxRatio": 0,
        "incomeTaxExpense": -2600000,
        "netIncome": -500000,
        "netIncomeRatio": -1,
        "eps": -188.96,
        "epsdiluted": -188.96,
        "weightedAverageShsOut": 2646,
        "weightedAverageShsOutDil": 2646,
        "link": "",
        "finalLink": ""
    },
    {
        "date": "1990-09-30",
        "symbol": "BBI",
        "reportedCurrency": "USD",
        "cik": "0000819050",
        "fillingDate": "1990-09-30",
        "acceptedDate": "1990-09-29 20:00:00",
        "calendarYear": "1990",
        "period": "Q3",
        "revenue": 500000,
        "costOfRevenue": 0,
        "grossProfit": 500000,
        "grossProfitRatio": 1,
        "researchAndDevelopmentExpenses": 0,
        "generalAndAdministrativeExpenses": 0,
        "sellingAndMarketingExpenses": 0,
        "sellingGeneralAndAdministrativeExpenses": 0,
        "otherExpenses": 0,
        "operatingExpenses": 0,
        "costAndExpenses": 0,
        "interestIncome": 0,
        "interestExpense": 0,
        "depreciationAndAmortization": -900000,
        "ebitda": -400000,
        "ebitdaratio": -0.8,
        "operatingIncome": 500000,
        "operatingIncomeRatio": 1,
        "totalOtherIncomeExpensesNet": 0,
        "incomeBeforeTax": 0,
        "incomeBeforeTaxRatio": 0,
        "incomeTaxExpense": 900000,
        "netIncome": -400000,
        "netIncomeRatio": -0.8,
        "eps": -189.04,
        "epsdiluted": -189.04,
        "weightedAverageShsOut": 2116,
        "weightedAverageShsOutDil": 2116,
        "link": "",
        "finalLink": ""
    },
    {
        "date": "1990-06-30",
        "symbol": "BBI",
        "reportedCurrency": "USD",
        "cik": "0000819050",
        "fillingDate": "1990-06-30",
        "acceptedDate": "1990-06-29 20:00:00",
        "calendarYear": "1990",
        "period": "Q2",
        "revenue": 400000,
        "costOfRevenue": 0,
        "grossProfit": 400000,
        "grossProfitRatio": 1,
        "researchAndDevelopmentExpenses": 0,
        "generalAndAdministrativeExpenses": 0,
        "sellingAndMarketingExpenses": 0,
        "sellingGeneralAndAdministrativeExpenses": 0,
        "otherExpenses": 0,
        "operatingExpenses": 0,
        "costAndExpenses": 0,
        "interestIncome": 0,
        "interestExpense": 0,
        "depreciationAndAmortization": -800000,
        "ebitda": -400000,
        "ebitdaratio": -1,
        "operatingIncome": 400000,
        "operatingIncomeRatio": 1,
        "totalOtherIncomeExpensesNet": 0,
        "incomeBeforeTax": 0,
        "incomeBeforeTaxRatio": 0,
        "incomeTaxExpense": 800000,
        "netIncome": -400000,
        "netIncomeRatio": -1,
        "eps": -157.48,
        "epsdiluted": -157.48,
        "weightedAverageShsOut": 2540,
        "weightedAverageShsOutDil": 2540,
        "link": "",
        "finalLink": ""
    },
    {
        "date": "1990-03-31",
        "symbol": "BBI",
        "reportedCurrency": "USD",
        "cik": "0000819050",
        "fillingDate": "1990-03-31",
        "acceptedDate": "1990-03-30 19:00:00",
        "calendarYear": "1990",
        "period": "Q1",
        "revenue": 400000,
        "costOfRevenue": 0,
        "grossProfit": 400000,
        "grossProfitRatio": 1,
        "researchAndDevelopmentExpenses": 0,
        "generalAndAdministrativeExpenses": 0,
        "sellingAndMarketingExpenses": 0,
        "sellingGeneralAndAdministrativeExpenses": 0,
        "otherExpenses": 0,
        "operatingExpenses": 0,
        "costAndExpenses": 0,
        "interestIncome": 0,
        "interestExpense": 0,
        "depreciationAndAmortization": -800000,
        "ebitda": -400000,
        "ebitdaratio": -1,
        "operatingIncome": 400000,
        "operatingIncomeRatio": 1,
        "totalOtherIncomeExpensesNet": 0,
        "incomeBeforeTax": 0,
        "incomeBeforeTaxRatio": 0,
        "incomeTaxExpense": 800000,
        "netIncome": -400000,
        "netIncomeRatio": -1,
        "eps": -157.48,
        "epsdiluted": -157.48,
        "weightedAverageShsOut": 2540,
        "weightedAverageShsOutDil": 2540,
        "link": "",
        "finalLink": ""
    }
]