[
    {
        "date": "2025-09-27",
        "symbol": "BC",
        "reportedCurrency": "USD",
        "cik": "0000014930",
        "fillingDate": "2025-10-30",
        "acceptedDate": "2025-10-30 15:01:52",
        "calendarYear": "2025",
        "period": "Q3",
        "revenue": 1360200000,
        "costOfRevenue": 1009400000,
        "grossProfit": 350800000,
        "grossProfitRatio": 0.2579032495,
        "researchAndDevelopmentExpenses": 43400000,
        "generalAndAdministrativeExpenses": 0,
        "sellingAndMarketingExpenses": 0,
        "sellingGeneralAndAdministrativeExpenses": 215800000,
        "otherExpenses": 333800000,
        "operatingExpenses": 593000000,
        "costAndExpenses": 1602400000,
        "interestIncome": 1800000,
        "interestExpense": 27000000,
        "depreciationAndAmortization": 73700000,
        "ebitda": -165600000,
        "ebitdaratio": -0.1217468019,
        "operatingIncome": -241100000,
        "operatingIncomeRatio": -0.1772533451,
        "totalOtherIncomeExpensesNet": -25200000,
        "incomeBeforeTax": -266300000,
        "incomeBeforeTaxRatio": -0.1957800323,
        "incomeTaxExpense": -32000000,
        "netIncome": -235500000,
        "netIncomeRatio": -0.1731363035,
        "eps": -3.56,
        "epsdiluted": -3.55,
        "weightedAverageShsOut": 66200000,
        "weightedAverageShsOutDil": 66300000,
        "link": "https://www.sec.gov/Archives/edgar/data/14930/000001493025000125/0000014930-25-000125-index.htm",
        "finalLink": "https://www.sec.gov/Archives/edgar/data/14930/000001493025000125/bcorp-20250927.htm"
    },
    {
        "date": "2025-06-28",
        "symbol": "BC",
        "reportedCurrency": "USD",
        "cik": "0000014930",
        "fillingDate": "2025-07-30",
        "acceptedDate": "2025-07-30 11:27:17",
        "calendarYear": "2025",
        "period": "Q2",
        "revenue": 1447000000,
        "costOfRevenue": 1077300000,
        "grossProfit": 369700000,
        "grossProfitRatio": 0.2554941258,
        "researchAndDevelopmentExpenses": 41800000,
        "generalAndAdministrativeExpenses": 0,
        "sellingAndMarketingExpenses": 0,
        "sellingGeneralAndAdministrativeExpenses": 216600000,
        "otherExpenses": 8000000,
        "operatingExpenses": 266400000,
        "costAndExpenses": 1343700000,
        "interestIncome": 1700000,
        "interestExpense": 30000000,
        "depreciationAndAmortization": 73100000,
        "ebitda": 178400000,
        "ebitdaratio": 0.1232895646,
        "operatingIncome": 103300000,
        "operatingIncomeRatio": 0.0713890809,
        "totalOtherIncomeExpensesNet": -28000000,
        "incomeBeforeTax": 75300000,
        "incomeBeforeTaxRatio": 0.0520387008,
        "incomeTaxExpense": 15700000,
        "netIncome": 59300000,
        "netIncomeRatio": 0.0409813407,
        "eps": 0.9,
        "epsdiluted": 0.9,
        "weightedAverageShsOut": 66200000,
        "weightedAverageShsOutDil": 66300000,
        "link": "https://www.sec.gov/Archives/edgar/data/14930/000001493025000092/0000014930-25-000092-index.htm",
        "finalLink": "https://www.sec.gov/Archives/edgar/data/14930/000001493025000092/bcorp-20250628.htm"
    },
    {
        "date": "2025-03-29",
        "symbol": "BC",
        "reportedCurrency": "USD",
        "cik": "0000014930",
        "fillingDate": "2025-04-30",
        "acceptedDate": "2025-04-30 11:50:46",
        "calendarYear": "2025",
        "period": "Q1",
        "revenue": 1221800000,
        "costOfRevenue": 917900000,
        "grossProfit": 303900000,
        "grossProfitRatio": 0.2487313799,
        "researchAndDevelopmentExpenses": 38500000,
        "generalAndAdministrativeExpenses": 0,
        "sellingAndMarketingExpenses": 0,
        "sellingGeneralAndAdministrativeExpenses": 208000000,
        "otherExpenses": 1100000,
        "operatingExpenses": 247600000,
        "costAndExpenses": 1165500000,
        "interestIncome": 1700000,
        "interestExpense": 29700000,
        "depreciationAndAmortization": 70100000,
        "ebitda": 127900000,
        "ebitdaratio": 0.1046816173,
        "operatingIncome": 56300000,
        "operatingIncomeRatio": 0.0460795548,
        "totalOtherIncomeExpensesNet": -28200000,
        "incomeBeforeTax": 28100000,
        "incomeBeforeTaxRatio": 0.0229988541,
        "incomeTaxExpense": 7900000,
        "netIncome": 20200000,
        "netIncomeRatio": 0.0165329841,
        "eps": 0.31,
        "epsdiluted": 0.3,
        "weightedAverageShsOut": 66200000,
        "weightedAverageShsOutDil": 66300000,
        "link": "https://www.sec.gov/Archives/edgar/data/14930/000001493025000053/0000014930-25-000053-index.htm",
        "finalLink": "https://www.sec.gov/Archives/edgar/data/14930/000001493025000053/bcorp-20250329.htm"
    },
    {
        "date": "2024-12-31",
        "symbol": "BC",
        "reportedCurrency": "USD",
        "cik": "0000014930",
        "fillingDate": "2025-02-14",
        "acceptedDate": "2025-02-14 14:23:01",
        "calendarYear": "2024",
        "period": "Q4",
        "revenue": 1154900000,
        "costOfRevenue": 901700000,
        "grossProfit": 253200000,
        "grossProfitRatio": 0.219239761,
        "researchAndDevelopmentExpenses": 39100000,
        "generalAndAdministrativeExpenses": 0,
        "sellingAndMarketingExpenses": 0,
        "sellingGeneralAndAdministrativeExpenses": 181700000,
        "otherExpenses": 88100000,
        "operatingExpenses": 308900000,
        "costAndExpenses": 1210600000,
        "interestIncome": 2200000,
        "interestExpense": 32400000,
        "depreciationAndAmortization": 76800000,
        "ebitda": 23100000,
        "ebitdaratio": 0.0200017318,
        "operatingIncome": -55700000,
        "operatingIncomeRatio": -0.0482292839,
        "totalOtherIncomeExpensesNet": -30400000,
        "incomeBeforeTax": -86100000,
        "incomeBeforeTaxRatio": -0.0745519093,
        "incomeTaxExpense": -14900000,
        "netIncome": -82500000,
        "netIncomeRatio": -0.0714347563,
        "eps": -1.24,
        "epsdiluted": -1.24,
        "weightedAverageShsOut": 66600000,
        "weightedAverageShsOutDil": 66600000,
        "link": "https://www.sec.gov/Archives/edgar/data/14930/000001493025000025/0000014930-25-000025-index.htm",
        "finalLink": "https://www.sec.gov/Archives/edgar/data/14930/000001493025000025/bcorp-20241231.htm"
    },
    {
        "date": "2024-09-28",
        "symbol": "BC",
        "reportedCurrency": "USD",
        "cik": "0000014930",
        "fillingDate": "2024-10-30",
        "acceptedDate": "2024-10-30 14:50:27",
        "calendarYear": "2024",
        "period": "Q3",
        "revenue": 1273300000,
        "costOfRevenue": 940300000,
        "grossProfit": 333000000,
        "grossProfitRatio": 0.2615251708,
        "researchAndDevelopmentExpenses": 41700000,
        "generalAndAdministrativeExpenses": 0,
        "sellingAndMarketingExpenses": 0,
        "sellingGeneralAndAdministrativeExpenses": 180700000,
        "otherExpenses": 12200000,
        "operatingExpenses": 234600000,
        "costAndExpenses": 1174900000,
        "interestIncome": 4000000,
        "interestExpense": 33000000,
        "depreciationAndAmortization": 72200000,
        "ebitda": 175100000,
        "ebitdaratio": 0.1375166889,
        "operatingIncome": 98400000,
        "operatingIncomeRatio": 0.0772795099,
        "totalOtherIncomeExpensesNet": -28500000,
        "incomeBeforeTax": 69900000,
        "incomeBeforeTaxRatio": 0.054896725,
        "incomeTaxExpense": 22600000,
        "netIncome": 44600000,
        "netIncomeRatio": 0.035027095,
        "eps": 0.67,
        "epsdiluted": 0.67,
        "weightedAverageShsOut": 66600000,
        "weightedAverageShsOutDil": 66600000,
        "link": "https://www.sec.gov/Archives/edgar/data/14930/000001493024000157/0000014930-24-000157-index.htm",
        "finalLink": "https://www.sec.gov/Archives/edgar/data/14930/000001493024000157/bcorp-20240928.htm"
    },
    {
        "date": "2024-06-29",
        "symbol": "BC",
        "reportedCurrency": "USD",
        "cik": "0000014930",
        "fillingDate": "2024-08-01",
        "acceptedDate": "2024-08-01 11:47:02",
        "calendarYear": "2024",
        "period": "Q2",
        "revenue": 1443900000,
        "costOfRevenue": 1052900000,
        "grossProfit": 391000000,
        "grossProfitRatio": 0.2707943763,
        "researchAndDevelopmentExpenses": 43000000,
        "generalAndAdministrativeExpenses": 0,
        "sellingAndMarketingExpenses": 0,
        "sellingGeneralAndAdministrativeExpenses": 181800000,
        "otherExpenses": 7900000,
        "operatingExpenses": 232700000,
        "costAndExpenses": 1285600000,
        "interestIncome": 4700000,
        "interestExpense": 32600000,
        "depreciationAndAmortization": 70400000,
        "ebitda": 235500000,
        "ebitdaratio": 0.1630999377,
        "operatingIncome": 158300000,
        "operatingIncomeRatio": 0.1096336311,
        "totalOtherIncomeExpensesNet": -25800000,
        "incomeBeforeTax": 132500000,
        "incomeBeforeTaxRatio": 0.0917653577,
        "incomeTaxExpense": 27700000,
        "netIncome": 100000000,
        "netIncomeRatio": 0.0692568737,
        "eps": 1.48,
        "epsdiluted": 1.48,
        "weightedAverageShsOut": 67600000,
        "weightedAverageShsOutDil": 67600000,
        "link": "https://www.sec.gov/Archives/edgar/data/14930/000001493024000126/0000014930-24-000126-index.htm",
        "finalLink": "https://www.sec.gov/Archives/edgar/data/14930/000001493024000126/bcorp-20240629.htm"
    },
    {
        "date": "2024-03-30",
        "symbol": "BC",
        "reportedCurrency": "USD",
        "cik": "0000014930",
        "fillingDate": "2024-05-02",
        "acceptedDate": "2024-05-02 12:35:11",
        "calendarYear": "2024",
        "period": "Q1",
        "revenue": 1365000000,
        "costOfRevenue": 991400000,
        "grossProfit": 373600000,
        "grossProfitRatio": 0.2736996337,
        "researchAndDevelopmentExpenses": 45800000,
        "generalAndAdministrativeExpenses": 0,
        "sellingAndMarketingExpenses": 0,
        "sellingGeneralAndAdministrativeExpenses": 203700000,
        "otherExpenses": 13500000,
        "operatingExpenses": 263000000,
        "costAndExpenses": 1254400000,
        "interestIncome": 2500000,
        "interestExpense": 28600000,
        "depreciationAndAmortization": 69400000,
        "ebitda": 185000000,
        "ebitdaratio": 0.1355311355,
        "operatingIncome": 110600000,
        "operatingIncomeRatio": 0.081025641,
        "totalOtherIncomeExpensesNet": -23600000,
        "incomeBeforeTax": 87000000,
        "incomeBeforeTaxRatio": 0.0637362637,
        "incomeTaxExpense": 18600000,
        "netIncome": 68000000,
        "netIncomeRatio": 0.0498168498,
        "eps": 1,
        "epsdiluted": 0.99,
        "weightedAverageShsOut": 68300000,
        "weightedAverageShsOutDil": 68500000,
        "link": "https://www.sec.gov/Archives/edgar/data/14930/000001493024000103/0000014930-24-000103-index.htm",
        "finalLink": "https://www.sec.gov/Archives/edgar/data/14930/000001493024000103/bcorp-20240330.htm"
    },
    {
        "date": "2023-12-31",
        "symbol": "BC",
        "reportedCurrency": "USD",
        "cik": "0000014930",
        "fillingDate": "2024-02-16",
        "acceptedDate": "2024-02-16 12:00:13",
        "calendarYear": "2023",
        "period": "Q4",
        "revenue": 1361900000,
        "costOfRevenue": 997500000,
        "grossProfit": 364400000,
        "grossProfitRatio": 0.2675673691,
        "researchAndDevelopmentExpenses": 42400000,
        "generalAndAdministrativeExpenses": 0,
        "sellingAndMarketingExpenses": 0,
        "sellingGeneralAndAdministrativeExpenses": 198700000,
        "otherExpenses": 15000000,
        "operatingExpenses": 256100000,
        "costAndExpenses": 1253600000,
        "interestIncome": 2600000,
        "interestExpense": 27300000,
        "depreciationAndAmortization": 71500000,
        "ebitda": 184600000,
        "ebitdaratio": 0.1355459285,
        "operatingIncome": 108300000,
        "operatingIncomeRatio": 0.0795212571,
        "totalOtherIncomeExpensesNet": -22500000,
        "incomeBeforeTax": 85800000,
        "incomeBeforeTaxRatio": 0.0630002203,
        "incomeTaxExpense": 14800000,
        "netIncome": 60900000,
        "netIncomeRatio": 0.0447169396,
        "eps": 0.88,
        "epsdiluted": 0.88,
        "weightedAverageShsOut": 68900000,
        "weightedAverageShsOutDil": 69100000,
        "link": "https://www.sec.gov/Archives/edgar/data/14930/000001493024000054/0000014930-24-000054-index.htm",
        "finalLink": "https://www.sec.gov/Archives/edgar/data/14930/000001493024000054/bcorp-20231231.htm"
    },
    {
        "date": "2023-09-30",
        "symbol": "BC",
        "reportedCurrency": "USD",
        "cik": "0000014930",
        "fillingDate": "2023-11-01",
        "acceptedDate": "2023-11-01 14:32:12",
        "calendarYear": "2023",
        "period": "Q3",
        "revenue": 1593600000,
        "costOfRevenue": 1148900000,
        "grossProfit": 444700000,
        "grossProfitRatio": 0.2790537149,
        "researchAndDevelopmentExpenses": 45200000,
        "generalAndAdministrativeExpenses": 0,
        "sellingAndMarketingExpenses": 0,
        "sellingGeneralAndAdministrativeExpenses": 187100000,
        "otherExpenses": 16300000,
        "operatingExpenses": 248600000,
        "costAndExpenses": 1397500000,
        "interestIncome": 3400000,
        "interestExpense": 28100000,
        "depreciationAndAmortization": 69300000,
        "ebitda": 257500000,
        "ebitdaratio": 0.1615838353,
        "operatingIncome": 196100000,
        "operatingIncomeRatio": 0.1230547189,
        "totalOtherIncomeExpensesNet": -36000000,
        "incomeBeforeTax": 160100000,
        "incomeBeforeTaxRatio": 0.1004643574,
        "incomeTaxExpense": 46200000,
        "netIncome": 112500000,
        "netIncomeRatio": 0.0705948795,
        "eps": 1.61,
        "epsdiluted": 1.61,
        "weightedAverageShsOut": 69800000,
        "weightedAverageShsOutDil": 70000000,
        "link": "https://www.sec.gov/Archives/edgar/data/14930/000001493023000182/0000014930-23-000182-index.htm",
        "finalLink": "https://www.sec.gov/Archives/edgar/data/14930/000001493023000182/bcorp-20230930.htm"
    },
    {
        "date": "2023-07-01",
        "symbol": "BC",
        "reportedCurrency": "USD",
        "cik": "0000014930",
        "fillingDate": "2023-08-03",
        "acceptedDate": "2023-08-03 12:33:46",
        "calendarYear": "2023",
        "period": "Q2",
        "revenue": 1702300000,
        "costOfRevenue": 1230000000,
        "grossProfit": 472300000,
        "grossProfitRatio": 0.2774481584,
        "researchAndDevelopmentExpenses": 48900000,
        "generalAndAdministrativeExpenses": 0,
        "sellingAndMarketingExpenses": 0,
        "sellingGeneralAndAdministrativeExpenses": 215100000,
        "otherExpenses": 13900000,
        "operatingExpenses": 277900000,
        "costAndExpenses": 1507900000,
        "interestIncome": 2000000,
        "interestExpense": 28800000,
        "depreciationAndAmortization": 67400000,
        "ebitda": 267800000,
        "ebitdaratio": 0.1573165717,
        "operatingIncome": 194400000,
        "operatingIncomeRatio": 0.1141984374,
        "totalOtherIncomeExpensesNet": -22800000,
        "incomeBeforeTax": 171600000,
        "incomeBeforeTaxRatio": 0.1008047935,
        "incomeTaxExpense": 36300000,
        "netIncome": 134700000,
        "netIncomeRatio": 0.0791282383,
        "eps": 1.9,
        "epsdiluted": 1.9,
        "weightedAverageShsOut": 70800000,
        "weightedAverageShsOutDil": 70900000,
        "link": "https://www.sec.gov/Archives/edgar/data/14930/000001493023000174/0000014930-23-000174-index.htm",
        "finalLink": "https://www.sec.gov/Archives/edgar/data/14930/000001493023000174/bcorp-20230701.htm"
    },
    {
        "date": "2023-04-01",
        "symbol": "BC",
        "reportedCurrency": "USD",
        "cik": "0000014930",
        "fillingDate": "2023-05-04",
        "acceptedDate": "2023-05-04 11:50:36",
        "calendarYear": "2023",
        "period": "Q1",
        "revenue": 1743600000,
        "costOfRevenue": 1238000000,
        "grossProfit": 505600000,
        "grossProfitRatio": 0.2899747649,
        "researchAndDevelopmentExpenses": 48700000,
        "generalAndAdministrativeExpenses": 0,
        "sellingAndMarketingExpenses": 0,
        "sellingGeneralAndAdministrativeExpenses": 211300000,
        "otherExpenses": 9500000,
        "operatingExpenses": 269500000,
        "costAndExpenses": 1507500000,
        "interestIncome": 2200000,
        "interestExpense": 28200000,
        "depreciationAndAmortization": 64700000,
        "ebitda": 304300000,
        "ebitdaratio": 0.1745239734,
        "operatingIncome": 236100000,
        "operatingIncomeRatio": 0.1354094976,
        "totalOtherIncomeExpensesNet": -24700000,
        "incomeBeforeTax": 211400000,
        "incomeBeforeTaxRatio": 0.1212434045,
        "incomeTaxExpense": 99000000,
        "netIncome": 112300000,
        "netIncomeRatio": 0.0644069741,
        "eps": 1.57,
        "epsdiluted": 1.56,
        "weightedAverageShsOut": 71500000,
        "weightedAverageShsOutDil": 71800000,
        "link": "https://www.sec.gov/Archives/edgar/data/14930/000001493023000112/0000014930-23-000112-index.htm",
        "finalLink": "https://www.sec.gov/Archives/edgar/data/14930/000001493023000112/bcorp-20230401.htm"
    },
    {
        "date": "2022-12-31",
        "symbol": "BC",
        "reportedCurrency": "USD",
        "cik": "0000014930",
        "fillingDate": "2023-02-16",
        "acceptedDate": "2023-02-16 15:12:19",
        "calendarYear": "2022",
        "period": "Q4",
        "revenue": 1582700000,
        "costOfRevenue": 1154400000,
        "grossProfit": 428300000,
        "grossProfitRatio": 0.2706135086,
        "researchAndDevelopmentExpenses": 50900000,
        "generalAndAdministrativeExpenses": 0,
        "sellingAndMarketingExpenses": 0,
        "sellingGeneralAndAdministrativeExpenses": 185300000,
        "otherExpenses": 500000,
        "operatingExpenses": 236700000,
        "costAndExpenses": 1391100000,
        "interestIncome": 3600000,
        "interestExpense": 27700000,
        "depreciationAndAmortization": 63300000,
        "ebitda": 254900000,
        "ebitdaratio": 0.1610538952,
        "operatingIncome": 191600000,
        "operatingIncomeRatio": 0.1210589499,
        "totalOtherIncomeExpensesNet": -27700000,
        "incomeBeforeTax": 163900000,
        "incomeBeforeTaxRatio": 0.1035572124,
        "incomeTaxExpense": 23600000,
        "netIncome": 141700000,
        "netIncomeRatio": 0.0895305491,
        "eps": 1.95,
        "epsdiluted": 1.95,
        "weightedAverageShsOut": 72500000,
        "weightedAverageShsOutDil": 72800000,
        "link": "https://www.sec.gov/Archives/edgar/data/14930/000001493023000054/0000014930-23-000054-index.htm",
        "finalLink": "https://www.sec.gov/Archives/edgar/data/14930/000001493023000054/bcorp-20221231.htm"
    },
    {
        "date": "2022-10-01",
        "symbol": "BC",
        "reportedCurrency": "USD",
        "cik": "0000014930",
        "fillingDate": "2022-11-01",
        "acceptedDate": "2022-11-01 14:29:37",
        "calendarYear": "2022",
        "period": "Q3",
        "revenue": 1698200000,
        "costOfRevenue": 1199300000,
        "grossProfit": 498900000,
        "grossProfitRatio": 0.2937816512,
        "researchAndDevelopmentExpenses": 50400000,
        "generalAndAdministrativeExpenses": 0,
        "sellingAndMarketingExpenses": 0,
        "sellingGeneralAndAdministrativeExpenses": 186200000,
        "otherExpenses": 24600000,
        "operatingExpenses": 261200000,
        "costAndExpenses": 1460500000,
        "interestIncome": 1900000,
        "interestExpense": 26100000,
        "depreciationAndAmortization": 61800000,
        "ebitda": 302600000,
        "ebitdaratio": 0.1781886704,
        "operatingIncome": 237700000,
        "operatingIncomeRatio": 0.1399717348,
        "totalOtherIncomeExpensesNet": -23000000,
        "incomeBeforeTax": 214700000,
        "incomeBeforeTaxRatio": 0.1264279826,
        "incomeTaxExpense": 46500000,
        "netIncome": 163800000,
        "netIncomeRatio": 0.0964550701,
        "eps": 2.26,
        "epsdiluted": 2.26,
        "weightedAverageShsOut": 74424778,
        "weightedAverageShsOutDil": 74500000,
        "link": "https://www.sec.gov/Archives/edgar/data/14930/000001493022000153/0000014930-22-000153-index.htm",
        "finalLink": "https://www.sec.gov/Archives/edgar/data/14930/000001493022000153/bcorp-20221001.htm"
    },
    {
        "date": "2022-07-02",
        "symbol": "BC",
        "reportedCurrency": "USD",
        "cik": "0000014930",
        "fillingDate": "2022-08-02",
        "acceptedDate": "2022-08-02 15:39:57",
        "calendarYear": "2022",
        "period": "Q2",
        "revenue": 1835600000,
        "costOfRevenue": 1299200000,
        "grossProfit": 536400000,
        "grossProfitRatio": 0.2922205273,
        "researchAndDevelopmentExpenses": 50200000,
        "generalAndAdministrativeExpenses": 0,
        "sellingAndMarketingExpenses": 0,
        "sellingGeneralAndAdministrativeExpenses": 207200000,
        "otherExpenses": 0,
        "operatingExpenses": 257400000,
        "costAndExpenses": 1556600000,
        "interestIncome": 500000,
        "interestExpense": 25900000,
        "depreciationAndAmortization": 52500000,
        "ebitda": 333000000,
        "ebitdaratio": 0.1814120723,
        "operatingIncome": 279000000,
        "operatingIncomeRatio": 0.1519938985,
        "totalOtherIncomeExpensesNet": -24400000,
        "incomeBeforeTax": 254600000,
        "incomeBeforeTaxRatio": 0.1387012421,
        "incomeTaxExpense": 55800000,
        "netIncome": 197300000,
        "netIncomeRatio": 0.1074852909,
        "eps": 2.61,
        "epsdiluted": 2.59,
        "weightedAverageShsOut": 75700000,
        "weightedAverageShsOutDil": 76100000,
        "link": "https://www.sec.gov/Archives/edgar/data/14930/000001493022000136/0000014930-22-000136-index.htm",
        "finalLink": "https://www.sec.gov/Archives/edgar/data/14930/000001493022000136/bcorp-20220702.htm"
    },
    {
        "date": "2022-04-02",
        "symbol": "BC",
        "reportedCurrency": "USD",
        "cik": "0000014930",
        "fillingDate": "2022-05-10",
        "acceptedDate": "2022-05-10 12:53:17",
        "calendarYear": "2022",
        "period": "Q1",
        "revenue": 1695700000,
        "costOfRevenue": 1212100000,
        "grossProfit": 483600000,
        "grossProfitRatio": 0.2851919561,
        "researchAndDevelopmentExpenses": 51400000,
        "generalAndAdministrativeExpenses": 0,
        "sellingAndMarketingExpenses": 0,
        "sellingGeneralAndAdministrativeExpenses": 192700000,
        "otherExpenses": 0,
        "operatingExpenses": 244100000,
        "costAndExpenses": 1456200000,
        "interestIncome": 100000,
        "interestExpense": 18400000,
        "depreciationAndAmortization": 53600000,
        "ebitda": 292400000,
        "ebitdaratio": 0.1724361621,
        "operatingIncome": 239500000,
        "operatingIncomeRatio": 0.1412396061,
        "totalOtherIncomeExpensesNet": -19100000,
        "incomeBeforeTax": 220400000,
        "incomeBeforeTaxRatio": 0.1299758212,
        "incomeTaxExpense": 46400000,
        "netIncome": 174200000,
        "netIncomeRatio": 0.1027304358,
        "eps": 2.27,
        "epsdiluted": 2.25,
        "weightedAverageShsOut": 76900000,
        "weightedAverageShsOutDil": 77400000,
        "link": "https://www.sec.gov/Archives/edgar/data/14930/000001493022000097/0000014930-22-000097-index.htm",
        "finalLink": "https://www.sec.gov/Archives/edgar/data/14930/000001493022000097/bcorp-20220402.htm"
    },
    {
        "date": "2021-12-31",
        "symbol": "BC",
        "reportedCurrency": "USD",
        "cik": "0000014930",
        "fillingDate": "2022-02-16",
        "acceptedDate": "2022-02-16 15:45:22",
        "calendarYear": "2021",
        "period": "Q4",
        "revenue": 1431000000,
        "costOfRevenue": 1054200000,
        "grossProfit": 376800000,
        "grossProfitRatio": 0.263312369,
        "researchAndDevelopmentExpenses": 47400000,
        "generalAndAdministrativeExpenses": 0,
        "sellingAndMarketingExpenses": 0,
        "sellingGeneralAndAdministrativeExpenses": 207500000,
        "otherExpenses": 100000,
        "operatingExpenses": 255000000,
        "costAndExpenses": 1309200000,
        "interestIncome": 200000,
        "interestExpense": 18800000,
        "depreciationAndAmortization": 50200000,
        "ebitda": 170600000,
        "ebitdaratio": 0.1192173305,
        "operatingIncome": 121800000,
        "operatingIncomeRatio": 0.085115304,
        "totalOtherIncomeExpensesNet": -20200000,
        "incomeBeforeTax": 101600000,
        "incomeBeforeTaxRatio": 0.0709993012,
        "incomeTaxExpense": -400000,
        "netIncome": 101500000,
        "netIncomeRatio": 0.07092942,
        "eps": 1.31,
        "epsdiluted": 1.3,
        "weightedAverageShsOut": 77400000,
        "weightedAverageShsOutDil": 78000000,
        "link": "https://www.sec.gov/Archives/edgar/data/14930/000001493022000041/0000014930-22-000041-index.htm",
        "finalLink": "https://www.sec.gov/Archives/edgar/data/14930/000001493022000041/bcorp-20211231.htm"
    },
    {
        "date": "2021-10-02",
        "symbol": "BC",
        "reportedCurrency": "USD",
        "cik": "0000014930",
        "fillingDate": "2021-11-01",
        "acceptedDate": "2021-11-01 15:57:49",
        "calendarYear": "2021",
        "period": "Q3",
        "revenue": 1427200000,
        "costOfRevenue": 1016800000,
        "grossProfit": 410400000,
        "grossProfitRatio": 0.2875560538,
        "researchAndDevelopmentExpenses": 35500000,
        "generalAndAdministrativeExpenses": 0,
        "sellingAndMarketingExpenses": 0,
        "sellingGeneralAndAdministrativeExpenses": 165900000,
        "otherExpenses": 0,
        "operatingExpenses": 201400000,
        "costAndExpenses": 1218200000,
        "interestIncome": 800000,
        "interestExpense": 16900000,
        "depreciationAndAmortization": 43300000,
        "ebitda": 243600000,
        "ebitdaratio": 0.1706838565,
        "operatingIncome": 209000000,
        "operatingIncomeRatio": 0.146440583,
        "totalOtherIncomeExpensesNet": -25600000,
        "incomeBeforeTax": 183400000,
        "incomeBeforeTaxRatio": 0.1285033632,
        "incomeTaxExpense": 38800000,
        "netIncome": 143100000,
        "netIncomeRatio": 0.1002662556,
        "eps": 1.84,
        "epsdiluted": 1.83,
        "weightedAverageShsOut": 77700000,
        "weightedAverageShsOutDil": 78300000,
        "link": "https://www.sec.gov/Archives/edgar/data/14930/000001493021000136/0000014930-21-000136-index.htm",
        "finalLink": "https://www.sec.gov/Archives/edgar/data/14930/000001493021000136/bcorp-20211002.htm"
    },
    {
        "date": "2021-07-03",
        "symbol": "BC",
        "reportedCurrency": "USD",
        "cik": "0000014930",
        "fillingDate": "2021-08-02",
        "acceptedDate": "2021-08-02 07:30:49",
        "calendarYear": "2021",
        "period": "Q2",
        "revenue": 1554800000,
        "costOfRevenue": 1093300000,
        "grossProfit": 461500000,
        "grossProfitRatio": 0.2968227425,
        "researchAndDevelopmentExpenses": 37500000,
        "generalAndAdministrativeExpenses": 0,
        "sellingAndMarketingExpenses": 0,
        "sellingGeneralAndAdministrativeExpenses": 173600000,
        "otherExpenses": 200000,
        "operatingExpenses": 211300000,
        "costAndExpenses": 1304600000,
        "interestIncome": 900000,
        "interestExpense": 15400000,
        "depreciationAndAmortization": 43000000,
        "ebitda": 293000000,
        "ebitdaratio": 0.1884486751,
        "operatingIncome": 250200000,
        "operatingIncomeRatio": 0.1609210188,
        "totalOtherIncomeExpensesNet": -15600000,
        "incomeBeforeTax": 234600000,
        "incomeBeforeTaxRatio": 0.150887574,
        "incomeTaxExpense": 55200000,
        "netIncome": 179400000,
        "netIncomeRatio": 0.1153846154,
        "eps": 2.3,
        "epsdiluted": 2.29,
        "weightedAverageShsOut": 78000000,
        "weightedAverageShsOutDil": 78500000,
        "link": "https://www.sec.gov/Archives/edgar/data/14930/000001493021000103/0000014930-21-000103-index.htm",
        "finalLink": "https://www.sec.gov/Archives/edgar/data/14930/000001493021000103/bcorp-20210703.htm"
    },
    {
        "date": "2021-04-03",
        "symbol": "BC",
        "reportedCurrency": "USD",
        "cik": "0000014930",
        "fillingDate": "2021-05-11",
        "acceptedDate": "2021-05-11 11:44:09",
        "calendarYear": "2021",
        "period": "Q1",
        "revenue": 1433200000,
        "costOfRevenue": 1015900000,
        "grossProfit": 417300000,
        "grossProfitRatio": 0.2911666202,
        "researchAndDevelopmentExpenses": 34100000,
        "generalAndAdministrativeExpenses": 0,
        "sellingAndMarketingExpenses": 0,
        "sellingGeneralAndAdministrativeExpenses": 150800000,
        "otherExpenses": 500000,
        "operatingExpenses": 185400000,
        "costAndExpenses": 1201300000,
        "interestIncome": 200000,
        "interestExpense": 14800000,
        "depreciationAndAmortization": 41600000,
        "ebitda": 273200000,
        "ebitdaratio": 0.1906223835,
        "operatingIncome": 231900000,
        "operatingIncomeRatio": 0.1618057494,
        "totalOtherIncomeExpensesNet": -15100000,
        "incomeBeforeTax": 216800000,
        "incomeBeforeTaxRatio": 0.1512698856,
        "incomeTaxExpense": 47400000,
        "netIncome": 169300000,
        "netIncomeRatio": 0.1181272677,
        "eps": 2.17,
        "epsdiluted": 2.15,
        "weightedAverageShsOut": 78200000,
        "weightedAverageShsOutDil": 78800000,
        "link": "https://www.sec.gov/Archives/edgar/data/14930/000001493021000077/0000014930-21-000077-index.htm",
        "finalLink": "https://www.sec.gov/Archives/edgar/data/14930/000001493021000077/bcorp-20210403.htm"
    },
    {
        "date": "2020-12-31",
        "symbol": "BC",
        "reportedCurrency": "USD",
        "cik": "0000014930",
        "fillingDate": "2021-02-16",
        "acceptedDate": "2021-02-16 13:42:49",
        "calendarYear": "2020",
        "period": "Q4",
        "revenue": 1161100000,
        "costOfRevenue": 824800000,
        "grossProfit": 336300000,
        "grossProfitRatio": 0.2896391353,
        "researchAndDevelopmentExpenses": 38100000,
        "generalAndAdministrativeExpenses": 0,
        "sellingAndMarketingExpenses": 0,
        "sellingGeneralAndAdministrativeExpenses": 161900000,
        "otherExpenses": -200000,
        "operatingExpenses": 199800000,
        "costAndExpenses": 1024600000,
        "interestIncome": 300000,
        "interestExpense": 15300000,
        "depreciationAndAmortization": 42900000,
        "ebitda": 177300000,
        "ebitdaratio": 0.1527000258,
        "operatingIncome": 136500000,
        "operatingIncomeRatio": 0.1175609336,
        "totalOtherIncomeExpensesNet": -17400000,
        "incomeBeforeTax": 119100000,
        "incomeBeforeTaxRatio": 0.1025751443,
        "incomeTaxExpense": 23100000,
        "netIncome": 95100000,
        "netIncomeRatio": 0.08190509,
        "eps": 1.21,
        "epsdiluted": 1.2,
        "weightedAverageShsOut": 78500000,
        "weightedAverageShsOutDil": 79000000,
        "link": "https://www.sec.gov/Archives/edgar/data/14930/000001493021000029/0000014930-21-000029-index.htm",
        "finalLink": "https://www.sec.gov/Archives/edgar/data/14930/000001493021000029/bcorp-20201231.htm"
    },
    {
        "date": "2020-09-26",
        "symbol": "BC",
        "reportedCurrency": "USD",
        "cik": "0000014930",
        "fillingDate": "2020-11-04",
        "acceptedDate": "2020-11-04 11:37:59",
        "calendarYear": "2020",
        "period": "Q3",
        "revenue": 1233100000,
        "costOfRevenue": 856200000,
        "grossProfit": 376900000,
        "grossProfitRatio": 0.3056524207,
        "researchAndDevelopmentExpenses": 31200000,
        "generalAndAdministrativeExpenses": 0,
        "sellingAndMarketingExpenses": 0,
        "sellingGeneralAndAdministrativeExpenses": 151300000,
        "otherExpenses": 1800000,
        "operatingExpenses": 184300000,
        "costAndExpenses": 1040500000,
        "interestIncome": 300000,
        "interestExpense": 16400000,
        "depreciationAndAmortization": 38300000,
        "ebitda": 230400000,
        "ebitdaratio": 0.1868461601,
        "operatingIncome": 192600000,
        "operatingIncomeRatio": 0.1561917119,
        "totalOtherIncomeExpensesNet": -16900000,
        "incomeBeforeTax": 175700000,
        "incomeBeforeTaxRatio": 0.1424864163,
        "incomeTaxExpense": 38900000,
        "netIncome": 137900000,
        "netIncomeRatio": 0.1118319682,
        "eps": 1.74,
        "epsdiluted": 1.73,
        "weightedAverageShsOut": 79400000,
        "weightedAverageShsOutDil": 79800000,
        "link": "https://www.sec.gov/Archives/edgar/data/14930/000001493020000166/0000014930-20-000166-index.htm",
        "finalLink": "https://www.sec.gov/Archives/edgar/data/14930/000001493020000166/bcorp-20200926.htm"
    },
    {
        "date": "2020-06-27",
        "symbol": "BC",
        "reportedCurrency": "USD",
        "cik": "0000014930",
        "fillingDate": "2020-08-04",
        "acceptedDate": "2020-08-04 16:36:10",
        "calendarYear": "2020",
        "period": "Q2",
        "revenue": 987800000,
        "costOfRevenue": 731800000,
        "grossProfit": 256000000,
        "grossProfitRatio": 0.2591617736,
        "researchAndDevelopmentExpenses": 27700000,
        "generalAndAdministrativeExpenses": 0,
        "sellingAndMarketingExpenses": 0,
        "sellingGeneralAndAdministrativeExpenses": 119200000,
        "otherExpenses": 2100000,
        "operatingExpenses": 149000000,
        "costAndExpenses": 880800000,
        "interestIncome": 300000,
        "interestExpense": 18700000,
        "depreciationAndAmortization": 37000000,
        "ebitda": 144500000,
        "ebitdaratio": 0.146284673,
        "operatingIncome": 107000000,
        "operatingIncomeRatio": 0.1083215226,
        "totalOtherIncomeExpensesNet": -18200000,
        "incomeBeforeTax": 88800000,
        "incomeBeforeTaxRatio": 0.0898967402,
        "incomeTaxExpense": 17600000,
        "netIncome": 70700000,
        "netIncomeRatio": 0.071573193,
        "eps": 0.89,
        "epsdiluted": 0.89,
        "weightedAverageShsOut": 79600000,
        "weightedAverageShsOutDil": 79800000,
        "link": "https://www.sec.gov/Archives/edgar/data/14930/000001493020000121/0000014930-20-000121-index.htm",
        "finalLink": "https://www.sec.gov/Archives/edgar/data/14930/000001493020000121/bc2020062710-q.htm"
    },
    {
        "date": "2020-03-28",
        "symbol": "BC",
        "reportedCurrency": "USD",
        "cik": "0000014930",
        "fillingDate": "2020-05-07",
        "acceptedDate": "2020-05-07 13:11:06",
        "calendarYear": "2020",
        "period": "Q1",
        "revenue": 965500000,
        "costOfRevenue": 721700000,
        "grossProfit": 243800000,
        "grossProfitRatio": 0.252511652,
        "researchAndDevelopmentExpenses": 28900000,
        "generalAndAdministrativeExpenses": 0,
        "sellingAndMarketingExpenses": 0,
        "sellingGeneralAndAdministrativeExpenses": 111300000,
        "otherExpenses": 400000,
        "operatingExpenses": 140600000,
        "costAndExpenses": 862300000,
        "interestIncome": 300000,
        "interestExpense": 16900000,
        "depreciationAndAmortization": 35200000,
        "ebitda": 141200000,
        "ebitdaratio": 0.1462454687,
        "operatingIncome": 103200000,
        "operatingIncomeRatio": 0.106887623,
        "totalOtherIncomeExpensesNet": -14100000,
        "incomeBeforeTax": 89100000,
        "incomeBeforeTaxRatio": 0.0922837908,
        "incomeTaxExpense": 18400000,
        "netIncome": 69000000,
        "netIncomeRatio": 0.0714655619,
        "eps": 0.86,
        "epsdiluted": 0.86,
        "weightedAverageShsOut": 80000000,
        "weightedAverageShsOutDil": 80300000,
        "link": "https://www.sec.gov/Archives/edgar/data/14930/000001493020000081/0000014930-20-000081-index.htm",
        "finalLink": "https://www.sec.gov/Archives/edgar/data/14930/000001493020000081/bc2020032810-q.htm"
    },
    {
        "date": "2019-12-31",
        "symbol": "BC",
        "reportedCurrency": "USD",
        "cik": "0000014930",
        "fillingDate": "2020-02-18",
        "acceptedDate": "2020-02-18 15:51:48",
        "calendarYear": "2019",
        "period": "Q4",
        "revenue": 917600000,
        "costOfRevenue": 681000000,
        "grossProfit": 236600000,
        "grossProfitRatio": 0.2578465562,
        "researchAndDevelopmentExpenses": 29700000,
        "generalAndAdministrativeExpenses": 0,
        "sellingAndMarketingExpenses": 0,
        "sellingGeneralAndAdministrativeExpenses": 129600000,
        "otherExpenses": 2800000,
        "operatingExpenses": 162100000,
        "costAndExpenses": 843100000,
        "interestIncome": 900000,
        "interestExpense": 16600000,
        "depreciationAndAmortization": 37200000,
        "ebitda": 115300000,
        "ebitdaratio": 0.1256538797,
        "operatingIncome": 74500000,
        "operatingIncomeRatio": 0.081190061,
        "totalOtherIncomeExpensesNet": -13000000,
        "incomeBeforeTax": 61500000,
        "incomeBeforeTaxRatio": 0.0670226678,
        "incomeTaxExpense": -13500000,
        "netIncome": 67100000,
        "netIncomeRatio": 0.0731255449,
        "eps": 0.79,
        "epsdiluted": 0.78,
        "weightedAverageShsOut": 85200000,
        "weightedAverageShsOutDil": 85600000,
        "link": "https://www.sec.gov/Archives/edgar/data/14930/000001493020000027/0000014930-20-000027-index.htm",
        "finalLink": "https://www.sec.gov/Archives/edgar/data/14930/000001493020000027/bc2019123110k.htm"
    },
    {
        "date": "2019-09-28",
        "symbol": "BC",
        "reportedCurrency": "USD",
        "cik": "0000014930",
        "fillingDate": "2019-10-30",
        "acceptedDate": "2019-10-30 16:04:34",
        "calendarYear": "2019",
        "period": "Q3",
        "revenue": 976600000,
        "costOfRevenue": 699700000,
        "grossProfit": 276900000,
        "grossProfitRatio": 0.2835347123,
        "researchAndDevelopmentExpenses": 29700000,
        "generalAndAdministrativeExpenses": 0,
        "sellingAndMarketingExpenses": 0,
        "sellingGeneralAndAdministrativeExpenses": 120100000,
        "otherExpenses": 7400000,
        "operatingExpenses": 157200000,
        "costAndExpenses": 856900000,
        "interestIncome": 1600000,
        "interestExpense": 18800000,
        "depreciationAndAmortization": 35100000,
        "ebitda": -135700000,
        "ebitdaratio": -0.1389514643,
        "operatingIncome": 119700000,
        "operatingIncomeRatio": 0.1225680934,
        "totalOtherIncomeExpensesNet": -309300000,
        "incomeBeforeTax": -189600000,
        "incomeBeforeTaxRatio": -0.1941429449,
        "incomeTaxExpense": 43300000,
        "netIncome": -239300000,
        "netIncomeRatio": -0.2450337907,
        "eps": -2.82,
        "epsdiluted": -2.82,
        "weightedAverageShsOut": 85000000,
        "weightedAverageShsOutDil": 85000000,
        "link": "https://www.sec.gov/Archives/edgar/data/14930/000001493019000151/0000014930-19-000151-index.htm",
        "finalLink": "https://www.sec.gov/Archives/edgar/data/14930/000001493019000151/bc2019092810-q.htm"
    },
    {
        "date": "2019-06-29",
        "symbol": "BC",
        "reportedCurrency": "USD",
        "cik": "0000014930",
        "fillingDate": "2019-08-02",
        "acceptedDate": "2019-08-02 16:36:51",
        "calendarYear": "2019",
        "period": "Q2",
        "revenue": 1163500000,
        "costOfRevenue": 835500000,
        "grossProfit": 328000000,
        "grossProfitRatio": 0.2819080361,
        "researchAndDevelopmentExpenses": 33500000,
        "generalAndAdministrativeExpenses": 0,
        "sellingAndMarketingExpenses": 0,
        "sellingGeneralAndAdministrativeExpenses": 126400000,
        "otherExpenses": 5400000,
        "operatingExpenses": 165300000,
        "costAndExpenses": 1000800000,
        "interestIncome": 400000,
        "interestExpense": 20800000,
        "depreciationAndAmortization": 33300000,
        "ebitda": 197900000,
        "ebitdaratio": 0.170090245,
        "operatingIncome": 162700000,
        "operatingIncomeRatio": 0.1398366996,
        "totalOtherIncomeExpensesNet": -18900000,
        "incomeBeforeTax": 143800000,
        "incomeBeforeTaxRatio": 0.1235926085,
        "incomeTaxExpense": 31700000,
        "netIncome": 77500000,
        "netIncomeRatio": 0.0666093683,
        "eps": 0.89,
        "epsdiluted": 0.89,
        "weightedAverageShsOut": 86900000,
        "weightedAverageShsOutDil": 87300000,
        "link": "https://www.sec.gov/Archives/edgar/data/14930/000001493019000136/0000014930-19-000136-index.htm",
        "finalLink": "https://www.sec.gov/Archives/edgar/data/14930/000001493019000136/bc2019062910-q.htm"
    },
    {
        "date": "2019-03-30",
        "symbol": "BC",
        "reportedCurrency": "USD",
        "cik": "0000014930",
        "fillingDate": "2019-05-01",
        "acceptedDate": "2019-05-01 12:50:51",
        "calendarYear": "2019",
        "period": "Q1",
        "revenue": 1050700000,
        "costOfRevenue": 771200000,
        "grossProfit": 279500000,
        "grossProfitRatio": 0.2660131341,
        "researchAndDevelopmentExpenses": 28700000,
        "generalAndAdministrativeExpenses": 189600000,
        "sellingAndMarketingExpenses": -56100000,
        "sellingGeneralAndAdministrativeExpenses": 133500000,
        "otherExpenses": 3200000,
        "operatingExpenses": 165400000,
        "costAndExpenses": 936600000,
        "interestIncome": 400000,
        "interestExpense": 19800000,
        "depreciationAndAmortization": 33100000,
        "ebitda": 147900000,
        "ebitdaratio": 0.1407633007,
        "operatingIncome": 114100000,
        "operatingIncomeRatio": 0.1085942705,
        "totalOtherIncomeExpensesNet": -19100000,
        "incomeBeforeTax": 95000000,
        "incomeBeforeTaxRatio": 0.0904159132,
        "incomeTaxExpense": 18800000,
        "netIncome": -36300000,
        "netIncomeRatio": -0.0345483963,
        "eps": -0.41,
        "epsdiluted": -0.41,
        "weightedAverageShsOut": 87500000,
        "weightedAverageShsOutDil": 87500000,
        "link": "https://www.sec.gov/Archives/edgar/data/14930/000001493019000072/0000014930-19-000072-index.htm",
        "finalLink": "https://www.sec.gov/Archives/edgar/data/14930/000001493019000072/bcorp2019033010-qnew.htm"
    },
    {
        "date": "2018-12-31",
        "symbol": "BC",
        "reportedCurrency": "USD",
        "cik": "0000014930",
        "fillingDate": "2019-02-19",
        "acceptedDate": "2019-02-19 16:59:41",
        "calendarYear": "2018",
        "period": "Q4",
        "revenue": 1248900000,
        "costOfRevenue": 932500000,
        "grossProfit": 316400000,
        "grossProfitRatio": 0.2533429418,
        "researchAndDevelopmentExpenses": 35500000,
        "generalAndAdministrativeExpenses": 192400000,
        "sellingAndMarketingExpenses": 0,
        "sellingGeneralAndAdministrativeExpenses": 192400000,
        "otherExpenses": 24600000,
        "operatingExpenses": 252500000,
        "costAndExpenses": 1185000000,
        "interestIncome": 600000,
        "interestExpense": 18000000,
        "depreciationAndAmortization": 44800000,
        "ebitda": 112000000,
        "ebitdaratio": 0.0896789174,
        "operatingIncome": 63900000,
        "operatingIncomeRatio": 0.0511650252,
        "totalOtherIncomeExpensesNet": -14700000,
        "incomeBeforeTax": 49200000,
        "incomeBeforeTaxRatio": 0.0393946673,
        "incomeTaxExpense": 8000000,
        "netIncome": 43400000,
        "netIncomeRatio": 0.0347505805,
        "eps": 0.5,
        "epsdiluted": 0.49,
        "weightedAverageShsOut": 87400000,
        "weightedAverageShsOutDil": 88000000,
        "link": "https://www.sec.gov/Archives/edgar/data/14930/000001493019000054/0000014930-19-000054-index.htm",
        "finalLink": "https://www.sec.gov/Archives/edgar/data/14930/000001493019000054/bc2018123110knew.htm"
    },
    {
        "date": "2018-09-29",
        "symbol": "BC",
        "reportedCurrency": "USD",
        "cik": "0000014930",
        "fillingDate": "2018-10-31",
        "acceptedDate": "2018-10-31 13:44:33",
        "calendarYear": "2018",
        "period": "Q3",
        "revenue": 1044100000,
        "costOfRevenue": 765800000,
        "grossProfit": 278300000,
        "grossProfitRatio": 0.2665453501,
        "researchAndDevelopmentExpenses": 29400000,
        "generalAndAdministrativeExpenses": 199600000,
        "sellingAndMarketingExpenses": -58300000,
        "sellingGeneralAndAdministrativeExpenses": 141300000,
        "otherExpenses": 9400000,
        "operatingExpenses": 180100000,
        "costAndExpenses": 945900000,
        "interestIncome": 1000000,
        "interestExpense": 13000000,
        "depreciationAndAmortization": 35600000,
        "ebitda": 130600000,
        "ebitdaratio": 0.1250838042,
        "operatingIncome": 98200000,
        "operatingIncomeRatio": 0.0940522938,
        "totalOtherIncomeExpensesNet": -16300000,
        "incomeBeforeTax": 81900000,
        "incomeBeforeTaxRatio": 0.0784407624,
        "incomeTaxExpense": 6700000,
        "netIncome": 70000000,
        "netIncomeRatio": 0.0670433866,
        "eps": 0.8,
        "epsdiluted": 0.8,
        "weightedAverageShsOut": 87300000,
        "weightedAverageShsOutDil": 87900000,
        "link": "https://www.sec.gov/Archives/edgar/data/14930/000001493018000148/0000014930-18-000148-index.htm",
        "finalLink": "https://www.sec.gov/Archives/edgar/data/14930/000001493018000148/bc2018092910-q.htm"
    },
    {
        "date": "2018-06-30",
        "symbol": "BC",
        "reportedCurrency": "USD",
        "cik": "0000014930",
        "fillingDate": "2018-08-01",
        "acceptedDate": "2018-08-01 15:10:37",
        "calendarYear": "2018",
        "period": "Q2",
        "revenue": 1148700000,
        "costOfRevenue": 867500000,
        "grossProfit": 281200000,
        "grossProfitRatio": 0.2447984678,
        "researchAndDevelopmentExpenses": 32500000,
        "generalAndAdministrativeExpenses": 168800000,
        "sellingAndMarketingExpenses": -47400000,
        "sellingGeneralAndAdministrativeExpenses": 121400000,
        "otherExpenses": 34200000,
        "operatingExpenses": 188100000,
        "costAndExpenses": 1055600000,
        "interestIncome": 600000,
        "interestExpense": 8200000,
        "depreciationAndAmortization": 22100000,
        "ebitda": 114800000,
        "ebitdaratio": 0.0999390615,
        "operatingIncome": 93100000,
        "operatingIncomeRatio": 0.0810481414,
        "totalOtherIncomeExpensesNet": -8600000,
        "incomeBeforeTax": 84500000,
        "incomeBeforeTaxRatio": 0.0735614173,
        "incomeTaxExpense": 16400000,
        "netIncome": 79000000,
        "netIncomeRatio": 0.068773396,
        "eps": 0.9,
        "epsdiluted": 0.9,
        "weightedAverageShsOut": 87600000,
        "weightedAverageShsOutDil": 88200000,
        "link": "https://www.sec.gov/Archives/edgar/data/14930/000001493018000116/0000014930-18-000116-index.htm",
        "finalLink": "https://www.sec.gov/Archives/edgar/data/14930/000001493018000116/bc2018063010-q.htm"
    },
    {
        "date": "2018-03-31",
        "symbol": "BC",
        "reportedCurrency": "USD",
        "cik": "0000014930",
        "fillingDate": "2018-05-03",
        "acceptedDate": "2018-05-03 14:36:34",
        "calendarYear": "2018",
        "period": "Q1",
        "revenue": 1211400000,
        "costOfRevenue": 901400000,
        "grossProfit": 310000000,
        "grossProfitRatio": 0.2559022618,
        "researchAndDevelopmentExpenses": 37600000,
        "generalAndAdministrativeExpenses": 163500000,
        "sellingAndMarketingExpenses": 0,
        "sellingGeneralAndAdministrativeExpenses": 163500000,
        "otherExpenses": 3800000,
        "operatingExpenses": 204900000,
        "costAndExpenses": 1106300000,
        "interestIncome": 700000,
        "interestExpense": 6700000,
        "depreciationAndAmortization": 27800000,
        "ebitda": 134600000,
        "ebitdaratio": 0.1111111111,
        "operatingIncome": 105100000,
        "operatingIncomeRatio": 0.0867591217,
        "totalOtherIncomeExpensesNet": -5000000,
        "incomeBeforeTax": 100100000,
        "incomeBeforeTaxRatio": 0.0826316658,
        "incomeTaxExpense": 27200000,
        "netIncome": 72900000,
        "netIncomeRatio": 0.0601783061,
        "eps": 0.83,
        "epsdiluted": 0.82,
        "weightedAverageShsOut": 88100000,
        "weightedAverageShsOutDil": 88800000,
        "link": "https://www.sec.gov/Archives/edgar/data/14930/000001493018000083/0000014930-18-000083-index.htm",
        "finalLink": "https://www.sec.gov/Archives/edgar/data/14930/000001493018000083/bc2018033110-q.htm"
    },
    {
        "date": "2017-12-31",
        "symbol": "BC",
        "reportedCurrency": "USD",
        "cik": "0000014930",
        "fillingDate": "2018-02-20",
        "acceptedDate": "2018-02-20 15:33:43",
        "calendarYear": "2017",
        "period": "Q4",
        "revenue": 856200000,
        "costOfRevenue": 603800000,
        "grossProfit": 252400000,
        "grossProfitRatio": 0.2947909367,
        "researchAndDevelopmentExpenses": 29900000,
        "generalAndAdministrativeExpenses": 228000000,
        "sellingAndMarketingExpenses": 0,
        "sellingGeneralAndAdministrativeExpenses": 228000000,
        "otherExpenses": 8900000,
        "operatingExpenses": 266800000,
        "costAndExpenses": 870600000,
        "interestIncome": 800000,
        "interestExpense": 6500000,
        "depreciationAndAmortization": 15000000,
        "ebitda": 2400000,
        "ebitdaratio": 0.0028030834,
        "operatingIncome": -14400000,
        "operatingIncomeRatio": -0.0168185004,
        "totalOtherIncomeExpensesNet": -4700000,
        "incomeBeforeTax": -19100000,
        "incomeBeforeTaxRatio": -0.022307872,
        "incomeTaxExpense": 56900000,
        "netIncome": -116900000,
        "netIncomeRatio": -0.1365335202,
        "eps": -1.33,
        "epsdiluted": -1.32,
        "weightedAverageShsOut": 88028765,
        "weightedAverageShsOutDil": 88400000,
        "link": "https://www.sec.gov/Archives/edgar/data/14930/000001493018000056/0000014930-18-000056-index.htm",
        "finalLink": "https://www.sec.gov/Archives/edgar/data/14930/000001493018000056/bc2017123110k.htm"
    },
    {
        "date": "2017-09-30",
        "symbol": "BC",
        "reportedCurrency": "USD",
        "cik": "0000014930",
        "fillingDate": "2017-11-01",
        "acceptedDate": "2017-11-01 15:45:17",
        "calendarYear": "2017",
        "period": "Q3",
        "revenue": 1141500000,
        "costOfRevenue": 827100000,
        "grossProfit": 314400000,
        "grossProfitRatio": 0.2754270696,
        "researchAndDevelopmentExpenses": 35500000,
        "generalAndAdministrativeExpenses": 157900000,
        "sellingAndMarketingExpenses": 0,
        "sellingGeneralAndAdministrativeExpenses": 157900000,
        "otherExpenses": 6800000,
        "operatingExpenses": 200200000,
        "costAndExpenses": 1027300000,
        "interestIncome": 900000,
        "interestExpense": 6600000,
        "depreciationAndAmortization": 28000000,
        "ebitda": 143600000,
        "ebitdaratio": 0.1257993868,
        "operatingIncome": 114200000,
        "operatingIncomeRatio": 0.100043802,
        "totalOtherIncomeExpensesNet": -5200000,
        "incomeBeforeTax": 109000000,
        "incomeBeforeTaxRatio": 0.0954883925,
        "incomeTaxExpense": 30000000,
        "netIncome": 79000000,
        "netIncomeRatio": 0.0692071835,
        "eps": 0.89,
        "epsdiluted": 0.88,
        "weightedAverageShsOut": 89100000,
        "weightedAverageShsOutDil": 89800000,
        "link": "https://www.sec.gov/Archives/edgar/data/14930/000001493017000139/0000014930-17-000139-index.htm",
        "finalLink": "https://www.sec.gov/Archives/edgar/data/14930/000001493017000139/bc2017093010-q.htm"
    },
    {
        "date": "2017-07-01",
        "symbol": "BC",
        "reportedCurrency": "USD",
        "cik": "0000014930",
        "fillingDate": "2017-08-02",
        "acceptedDate": "2017-08-02 12:17:25",
        "calendarYear": "2017",
        "period": "Q2",
        "revenue": 1352000000,
        "costOfRevenue": 982100000,
        "grossProfit": 369900000,
        "grossProfitRatio": 0.2735946746,
        "researchAndDevelopmentExpenses": 36500000,
        "generalAndAdministrativeExpenses": 156600000,
        "sellingAndMarketingExpenses": 0,
        "sellingGeneralAndAdministrativeExpenses": 156600000,
        "otherExpenses": 5700000,
        "operatingExpenses": 198800000,
        "costAndExpenses": 1180900000,
        "interestIncome": 400000,
        "interestExpense": 6700000,
        "depreciationAndAmortization": 31600000,
        "ebitda": 204800000,
        "ebitdaratio": 0.1514792899,
        "operatingIncome": 171100000,
        "operatingIncomeRatio": 0.1265532544,
        "totalOtherIncomeExpensesNet": -4600000,
        "incomeBeforeTax": 166500000,
        "incomeBeforeTaxRatio": 0.1231508876,
        "incomeTaxExpense": 47100000,
        "netIncome": 119400000,
        "netIncomeRatio": 0.0883136095,
        "eps": 1.33,
        "epsdiluted": 1.32,
        "weightedAverageShsOut": 89800000,
        "weightedAverageShsOutDil": 90600000,
        "link": "https://www.sec.gov/Archives/edgar/data/14930/000001493017000116/0000014930-17-000116-index.htm",
        "finalLink": "https://www.sec.gov/Archives/edgar/data/14930/000001493017000116/bc2017070110-q.htm"
    },
    {
        "date": "2017-04-01",
        "symbol": "BC",
        "reportedCurrency": "USD",
        "cik": "0000014930",
        "fillingDate": "2017-05-04",
        "acceptedDate": "2017-05-04 12:28:08",
        "calendarYear": "2017",
        "period": "Q1",
        "revenue": 1082100000,
        "costOfRevenue": 787800000,
        "grossProfit": 294300000,
        "grossProfitRatio": 0.2719711672,
        "researchAndDevelopmentExpenses": 34500000,
        "generalAndAdministrativeExpenses": 148100000,
        "sellingAndMarketingExpenses": 0,
        "sellingGeneralAndAdministrativeExpenses": 148100000,
        "otherExpenses": 8300000,
        "operatingExpenses": 190900000,
        "costAndExpenses": 978700000,
        "interestIncome": 500000,
        "interestExpense": 6500000,
        "depreciationAndAmortization": 23600000,
        "ebitda": 128500000,
        "ebitdaratio": 0.1187505776,
        "operatingIncome": 103400000,
        "operatingIncomeRatio": 0.0955549395,
        "totalOtherIncomeExpensesNet": -5000000,
        "incomeBeforeTax": 98400000,
        "incomeBeforeTaxRatio": 0.0909342944,
        "incomeTaxExpense": 24200000,
        "netIncome": 64900000,
        "netIncomeRatio": 0.0599759726,
        "eps": 0.72,
        "epsdiluted": 0.71,
        "weightedAverageShsOut": 90100000,
        "weightedAverageShsOutDil": 91100000,
        "link": "https://www.sec.gov/Archives/edgar/data/14930/000001493017000082/0000014930-17-000082-index.htm",
        "finalLink": "https://www.sec.gov/Archives/edgar/data/14930/000001493017000082/bc2017040110-q.htm"
    },
    {
        "date": "2016-12-31",
        "symbol": "BC",
        "reportedCurrency": "USD",
        "cik": "0000014930",
        "fillingDate": "2017-02-17",
        "acceptedDate": "2017-02-17 16:28:26",
        "calendarYear": "2016",
        "period": "Q4",
        "revenue": 1083000000,
        "costOfRevenue": 803000000,
        "grossProfit": 280000000,
        "grossProfitRatio": 0.2585410896,
        "researchAndDevelopmentExpenses": 35000000,
        "generalAndAdministrativeExpenses": 209600000,
        "sellingAndMarketingExpenses": 0,
        "sellingGeneralAndAdministrativeExpenses": 209600000,
        "otherExpenses": 6800000,
        "operatingExpenses": 251400000,
        "costAndExpenses": 1054400000,
        "interestIncome": 600000,
        "interestExpense": 6700000,
        "depreciationAndAmortization": 26900000,
        "ebitda": 57600000,
        "ebitdaratio": 0.0531855956,
        "operatingIncome": 28600000,
        "operatingIncomeRatio": 0.0264081256,
        "totalOtherIncomeExpensesNet": -4600000,
        "incomeBeforeTax": 24000000,
        "incomeBeforeTaxRatio": 0.0221606648,
        "incomeTaxExpense": 6200000,
        "netIncome": 17700000,
        "netIncomeRatio": 0.0163434903,
        "eps": 0.2,
        "epsdiluted": 0.19,
        "weightedAverageShsOut": 90400000,
        "weightedAverageShsOutDil": 91200000,
        "link": "https://www.sec.gov/Archives/edgar/data/14930/000001493017000051/0000014930-17-000051-index.htm",
        "finalLink": "https://www.sec.gov/Archives/edgar/data/14930/000001493017000051/bc2016123110k.htm"
    },
    {
        "date": "2016-10-01",
        "symbol": "BC",
        "reportedCurrency": "USD",
        "cik": "0000014930",
        "fillingDate": "2016-11-02",
        "acceptedDate": "2016-11-02 11:36:31",
        "calendarYear": "2016",
        "period": "Q3",
        "revenue": 1093000000,
        "costOfRevenue": 783300000,
        "grossProfit": 309700000,
        "grossProfitRatio": 0.2833485819,
        "researchAndDevelopmentExpenses": 34500000,
        "generalAndAdministrativeExpenses": 150300000,
        "sellingAndMarketingExpenses": 0,
        "sellingGeneralAndAdministrativeExpenses": 150300000,
        "otherExpenses": 2400000,
        "operatingExpenses": 187200000,
        "costAndExpenses": 970500000,
        "interestIncome": 400000,
        "interestExpense": 7000000,
        "depreciationAndAmortization": 26400000,
        "ebitda": 151500000,
        "ebitdaratio": 0.1386093321,
        "operatingIncome": 122500000,
        "operatingIncomeRatio": 0.1120768527,
        "totalOtherIncomeExpensesNet": -4400000,
        "incomeBeforeTax": 118100000,
        "incomeBeforeTaxRatio": 0.1080512351,
        "incomeTaxExpense": 32800000,
        "netIncome": 85400000,
        "netIncomeRatio": 0.0781335773,
        "eps": 0.94,
        "epsdiluted": 0.93,
        "weightedAverageShsOut": 91100000,
        "weightedAverageShsOutDil": 91900000,
        "link": "https://www.sec.gov/Archives/edgar/data/14930/000001493016000279/0000014930-16-000279-index.htm",
        "finalLink": "https://www.sec.gov/Archives/edgar/data/14930/000001493016000279/bc2016100110q.htm"
    },
    {
        "date": "2016-07-02",
        "symbol": "BC",
        "reportedCurrency": "USD",
        "cik": "0000014930",
        "fillingDate": "2016-08-03",
        "acceptedDate": "2016-08-03 12:10:44",
        "calendarYear": "2016",
        "period": "Q2",
        "revenue": 1242200000,
        "costOfRevenue": 888900000,
        "grossProfit": 353300000,
        "grossProfitRatio": 0.284414748,
        "researchAndDevelopmentExpenses": 35100000,
        "generalAndAdministrativeExpenses": 153700000,
        "sellingAndMarketingExpenses": 0,
        "sellingGeneralAndAdministrativeExpenses": 153700000,
        "otherExpenses": 2600000,
        "operatingExpenses": 191400000,
        "costAndExpenses": 1080300000,
        "interestIncome": 400000,
        "interestExpense": 7000000,
        "depreciationAndAmortization": 25200000,
        "ebitda": 188400000,
        "ebitdaratio": 0.1516663983,
        "operatingIncome": 161900000,
        "operatingIncomeRatio": 0.1303332797,
        "totalOtherIncomeExpensesNet": -5700000,
        "incomeBeforeTax": 156200000,
        "incomeBeforeTaxRatio": 0.1257446466,
        "incomeTaxExpense": 48100000,
        "netIncome": 108100000,
        "netIncomeRatio": 0.0870230237,
        "eps": 1.18,
        "epsdiluted": 1.17,
        "weightedAverageShsOut": 91500000,
        "weightedAverageShsOutDil": 92300000,
        "link": "https://www.sec.gov/Archives/edgar/data/14930/000001493016000251/0000014930-16-000251-index.htm",
        "finalLink": "https://www.sec.gov/Archives/edgar/data/14930/000001493016000251/bc2016070210q.htm"
    },
    {
        "date": "2016-04-02",
        "symbol": "BC",
        "reportedCurrency": "USD",
        "cik": "0000014930",
        "fillingDate": "2016-05-05",
        "acceptedDate": "2016-05-05 15:40:58",
        "calendarYear": "2016",
        "period": "Q1",
        "revenue": 1070300000,
        "costOfRevenue": 788200000,
        "grossProfit": 282100000,
        "grossProfitRatio": 0.2635709614,
        "researchAndDevelopmentExpenses": 34600000,
        "generalAndAdministrativeExpenses": 147700000,
        "sellingAndMarketingExpenses": 0,
        "sellingGeneralAndAdministrativeExpenses": 147700000,
        "otherExpenses": 3800000,
        "operatingExpenses": 186100000,
        "costAndExpenses": 974300000,
        "interestIncome": 400000,
        "interestExpense": 6800000,
        "depreciationAndAmortization": 25400000,
        "ebitda": 123600000,
        "ebitdaratio": 0.1154816407,
        "operatingIncome": 96000000,
        "operatingIncomeRatio": 0.0896944782,
        "totalOtherIncomeExpensesNet": -4600000,
        "incomeBeforeTax": 91400000,
        "incomeBeforeTaxRatio": 0.0853966178,
        "incomeTaxExpense": 28200000,
        "netIncome": 64800000,
        "netIncomeRatio": 0.0605437728,
        "eps": 0.71,
        "epsdiluted": 0.68,
        "weightedAverageShsOut": 91800000,
        "weightedAverageShsOutDil": 92800000,
        "link": "https://www.sec.gov/Archives/edgar/data/14930/000001493016000212/0000014930-16-000212-index.htm",
        "finalLink": "https://www.sec.gov/Archives/edgar/data/14930/000001493016000212/bc2016040210q.htm"
    },
    {
        "date": "2015-12-31",
        "symbol": "BC",
        "reportedCurrency": "USD",
        "cik": "0000014930",
        "fillingDate": "2016-02-17",
        "acceptedDate": "2016-02-17 16:12:34",
        "calendarYear": "2015",
        "period": "Q4",
        "revenue": 986100000,
        "costOfRevenue": 736400000,
        "grossProfit": 249700000,
        "grossProfitRatio": 0.2532197546,
        "researchAndDevelopmentExpenses": 33700000,
        "generalAndAdministrativeExpenses": 230600000,
        "sellingAndMarketingExpenses": 0,
        "sellingGeneralAndAdministrativeExpenses": 230600000,
        "otherExpenses": 12400000,
        "operatingExpenses": 276700000,
        "costAndExpenses": 1013100000,
        "interestIncome": 500000,
        "interestExpense": 6800000,
        "depreciationAndAmortization": 22600000,
        "ebitda": -2400000,
        "ebitdaratio": -0.0024338302,
        "operatingIncome": -27000000,
        "operatingIncomeRatio": -0.0273805902,
        "totalOtherIncomeExpensesNet": -4800000,
        "incomeBeforeTax": -31800000,
        "incomeBeforeTaxRatio": -0.0322482507,
        "incomeTaxExpense": -22800000,
        "netIncome": -9300000,
        "netIncomeRatio": -0.0094310922,
        "eps": -0.1,
        "epsdiluted": -0.1,
        "weightedAverageShsOut": 92100000,
        "weightedAverageShsOutDil": 92100000,
        "link": "https://www.sec.gov/Archives/edgar/data/14930/000162828016011325/0001628280-16-011325-index.htm",
        "finalLink": "https://www.sec.gov/Archives/edgar/data/14930/000162828016011325/bc2015123110k.htm"
    },
    {
        "date": "2015-10-03",
        "symbol": "BC",
        "reportedCurrency": "USD",
        "cik": "0000014930",
        "fillingDate": "2015-11-04",
        "acceptedDate": "2015-11-04 16:19:01",
        "calendarYear": "2015",
        "period": "Q3",
        "revenue": 991900000,
        "costOfRevenue": 710200000,
        "grossProfit": 281700000,
        "grossProfitRatio": 0.2840004033,
        "researchAndDevelopmentExpenses": 30300000,
        "generalAndAdministrativeExpenses": 135600000,
        "sellingAndMarketingExpenses": 0,
        "sellingGeneralAndAdministrativeExpenses": 135600000,
        "otherExpenses": 0,
        "operatingExpenses": 165900000,
        "costAndExpenses": 876100000,
        "interestIncome": 700000,
        "interestExpense": 7000000,
        "depreciationAndAmortization": 22500000,
        "ebitda": 141400000,
        "ebitdaratio": 0.142554693,
        "operatingIncome": 115800000,
        "operatingIncomeRatio": 0.1167456397,
        "totalOtherIncomeExpensesNet": -3900000,
        "incomeBeforeTax": 111900000,
        "incomeBeforeTaxRatio": 0.1128137917,
        "incomeTaxExpense": 39700000,
        "netIncome": 75900000,
        "netIncomeRatio": 0.0765198105,
        "eps": 0.82,
        "epsdiluted": 0.81,
        "weightedAverageShsOut": 92700000,
        "weightedAverageShsOutDil": 94000000,
        "link": "https://www.sec.gov/Archives/edgar/data/14930/000001493015000123/0000014930-15-000123-index.htm",
        "finalLink": "https://www.sec.gov/Archives/edgar/data/14930/000001493015000123/bc2015100310q.htm"
    },
    {
        "date": "2015-07-04",
        "symbol": "BC",
        "reportedCurrency": "USD",
        "cik": "0000014930",
        "fillingDate": "2015-08-05",
        "acceptedDate": "2015-08-05 17:05:36",
        "calendarYear": "2015",
        "period": "Q2",
        "revenue": 1142000000,
        "costOfRevenue": 817600000,
        "grossProfit": 324400000,
        "grossProfitRatio": 0.2840630473,
        "researchAndDevelopmentExpenses": 31800000,
        "generalAndAdministrativeExpenses": 138400000,
        "sellingAndMarketingExpenses": 0,
        "sellingGeneralAndAdministrativeExpenses": 138400000,
        "otherExpenses": 0,
        "operatingExpenses": 170200000,
        "costAndExpenses": 987800000,
        "interestIncome": 500000,
        "interestExpense": 7000000,
        "depreciationAndAmortization": 21900000,
        "ebitda": 179100000,
        "ebitdaratio": 0.1568301226,
        "operatingIncome": 154200000,
        "operatingIncomeRatio": 0.1350262697,
        "totalOtherIncomeExpensesNet": -4000000,
        "incomeBeforeTax": 150200000,
        "incomeBeforeTaxRatio": 0.1315236427,
        "incomeTaxExpense": 42600000,
        "netIncome": 117800000,
        "netIncomeRatio": 0.1031523643,
        "eps": 1.26,
        "epsdiluted": 1.25,
        "weightedAverageShsOut": 93300000,
        "weightedAverageShsOutDil": 94600000,
        "link": "https://www.sec.gov/Archives/edgar/data/14930/000001493015000101/0000014930-15-000101-index.htm",
        "finalLink": "https://www.sec.gov/Archives/edgar/data/14930/000001493015000101/bc2015070410q.htm"
    },
    {
        "date": "2015-04-04",
        "symbol": "BC",
        "reportedCurrency": "USD",
        "cik": "0000014930",
        "fillingDate": "2015-05-07",
        "acceptedDate": "2015-05-07 14:50:42",
        "calendarYear": "2015",
        "period": "Q1",
        "revenue": 985700000,
        "costOfRevenue": 726900000,
        "grossProfit": 258800000,
        "grossProfitRatio": 0.2625545298,
        "researchAndDevelopmentExpenses": 30100000,
        "generalAndAdministrativeExpenses": 140000000,
        "sellingAndMarketingExpenses": 0,
        "sellingGeneralAndAdministrativeExpenses": 140000000,
        "otherExpenses": 0,
        "operatingExpenses": 170100000,
        "costAndExpenses": 897000000,
        "interestIncome": 500000,
        "interestExpense": 7000000,
        "depreciationAndAmortization": 21900000,
        "ebitda": 113800000,
        "ebitdaratio": 0.1154509486,
        "operatingIncome": 88700000,
        "operatingIncomeRatio": 0.0899868114,
        "totalOtherIncomeExpensesNet": -3800000,
        "incomeBeforeTax": 84900000,
        "incomeBeforeTaxRatio": 0.0861316831,
        "incomeTaxExpense": 28300000,
        "netIncome": 57000000,
        "netIncomeRatio": 0.057826925,
        "eps": 0.61,
        "epsdiluted": 0.6,
        "weightedAverageShsOut": 93800000,
        "weightedAverageShsOutDil": 95200000,
        "link": "https://www.sec.gov/Archives/edgar/data/14930/000001493015000072/0000014930-15-000072-index.htm",
        "finalLink": "https://www.sec.gov/Archives/edgar/data/14930/000001493015000072/bc2015040410q.htm"
    },
    {
        "date": "2014-12-31",
        "symbol": "BC",
        "reportedCurrency": "USD",
        "cik": "0000014930",
        "fillingDate": "2015-02-20",
        "acceptedDate": "2015-02-20 16:32:52",
        "calendarYear": "2014",
        "period": "Q4",
        "revenue": 938600000,
        "costOfRevenue": 708600000,
        "grossProfit": 230000000,
        "grossProfitRatio": 0.2450458129,
        "researchAndDevelopmentExpenses": 33500000,
        "generalAndAdministrativeExpenses": 181700000,
        "sellingAndMarketingExpenses": 0,
        "sellingGeneralAndAdministrativeExpenses": 181700000,
        "otherExpenses": 200000,
        "operatingExpenses": 215400000,
        "costAndExpenses": 924000000,
        "interestIncome": 500000,
        "interestExpense": 7100000,
        "depreciationAndAmortization": 22800000,
        "ebitda": 21900000,
        "ebitdaratio": 0.0233326231,
        "operatingIncome": 14600000,
        "operatingIncomeRatio": 0.015555082,
        "totalOtherIncomeExpensesNet": -22600000,
        "incomeBeforeTax": -8000000,
        "incomeBeforeTaxRatio": -0.0085233326,
        "incomeTaxExpense": -5700000,
        "netIncome": -4300000,
        "netIncomeRatio": -0.0045812913,
        "eps": -0.0458,
        "epsdiluted": -0.0458,
        "weightedAverageShsOut": 93800000,
        "weightedAverageShsOutDil": 93800000,
        "link": "https://www.sec.gov/Archives/edgar/data/14930/000001493015000050/0000014930-15-000050-index.htm",
        "finalLink": "https://www.sec.gov/Archives/edgar/data/14930/000001493015000050/bc2014123110k.htm"
    },
    {
        "date": "2014-09-27",
        "symbol": "BC",
        "reportedCurrency": "USD",
        "cik": "0000014930",
        "fillingDate": "2014-10-31",
        "acceptedDate": "2014-10-31 11:45:48",
        "calendarYear": "2014",
        "period": "Q3",
        "revenue": 932100000,
        "costOfRevenue": 672900000,
        "grossProfit": 259200000,
        "grossProfitRatio": 0.2780817509,
        "researchAndDevelopmentExpenses": 29700000,
        "generalAndAdministrativeExpenses": 134900000,
        "sellingAndMarketingExpenses": 0,
        "sellingGeneralAndAdministrativeExpenses": 134900000,
        "otherExpenses": 900000,
        "operatingExpenses": 165500000,
        "costAndExpenses": 838400000,
        "interestIncome": 200000,
        "interestExpense": 6900000,
        "depreciationAndAmortization": 20900000,
        "ebitda": 116700000,
        "ebitdaratio": 0.1252011587,
        "operatingIncome": 93700000,
        "operatingIncomeRatio": 0.1005256947,
        "totalOtherIncomeExpensesNet": -4800000,
        "incomeBeforeTax": 88900000,
        "incomeBeforeTaxRatio": 0.0953760326,
        "incomeTaxExpense": 27900000,
        "netIncome": 104400000,
        "netIncomeRatio": 0.1120051497,
        "eps": 1.11,
        "epsdiluted": 1.1,
        "weightedAverageShsOut": 93700000,
        "weightedAverageShsOutDil": 95200000,
        "link": "https://www.sec.gov/Archives/edgar/data/14930/000001493014000124/0000014930-14-000124-index.htm",
        "finalLink": "https://www.sec.gov/Archives/edgar/data/14930/000001493014000124/bc2014092710q.htm"
    },
    {
        "date": "2014-06-28",
        "symbol": "BC",
        "reportedCurrency": "USD",
        "cik": "0000014930",
        "fillingDate": "2014-07-31",
        "acceptedDate": "2014-07-31 08:16:43",
        "calendarYear": "2014",
        "period": "Q2",
        "revenue": 1073100000,
        "costOfRevenue": 768800000,
        "grossProfit": 304300000,
        "grossProfitRatio": 0.2835709626,
        "researchAndDevelopmentExpenses": 28000000,
        "generalAndAdministrativeExpenses": 134900000,
        "sellingAndMarketingExpenses": 0,
        "sellingGeneralAndAdministrativeExpenses": 134900000,
        "otherExpenses": 3100000,
        "operatingExpenses": 166000000,
        "costAndExpenses": 934800000,
        "interestIncome": 300000,
        "interestExpense": 8500000,
        "depreciationAndAmortization": 19500000,
        "ebitda": 159300000,
        "ebitdaratio": 0.1484484205,
        "operatingIncome": 138300000,
        "operatingIncomeRatio": 0.1288789488,
        "totalOtherIncomeExpensesNet": -6400000,
        "incomeBeforeTax": 131900000,
        "incomeBeforeTaxRatio": 0.1229149194,
        "incomeTaxExpense": 44800000,
        "netIncome": 88600000,
        "netIncomeRatio": 0.0825645327,
        "eps": 0.95,
        "epsdiluted": 0.93,
        "weightedAverageShsOut": 93500000,
        "weightedAverageShsOutDil": 95100000,
        "link": "https://www.sec.gov/Archives/edgar/data/14930/000001493014000106/0000014930-14-000106-index.htm",
        "finalLink": "https://www.sec.gov/Archives/edgar/data/14930/000001493014000106/bc2014062810q.htm"
    },
    {
        "date": "2014-03-29",
        "symbol": "BC",
        "reportedCurrency": "USD",
        "cik": "0000014930",
        "fillingDate": "2014-04-30",
        "acceptedDate": "2014-04-30 17:07:34",
        "calendarYear": "2014",
        "period": "Q1",
        "revenue": 894900000,
        "costOfRevenue": 651600000,
        "grossProfit": 243300000,
        "grossProfitRatio": 0.2718739524,
        "researchAndDevelopmentExpenses": 28400000,
        "generalAndAdministrativeExpenses": 133000000,
        "sellingAndMarketingExpenses": 0,
        "sellingGeneralAndAdministrativeExpenses": 133000000,
        "otherExpenses": 0,
        "operatingExpenses": 161400000,
        "costAndExpenses": 813000000,
        "interestIncome": 200000,
        "interestExpense": 8500000,
        "depreciationAndAmortization": 18000000,
        "ebitda": 101000000,
        "ebitdaratio": 0.1128617723,
        "operatingIncome": 81900000,
        "operatingIncomeRatio": 0.0915186054,
        "totalOtherIncomeExpensesNet": -6800000,
        "incomeBeforeTax": 75100000,
        "incomeBeforeTaxRatio": 0.0839199911,
        "incomeTaxExpense": 26000000,
        "netIncome": 57000000,
        "netIncomeRatio": 0.0636942675,
        "eps": 0.61,
        "epsdiluted": 0.6,
        "weightedAverageShsOut": 93300000,
        "weightedAverageShsOutDil": 95000000,
        "link": "https://www.sec.gov/Archives/edgar/data/14930/000001493014000058/0000014930-14-000058-index.htm",
        "finalLink": "https://www.sec.gov/Archives/edgar/data/14930/000001493014000058/bc2014032910q.htm"
    },
    {
        "date": "2013-12-31",
        "symbol": "BC",
        "reportedCurrency": "USD",
        "cik": "0000014930",
        "fillingDate": "2014-02-14",
        "acceptedDate": "2014-02-14 11:51:25",
        "calendarYear": "2013",
        "period": "Q4",
        "revenue": 901500000,
        "costOfRevenue": 688100000,
        "grossProfit": 213400000,
        "grossProfitRatio": 0.2367165835,
        "researchAndDevelopmentExpenses": 34800000,
        "generalAndAdministrativeExpenses": 155900000,
        "sellingAndMarketingExpenses": 0,
        "sellingGeneralAndAdministrativeExpenses": 155900000,
        "otherExpenses": 8700000,
        "operatingExpenses": 199400000,
        "costAndExpenses": 887500000,
        "interestIncome": 500000,
        "interestExpense": 8300000,
        "depreciationAndAmortization": 22800000,
        "ebitda": 37500000,
        "ebitdaratio": 0.0415973378,
        "operatingIncome": 14000000,
        "operatingIncomeRatio": 0.0155296728,
        "totalOtherIncomeExpensesNet": -7600000,
        "incomeBeforeTax": 6400000,
        "incomeBeforeTaxRatio": 0.007099279,
        "incomeTaxExpense": -577200000,
        "netIncome": 581200000,
        "netIncomeRatio": 0.6447032723,
        "eps": 6.33,
        "epsdiluted": 6.16,
        "weightedAverageShsOut": 91900000,
        "weightedAverageShsOutDil": 94400000,
        "link": "https://www.sec.gov/Archives/edgar/data/14930/000001493014000039/0000014930-14-000039-index.htm",
        "finalLink": "https://www.sec.gov/Archives/edgar/data/14930/000001493014000039/bc2013123110k.htm"
    },
    {
        "date": "2013-09-28",
        "symbol": "BC",
        "reportedCurrency": "USD",
        "cik": "0000014930",
        "fillingDate": "2013-10-31",
        "acceptedDate": "2013-10-31 12:12:44",
        "calendarYear": "2013",
        "period": "Q3",
        "revenue": 824400000,
        "costOfRevenue": 596800000,
        "grossProfit": 227600000,
        "grossProfitRatio": 0.276079573,
        "researchAndDevelopmentExpenses": 27300000,
        "generalAndAdministrativeExpenses": 135000000,
        "sellingAndMarketingExpenses": 0,
        "sellingGeneralAndAdministrativeExpenses": 135000000,
        "otherExpenses": 2600000,
        "operatingExpenses": 164900000,
        "costAndExpenses": 761700000,
        "interestIncome": 300000,
        "interestExpense": 8600000,
        "depreciationAndAmortization": 9600000,
        "ebitda": 72400000,
        "ebitdaratio": 0.0878214459,
        "operatingIncome": 62700000,
        "operatingIncomeRatio": 0.076055313,
        "totalOtherIncomeExpensesNet": -8100000,
        "incomeBeforeTax": 54600000,
        "incomeBeforeTaxRatio": 0.0662299854,
        "incomeTaxExpense": -2600000,
        "netIncome": 57800000,
        "netIncomeRatio": 0.0701115963,
        "eps": 0.63,
        "epsdiluted": 0.61,
        "weightedAverageShsOut": 91300000,
        "weightedAverageShsOutDil": 94000000,
        "link": "https://www.sec.gov/Archives/edgar/data/14930/000001493013000167/0000014930-13-000167-index.htm",
        "finalLink": "https://www.sec.gov/Archives/edgar/data/14930/000001493013000167/bc2013092810q.htm"
    },
    {
        "date": "2013-06-29",
        "symbol": "BC",
        "reportedCurrency": "USD",
        "cik": "0000014930",
        "fillingDate": "2013-07-31",
        "acceptedDate": "2013-07-31 16:18:14",
        "calendarYear": "2013",
        "period": "Q2",
        "revenue": 1098300000,
        "costOfRevenue": 796700000,
        "grossProfit": 301600000,
        "grossProfitRatio": 0.2746062096,
        "researchAndDevelopmentExpenses": 28900000,
        "generalAndAdministrativeExpenses": 132000000,
        "sellingAndMarketingExpenses": 0,
        "sellingGeneralAndAdministrativeExpenses": 132000000,
        "otherExpenses": 4000000,
        "operatingExpenses": 164900000,
        "costAndExpenses": 961600000,
        "interestIncome": 300000,
        "interestExpense": 12600000,
        "depreciationAndAmortization": 21500000,
        "ebitda": 125300000,
        "ebitdaratio": 0.1140854047,
        "operatingIncome": 136700000,
        "operatingIncomeRatio": 0.1244650824,
        "totalOtherIncomeExpensesNet": -45500000,
        "incomeBeforeTax": 91200000,
        "incomeBeforeTaxRatio": 0.0830374215,
        "incomeTaxExpense": 11900000,
        "netIncome": 80400000,
        "netIncomeRatio": 0.0732040426,
        "eps": 0.88,
        "epsdiluted": 0.86,
        "weightedAverageShsOut": 91000000,
        "weightedAverageShsOutDil": 93600000,
        "link": "https://www.sec.gov/Archives/edgar/data/14930/000001493013000119/0000014930-13-000119-index.htm",
        "finalLink": "https://www.sec.gov/Archives/edgar/data/14930/000001493013000119/bc2013062910q.htm"
    },
    {
        "date": "2013-03-30",
        "symbol": "BC",
        "reportedCurrency": "USD",
        "cik": "0000014930",
        "fillingDate": "2013-05-01",
        "acceptedDate": "2013-05-01 17:07:00",
        "calendarYear": "2013",
        "period": "Q1",
        "revenue": 995300000,
        "costOfRevenue": 733400000,
        "grossProfit": 261900000,
        "grossProfitRatio": 0.2631367427,
        "researchAndDevelopmentExpenses": 27300000,
        "generalAndAdministrativeExpenses": 139100000,
        "sellingAndMarketingExpenses": 0,
        "sellingGeneralAndAdministrativeExpenses": 139100000,
        "otherExpenses": 5600000,
        "operatingExpenses": 172000000,
        "costAndExpenses": 905400000,
        "interestIncome": 400000,
        "interestExpense": 14400000,
        "depreciationAndAmortization": 21600000,
        "ebitda": 112800000,
        "ebitdaratio": 0.1133326635,
        "operatingIncome": 89900000,
        "operatingIncomeRatio": 0.0903245253,
        "totalOtherIncomeExpensesNet": -13100000,
        "incomeBeforeTax": 76800000,
        "incomeBeforeTaxRatio": 0.0771626645,
        "incomeTaxExpense": 21900000,
        "netIncome": 49800000,
        "netIncomeRatio": 0.0500351653,
        "eps": 0.55,
        "epsdiluted": 0.53,
        "weightedAverageShsOut": 90600000,
        "weightedAverageShsOutDil": 93500000,
        "link": "https://www.sec.gov/Archives/edgar/data/14930/000001493013000092/0000014930-13-000092-index.htm",
        "finalLink": "https://www.sec.gov/Archives/edgar/data/14930/000001493013000092/bc2013033010q.htm"
    },
    {
        "date": "2012-12-31",
        "symbol": "BC",
        "reportedCurrency": "USD",
        "cik": "0000014930",
        "fillingDate": "2013-02-21",
        "acceptedDate": "2013-02-21 10:50:47",
        "calendarYear": "2012",
        "period": "Q4",
        "revenue": 791600000,
        "costOfRevenue": 592700000,
        "grossProfit": 198900000,
        "grossProfitRatio": 0.2512632643,
        "researchAndDevelopmentExpenses": 27800000,
        "generalAndAdministrativeExpenses": 0,
        "sellingAndMarketingExpenses": 0,
        "sellingGeneralAndAdministrativeExpenses": 130500000,
        "otherExpenses": 0,
        "operatingExpenses": 158300000,
        "costAndExpenses": 751000000,
        "interestIncome": 700000,
        "interestExpense": 15300000,
        "depreciationAndAmortization": 18800000,
        "ebitda": 58800000,
        "ebitdaratio": 0.0742799394,
        "operatingIncome": 40600000,
        "operatingIncomeRatio": 0.0512885296,
        "totalOtherIncomeExpensesNet": -15900000,
        "incomeBeforeTax": 24700000,
        "incomeBeforeTaxRatio": 0.0312026276,
        "incomeTaxExpense": 2600000,
        "netIncome": -75300000,
        "netIncomeRatio": -0.0951237999,
        "eps": -0.86,
        "epsdiluted": -0.84,
        "weightedAverageShsOut": 88058501,
        "weightedAverageShsOutDil": 90000000,
        "link": "https://www.sec.gov/Archives/edgar/data/14930/000001493013000059/0000014930-13-000059-index.htm",
        "finalLink": "https://www.sec.gov/Archives/edgar/data/14930/000001493013000059/bc2012123110k.htm"
    },
    {
        "date": "2012-09-29",
        "symbol": "BC",
        "reportedCurrency": "USD",
        "cik": "0000014930",
        "fillingDate": "2012-11-02",
        "acceptedDate": "2012-11-02 13:01:26",
        "calendarYear": "2012",
        "period": "Q3",
        "revenue": 874300000,
        "costOfRevenue": 641300000,
        "grossProfit": 233000000,
        "grossProfitRatio": 0.2664989134,
        "researchAndDevelopmentExpenses": 26500000,
        "generalAndAdministrativeExpenses": 135500000,
        "sellingAndMarketingExpenses": 0,
        "sellingGeneralAndAdministrativeExpenses": 135500000,
        "otherExpenses": 14300000,
        "operatingExpenses": 176300000,
        "costAndExpenses": 817600000,
        "interestIncome": 500000,
        "interestExpense": 16800000,
        "depreciationAndAmortization": 22500000,
        "ebitda": 71000000,
        "ebitdaratio": 0.0812078234,
        "operatingIncome": 56700000,
        "operatingIncomeRatio": 0.0648518815,
        "totalOtherIncomeExpensesNet": -25000000,
        "incomeBeforeTax": 31700000,
        "incomeBeforeTaxRatio": 0.0362575775,
        "incomeTaxExpense": 9200000,
        "netIncome": 2000000,
        "netIncomeRatio": 0.0022875443,
        "eps": 0.02,
        "epsdiluted": 0.02,
        "weightedAverageShsOut": 89800000,
        "weightedAverageShsOutDil": 92500000,
        "link": "https://www.sec.gov/Archives/edgar/data/14930/000001493012000093/0000014930-12-000093-index.htm",
        "finalLink": "https://www.sec.gov/Archives/edgar/data/14930/000001493012000093/bc2012092910q.htm"
    },
    {
        "date": "2012-06-30",
        "symbol": "BC",
        "reportedCurrency": "USD",
        "cik": "0000014930",
        "fillingDate": "2012-08-03",
        "acceptedDate": "2012-08-03 10:54:28",
        "calendarYear": "2012",
        "period": "Q2",
        "revenue": 1053900000,
        "costOfRevenue": 770000000,
        "grossProfit": 283900000,
        "grossProfitRatio": 0.2693803966,
        "researchAndDevelopmentExpenses": 25500000,
        "generalAndAdministrativeExpenses": 132500000,
        "sellingAndMarketingExpenses": 0,
        "sellingGeneralAndAdministrativeExpenses": 132500000,
        "otherExpenses": 800000,
        "operatingExpenses": 158800000,
        "costAndExpenses": 928800000,
        "interestIncome": 700000,
        "interestExpense": 17900000,
        "depreciationAndAmortization": 22500000,
        "ebitda": 144300000,
        "ebitdaratio": 0.1369200114,
        "operatingIncome": 125100000,
        "operatingIncomeRatio": 0.1187019641,
        "totalOtherIncomeExpensesNet": -21200000,
        "incomeBeforeTax": 103900000,
        "incomeBeforeTaxRatio": 0.0985862036,
        "incomeTaxExpense": 9900000,
        "netIncome": 83600000,
        "netIncomeRatio": 0.0793244141,
        "eps": 0.93,
        "epsdiluted": 0.9,
        "weightedAverageShsOut": 89700000,
        "weightedAverageShsOutDil": 92400000,
        "link": "https://www.sec.gov/Archives/edgar/data/14930/000001493012000073/0000014930-12-000073-index.htm",
        "finalLink": "https://www.sec.gov/Archives/edgar/data/14930/000001493012000073/bc2012063010q.htm"
    },
    {
        "date": "2012-03-31",
        "symbol": "BC",
        "reportedCurrency": "USD",
        "cik": "0000014930",
        "fillingDate": "2012-05-04",
        "acceptedDate": "2012-05-04 12:47:58",
        "calendarYear": "2012",
        "period": "Q1",
        "revenue": 959600000,
        "costOfRevenue": 721400000,
        "grossProfit": 238200000,
        "grossProfitRatio": 0.2482284285,
        "researchAndDevelopmentExpenses": 24100000,
        "generalAndAdministrativeExpenses": 138600000,
        "sellingAndMarketingExpenses": 0,
        "sellingGeneralAndAdministrativeExpenses": 138600000,
        "otherExpenses": 200000,
        "operatingExpenses": 162900000,
        "costAndExpenses": 884300000,
        "interestIncome": 1000000,
        "interestExpense": 18100000,
        "depreciationAndAmortization": 22700000,
        "ebitda": 98700000,
        "ebitdaratio": 0.1028553564,
        "operatingIncome": 75300000,
        "operatingIncomeRatio": 0.0784701959,
        "totalOtherIncomeExpensesNet": -17400000,
        "incomeBeforeTax": 57900000,
        "incomeBeforeTaxRatio": 0.0603376407,
        "incomeTaxExpense": 10900000,
        "netIncome": 39700000,
        "netIncomeRatio": 0.0413714048,
        "eps": 0.44,
        "epsdiluted": 0.43,
        "weightedAverageShsOut": 89500000,
        "weightedAverageShsOutDil": 92300000,
        "link": "https://www.sec.gov/Archives/edgar/data/14930/000001493012000051/0000014930-12-000051-index.htm",
        "finalLink": "https://www.sec.gov/Archives/edgar/data/14930/000001493012000051/bc2012033110q.htm"
    },
    {
        "date": "2011-12-31",
        "symbol": "BC",
        "reportedCurrency": "USD",
        "cik": "0000014930",
        "fillingDate": "2012-02-23",
        "acceptedDate": "2012-02-23 12:01:15",
        "calendarYear": "2011",
        "period": "Q4",
        "revenue": 789100000,
        "costOfRevenue": 627600000,
        "grossProfit": 161500000,
        "grossProfitRatio": 0.2046635407,
        "researchAndDevelopmentExpenses": 25000000,
        "generalAndAdministrativeExpenses": 0,
        "sellingAndMarketingExpenses": 0,
        "sellingGeneralAndAdministrativeExpenses": 150100000,
        "otherExpenses": 0,
        "operatingExpenses": 175100000,
        "costAndExpenses": 802700000,
        "interestIncome": 1300000,
        "interestExpense": 18000000,
        "depreciationAndAmortization": 25200000,
        "ebitda": 200000,
        "ebitdaratio": 0.0002534533,
        "operatingIncome": -13600000,
        "operatingIncomeRatio": -0.0172348245,
        "totalOtherIncomeExpensesNet": -29400000,
        "incomeBeforeTax": -43000000,
        "incomeBeforeTaxRatio": -0.0544924598,
        "incomeTaxExpense": -13400000,
        "netIncome": -29600000,
        "netIncomeRatio": -0.0375110886,
        "eps": -0.33,
        "epsdiluted": -0.32,
        "weightedAverageShsOut": 89500000,
        "weightedAverageShsOutDil": 92300000,
        "link": "https://www.sec.gov/Archives/edgar/data/14930/000001493012000028/0000014930-12-000028-index.htm",
        "finalLink": "https://www.sec.gov/Archives/edgar/data/14930/000001493012000028/form10_k.htm"
    },
    {
        "date": "2011-10-01",
        "symbol": "BC",
        "reportedCurrency": "USD",
        "cik": "0000014930",
        "fillingDate": "2011-11-07",
        "acceptedDate": "2011-11-07 15:32:58",
        "calendarYear": "2011",
        "period": "Q3",
        "revenue": 876700000,
        "costOfRevenue": 673900000,
        "grossProfit": 202800000,
        "grossProfitRatio": 0.231322003,
        "researchAndDevelopmentExpenses": 25100000,
        "generalAndAdministrativeExpenses": 0,
        "sellingAndMarketingExpenses": 0,
        "sellingGeneralAndAdministrativeExpenses": 128900000,
        "otherExpenses": 0,
        "operatingExpenses": 154000000,
        "costAndExpenses": 827900000,
        "interestIncome": 900000,
        "interestExpense": 19300000,
        "depreciationAndAmortization": 25400000,
        "ebitda": 49400000,
        "ebitdaratio": 0.0563476674,
        "operatingIncome": 48800000,
        "operatingIncomeRatio": 0.0556632828,
        "totalOtherIncomeExpensesNet": -44100000,
        "incomeBeforeTax": 4700000,
        "incomeBeforeTaxRatio": 0.0053610129,
        "incomeTaxExpense": 0,
        "netIncome": 4700000,
        "netIncomeRatio": 0.0053610129,
        "eps": 0.05,
        "epsdiluted": 0.05,
        "weightedAverageShsOut": 89400000,
        "weightedAverageShsOutDil": 91800000,
        "link": "https://www.sec.gov/Archives/edgar/data/14930/000001493011000093/0000014930-11-000093-index.htm",
        "finalLink": "https://www.sec.gov/Archives/edgar/data/14930/000001493011000093/form10_q.htm"
    },
    {
        "date": "2011-07-02",
        "symbol": "BC",
        "reportedCurrency": "USD",
        "cik": "0000014930",
        "fillingDate": "2011-08-09",
        "acceptedDate": "2011-08-09 12:16:12",
        "calendarYear": "2011",
        "period": "Q2",
        "revenue": 1096300000,
        "costOfRevenue": 821500000,
        "grossProfit": 274800000,
        "grossProfitRatio": 0.2506613153,
        "researchAndDevelopmentExpenses": 24400000,
        "generalAndAdministrativeExpenses": 0,
        "sellingAndMarketingExpenses": 0,
        "sellingGeneralAndAdministrativeExpenses": 142800000,
        "otherExpenses": 0,
        "operatingExpenses": 167200000,
        "costAndExpenses": 988700000,
        "interestIncome": 900000,
        "interestExpense": 21200000,
        "depreciationAndAmortization": 25500000,
        "ebitda": 133600000,
        "ebitdaratio": 0.1218644532,
        "operatingIncome": 107600000,
        "operatingIncomeRatio": 0.0981483171,
        "totalOtherIncomeExpensesNet": -20700000,
        "incomeBeforeTax": 86900000,
        "incomeBeforeTaxRatio": 0.0792666241,
        "incomeTaxExpense": 17600000,
        "netIncome": 69300000,
        "netIncomeRatio": 0.0632126243,
        "eps": 0.78,
        "epsdiluted": 0.75,
        "weightedAverageShsOut": 89300000,
        "weightedAverageShsOutDil": 92600000,
        "link": "https://www.sec.gov/Archives/edgar/data/14930/000001493011000069/0000014930-11-000069-index.htm",
        "finalLink": "https://www.sec.gov/Archives/edgar/data/14930/000001493011000069/form10_q.htm"
    },
    {
        "date": "2011-04-02",
        "symbol": "BC",
        "reportedCurrency": "USD",
        "cik": "0000014930",
        "fillingDate": "2011-05-06",
        "acceptedDate": "2011-05-06 16:02:56",
        "calendarYear": "2011",
        "period": "Q1",
        "revenue": 985900000,
        "costOfRevenue": 749600000,
        "grossProfit": 236300000,
        "grossProfitRatio": 0.2396794807,
        "researchAndDevelopmentExpenses": 23400000,
        "generalAndAdministrativeExpenses": 0,
        "sellingAndMarketingExpenses": 0,
        "sellingGeneralAndAdministrativeExpenses": 140600000,
        "otherExpenses": 0,
        "operatingExpenses": 164000000,
        "costAndExpenses": 913600000,
        "interestIncome": 800000,
        "interestExpense": 23300000,
        "depreciationAndAmortization": 28400000,
        "ebitda": 92400000,
        "ebitdaratio": 0.0937214728,
        "operatingIncome": 72300000,
        "operatingIncomeRatio": 0.0733340095,
        "totalOtherIncomeExpensesNet": -31600000,
        "incomeBeforeTax": 40700000,
        "incomeBeforeTaxRatio": 0.0412820773,
        "incomeTaxExpense": 13200000,
        "netIncome": 27500000,
        "netIncomeRatio": 0.0278932955,
        "eps": 0.31,
        "epsdiluted": 0.3,
        "weightedAverageShsOut": 89100000,
        "weightedAverageShsOutDil": 92500000,
        "link": "https://www.sec.gov/Archives/edgar/data/14930/000001493011000051/0000014930-11-000051-index.htm",
        "finalLink": "https://www.sec.gov/Archives/edgar/data/14930/000001493011000051/form10_q.htm"
    },
    {
        "date": "2010-12-31",
        "symbol": "BC",
        "reportedCurrency": "USD",
        "cik": "0000014930",
        "fillingDate": "2011-02-18",
        "acceptedDate": "2011-02-18 17:21:58",
        "calendarYear": "2010",
        "period": "Q4",
        "revenue": 728800000,
        "costOfRevenue": 613000000,
        "grossProfit": 115800000,
        "grossProfitRatio": 0.1588913282,
        "researchAndDevelopmentExpenses": 24200000,
        "generalAndAdministrativeExpenses": 0,
        "sellingAndMarketingExpenses": 0,
        "sellingGeneralAndAdministrativeExpenses": 147800000,
        "otherExpenses": 0,
        "operatingExpenses": 172000000,
        "costAndExpenses": 785000000,
        "interestIncome": 1100000,
        "interestExpense": 23500000,
        "depreciationAndAmortization": 30800000,
        "ebitda": -44700000,
        "ebitdaratio": -0.0613336992,
        "operatingIncome": -56200000,
        "operatingIncomeRatio": -0.0771130626,
        "totalOtherIncomeExpensesNet": -42800000,
        "incomeBeforeTax": -99000000,
        "incomeBeforeTaxRatio": -0.1358397366,
        "incomeTaxExpense": 5100000,
        "netIncome": -104100000,
        "netIncomeRatio": -0.1428375412,
        "eps": -1.17,
        "epsdiluted": -1.13,
        "weightedAverageShsOut": 89100000,
        "weightedAverageShsOutDil": 92500000,
        "link": "https://www.sec.gov/Archives/edgar/data/14930/000001493011000033/0000014930-11-000033-index.htm",
        "finalLink": "https://www.sec.gov/Archives/edgar/data/14930/000001493011000033/form10_k.htm"
    },
    {
        "date": "2010-10-02",
        "symbol": "BC",
        "reportedCurrency": "USD",
        "cik": "0000014930",
        "fillingDate": "2010-11-05",
        "acceptedDate": "2010-11-05 15:08:27",
        "calendarYear": "2010",
        "period": "Q3",
        "revenue": 815400000,
        "costOfRevenue": 632100000,
        "grossProfit": 183300000,
        "grossProfitRatio": 0.2247976453,
        "researchAndDevelopmentExpenses": 23100000,
        "generalAndAdministrativeExpenses": 0,
        "sellingAndMarketingExpenses": 0,
        "sellingGeneralAndAdministrativeExpenses": 122800000,
        "otherExpenses": 0,
        "operatingExpenses": 145900000,
        "costAndExpenses": 778000000,
        "interestIncome": 900000,
        "interestExpense": 22700000,
        "depreciationAndAmortization": 30800000,
        "ebitda": 51600000,
        "ebitdaratio": 0.0632818249,
        "operatingIncome": 37400000,
        "operatingIncomeRatio": 0.0458670591,
        "totalOtherIncomeExpensesNet": -39300000,
        "incomeBeforeTax": -1900000,
        "incomeBeforeTaxRatio": -0.0023301447,
        "incomeTaxExpense": 5300000,
        "netIncome": -7200000,
        "netIncomeRatio": -0.0088300221,
        "eps": -0.0811,
        "epsdiluted": -0.0811,
        "weightedAverageShsOut": 88800000,
        "weightedAverageShsOutDil": 88800000,
        "link": "https://www.sec.gov/Archives/edgar/data/14930/000001493010000104/0000014930-10-000104-index.htm",
        "finalLink": "https://www.sec.gov/Archives/edgar/data/14930/000001493010000104/form10_q.htm"
    },
    {
        "date": "2010-07-03",
        "symbol": "BC",
        "reportedCurrency": "USD",
        "cik": "0000014930",
        "fillingDate": "2010-08-06",
        "acceptedDate": "2010-08-06 16:00:57",
        "calendarYear": "2010",
        "period": "Q2",
        "revenue": 1014700000,
        "costOfRevenue": 772400000,
        "grossProfit": 242300000,
        "grossProfitRatio": 0.2387897901,
        "researchAndDevelopmentExpenses": 22400000,
        "generalAndAdministrativeExpenses": 0,
        "sellingAndMarketingExpenses": 0,
        "sellingGeneralAndAdministrativeExpenses": 140000000,
        "otherExpenses": 0,
        "operatingExpenses": 162400000,
        "costAndExpenses": 934800000,
        "interestIncome": 700000,
        "interestExpense": 23900000,
        "depreciationAndAmortization": 32600000,
        "ebitda": 85400000,
        "ebitdaratio": 0.0841628067,
        "operatingIncome": 79900000,
        "operatingIncomeRatio": 0.0787424855,
        "totalOtherIncomeExpensesNet": -51000000,
        "incomeBeforeTax": 28900000,
        "incomeBeforeTaxRatio": 0.0284813245,
        "incomeTaxExpense": 15200000,
        "netIncome": 13700000,
        "netIncomeRatio": 0.0135015275,
        "eps": 0.15,
        "epsdiluted": 0.15,
        "weightedAverageShsOut": 88700000,
        "weightedAverageShsOutDil": 91800000,
        "link": "https://www.sec.gov/Archives/edgar/data/14930/000001493010000085/0000014930-10-000085-index.htm",
        "finalLink": "https://www.sec.gov/Archives/edgar/data/14930/000001493010000085/form10_q.htm"
    },
    {
        "date": "2010-04-03",
        "symbol": "BC",
        "reportedCurrency": "USD",
        "cik": "0000014930",
        "fillingDate": "2010-05-07",
        "acceptedDate": "2010-05-07 17:22:30",
        "calendarYear": "2010",
        "period": "Q1",
        "revenue": 844400000,
        "costOfRevenue": 665800000,
        "grossProfit": 178600000,
        "grossProfitRatio": 0.2115111322,
        "researchAndDevelopmentExpenses": 22300000,
        "generalAndAdministrativeExpenses": 0,
        "sellingAndMarketingExpenses": 0,
        "sellingGeneralAndAdministrativeExpenses": 138800000,
        "otherExpenses": 0,
        "operatingExpenses": 161100000,
        "costAndExpenses": 826900000,
        "interestIncome": 900000,
        "interestExpense": 24300000,
        "depreciationAndAmortization": 35100000,
        "ebitda": 46700000,
        "ebitdaratio": 0.0553055424,
        "operatingIncome": 17500000,
        "operatingIncomeRatio": 0.020724775,
        "totalOtherIncomeExpensesNet": -30200000,
        "incomeBeforeTax": -12700000,
        "incomeBeforeTaxRatio": -0.0150402653,
        "incomeTaxExpense": 300000,
        "netIncome": -13000000,
        "netIncomeRatio": -0.0153955471,
        "eps": -0.15,
        "epsdiluted": -0.15,
        "weightedAverageShsOut": 88600000,
        "weightedAverageShsOutDil": 88600000,
        "link": "https://www.sec.gov/Archives/edgar/data/14930/000001493010000062/0000014930-10-000062-index.htm",
        "finalLink": "https://www.sec.gov/Archives/edgar/data/14930/000001493010000062/form10_q.htm"
    },
    {
        "date": "2009-12-31",
        "symbol": "BC",
        "reportedCurrency": "USD",
        "cik": "0000014930",
        "fillingDate": "2010-02-23",
        "acceptedDate": "2010-02-22 20:11:30",
        "calendarYear": "2009",
        "period": "Q4",
        "revenue": 657300000,
        "costOfRevenue": 582500000,
        "grossProfit": 74800000,
        "grossProfitRatio": 0.1137988742,
        "researchAndDevelopmentExpenses": 23800000,
        "generalAndAdministrativeExpenses": 0,
        "sellingAndMarketingExpenses": 0,
        "sellingGeneralAndAdministrativeExpenses": 170600000,
        "otherExpenses": 0,
        "operatingExpenses": 194400000,
        "costAndExpenses": 776900000,
        "interestIncome": 1000000,
        "interestExpense": 25900000,
        "depreciationAndAmortization": 37500000,
        "ebitda": -168600000,
        "ebitdaratio": -0.2565038795,
        "operatingIncome": -119600000,
        "operatingIncomeRatio": -0.1819564887,
        "totalOtherIncomeExpensesNet": -112400000,
        "incomeBeforeTax": -232000000,
        "incomeBeforeTaxRatio": -0.352959075,
        "incomeTaxExpense": -108000000,
        "netIncome": -124000000,
        "netIncomeRatio": -0.1886505401,
        "eps": -1.4,
        "epsdiluted": -1.4,
        "weightedAverageShsOut": 88400000,
        "weightedAverageShsOutDil": 88600000,
        "link": "https://www.sec.gov/Archives/edgar/data/14930/000001493010000041/0000014930-10-000041-index.htm",
        "finalLink": "https://www.sec.gov/Archives/edgar/data/14930/000001493010000041/form10_k.htm"
    },
    {
        "date": "2009-11-03",
        "symbol": "BC",
        "reportedCurrency": "USD",
        "cik": "0000014930",
        "fillingDate": "2009-11-05",
        "acceptedDate": "2009-11-05 17:11:20",
        "calendarYear": "2009",
        "period": "Q3",
        "revenue": 665800000,
        "costOfRevenue": 590200000,
        "grossProfit": 75600000,
        "grossProfitRatio": 0.1135476119,
        "researchAndDevelopmentExpenses": 19500000,
        "generalAndAdministrativeExpenses": 0,
        "sellingAndMarketingExpenses": 0,
        "sellingGeneralAndAdministrativeExpenses": 136700000,
        "otherExpenses": 0,
        "operatingExpenses": 156200000,
        "costAndExpenses": 746400000,
        "interestIncome": 700000,
        "interestExpense": 23700000,
        "depreciationAndAmortization": 39200000,
        "ebitda": -73100000,
        "ebitdaratio": -0.1097927305,
        "operatingIncome": -80600000,
        "operatingIncomeRatio": -0.1210573746,
        "totalOtherIncomeExpensesNet": -55300000,
        "incomeBeforeTax": -135900000,
        "incomeBeforeTaxRatio": -0.20411535,
        "incomeTaxExpense": -21600000,
        "netIncome": -114300000,
        "netIncomeRatio": -0.1716731751,
        "eps": -1.29,
        "epsdiluted": -1.29,
        "weightedAverageShsOut": 88400000,
        "weightedAverageShsOutDil": 88400000,
        "link": "https://www.sec.gov/Archives/edgar/data/14930/000001493009000136/0000014930-09-000136-index.htm",
        "finalLink": "https://www.sec.gov/Archives/edgar/data/14930/000001493009000136/brunswick10-q.htm"
    },
    {
        "date": "2009-08-05",
        "symbol": "BC",
        "reportedCurrency": "USD",
        "cik": "0000014930",
        "fillingDate": "2009-08-07",
        "acceptedDate": "2009-08-07 16:10:52",
        "calendarYear": "2009",
        "period": "Q2",
        "revenue": 718300000,
        "costOfRevenue": 644300000,
        "grossProfit": 74000000,
        "grossProfitRatio": 0.1030210219,
        "researchAndDevelopmentExpenses": 21300000,
        "generalAndAdministrativeExpenses": 0,
        "sellingAndMarketingExpenses": 0,
        "sellingGeneralAndAdministrativeExpenses": 162600000,
        "otherExpenses": 0,
        "operatingExpenses": 183900000,
        "costAndExpenses": 828200000,
        "interestIncome": 1000000,
        "interestExpense": 18300000,
        "depreciationAndAmortization": 39000000,
        "ebitda": -109700000,
        "ebitdaratio": -0.152721704,
        "operatingIncome": -109900000,
        "operatingIncomeRatio": -0.1530001392,
        "totalOtherIncomeExpensesNet": -57100000,
        "incomeBeforeTax": -167000000,
        "incomeBeforeTaxRatio": -0.2324933872,
        "incomeTaxExpense": -3300000,
        "netIncome": -163700000,
        "netIncomeRatio": -0.2278992065,
        "eps": -1.85,
        "epsdiluted": -1.85,
        "weightedAverageShsOut": 88400000,
        "weightedAverageShsOutDil": 88400000,
        "link": "https://www.sec.gov/Archives/edgar/data/14930/000001493009000111/0000014930-09-000111-index.htm",
        "finalLink": "https://www.sec.gov/Archives/edgar/data/14930/000001493009000111/form_10q.htm"
    },
    {
        "date": "2009-03-31",
        "symbol": "BC",
        "reportedCurrency": "USD",
        "cik": "0000014930",
        "fillingDate": "2009-03-31",
        "acceptedDate": "2009-03-30 20:00:00",
        "calendarYear": "2009",
        "period": "Q1",
        "revenue": 734700000,
        "costOfRevenue": 643500000,
        "grossProfit": 91200000,
        "grossProfitRatio": 0.1241322989,
        "researchAndDevelopmentExpenses": 23900000,
        "generalAndAdministrativeExpenses": 0,
        "sellingAndMarketingExpenses": 0,
        "sellingGeneralAndAdministrativeExpenses": 155200000,
        "otherExpenses": 0,
        "operatingExpenses": 179100000,
        "costAndExpenses": 822600000,
        "interestIncome": 500000,
        "interestExpense": 18200000,
        "depreciationAndAmortization": 41600000,
        "ebitda": -90000000,
        "ebitdaratio": -0.1224989792,
        "operatingIncome": -87900000,
        "operatingIncomeRatio": -0.1196406697,
        "totalOtherIncomeExpensesNet": -61900000,
        "incomeBeforeTax": -149800000,
        "incomeBeforeTaxRatio": -0.2038927453,
        "incomeTaxExpense": 34400000,
        "netIncome": -184200000,
        "netIncomeRatio": -0.2507145774,
        "eps": -2.08,
        "epsdiluted": -2.08,
        "weightedAverageShsOut": 88400000,
        "weightedAverageShsOutDil": 88400000,
        "link": "",
        "finalLink": ""
    },
    {
        "date": "2008-12-31",
        "symbol": "BC",
        "reportedCurrency": "USD",
        "cik": "0000014930",
        "fillingDate": "2009-02-24",
        "acceptedDate": "2009-02-24 14:35:26",
        "calendarYear": "2008",
        "period": "Q4",
        "revenue": 837700000,
        "costOfRevenue": 719800000,
        "grossProfit": 117900000,
        "grossProfitRatio": 0.1407425093,
        "researchAndDevelopmentExpenses": 25100000,
        "generalAndAdministrativeExpenses": 0,
        "sellingAndMarketingExpenses": 0,
        "sellingGeneralAndAdministrativeExpenses": 82300000,
        "otherExpenses": -511100000,
        "operatingExpenses": -403700000,
        "costAndExpenses": 316100000,
        "interestIncome": 0,
        "interestExpense": 0,
        "depreciationAndAmortization": 44100000,
        "ebitda": -89100000,
        "ebitdaratio": -0.1063626597,
        "operatingIncome": 521600000,
        "operatingIncomeRatio": 0.6226572759,
        "totalOtherIncomeExpensesNet": -585100000,
        "incomeBeforeTax": -63500000,
        "incomeBeforeTaxRatio": -0.0758027934,
        "incomeTaxExpense": 140500000,
        "netIncome": -204000000,
        "netIncomeRatio": -0.2435239346,
        "eps": -2.31,
        "epsdiluted": -2.31,
        "weightedAverageShsOut": 88300000,
        "weightedAverageShsOutDil": 88400000,
        "link": "https://www.sec.gov/Archives/edgar/data/14930/000001493009000051/0000014930-09-000051-index.htm",
        "finalLink": "https://www.sec.gov/Archives/edgar/data/14930/000001493009000051/form10_k.htm"
    },
    {
        "date": "2008-09-27",
        "symbol": "BC",
        "reportedCurrency": "USD",
        "cik": "0000014930",
        "fillingDate": "2008-11-03",
        "acceptedDate": "2008-11-03 17:19:56",
        "calendarYear": "2008",
        "period": "Q3",
        "revenue": 1038800000,
        "costOfRevenue": 862300000,
        "grossProfit": 176500000,
        "grossProfitRatio": 0.1699075857,
        "researchAndDevelopmentExpenses": 31200000,
        "generalAndAdministrativeExpenses": 0,
        "sellingAndMarketingExpenses": 0,
        "sellingGeneralAndAdministrativeExpenses": 177400000,
        "otherExpenses": 495100000,
        "operatingExpenses": 703700000,
        "costAndExpenses": 1566000000,
        "interestIncome": 0,
        "interestExpense": 0,
        "depreciationAndAmortization": 42600000,
        "ebitda": -484600000,
        "ebitdaratio": -0.4664998075,
        "operatingIncome": -527200000,
        "operatingIncomeRatio": -0.5075086638,
        "totalOtherIncomeExpensesNet": -48500000,
        "incomeBeforeTax": -575700000,
        "incomeBeforeTaxRatio": -0.5541971506,
        "incomeTaxExpense": 15700000,
        "netIncome": -591400000,
        "netIncomeRatio": -0.5693107432,
        "eps": -6.7,
        "epsdiluted": -6.7,
        "weightedAverageShsOut": 88300000,
        "weightedAverageShsOutDil": 88300000,
        "link": "https://www.sec.gov/Archives/edgar/data/14930/000001493008000135/0000014930-08-000135-index.htm",
        "finalLink": "https://www.sec.gov/Archives/edgar/data/14930/000001493008000135/form10_q.htm"
    },
    {
        "date": "2008-06-30",
        "symbol": "BC",
        "reportedCurrency": "USD",
        "cik": "0000014930",
        "fillingDate": "2008-06-30",
        "acceptedDate": "2008-06-29 20:00:00",
        "calendarYear": "2008",
        "period": "Q2",
        "revenue": 1485400000,
        "costOfRevenue": 1182000000,
        "grossProfit": 303400000,
        "grossProfitRatio": 0.2042547462,
        "researchAndDevelopmentExpenses": 32000000,
        "generalAndAdministrativeExpenses": 0,
        "sellingAndMarketingExpenses": 0,
        "sellingGeneralAndAdministrativeExpenses": 205500000,
        "otherExpenses": 0,
        "operatingExpenses": 237500000,
        "costAndExpenses": 1419500000,
        "interestIncome": 0,
        "interestExpense": 0,
        "depreciationAndAmortization": 46200000,
        "ebitda": 112100000,
        "ebitdaratio": 0.0754678874,
        "operatingIncome": 65900000,
        "operatingIncomeRatio": 0.0443651542,
        "totalOtherIncomeExpensesNet": -84700000,
        "incomeBeforeTax": -18800000,
        "incomeBeforeTaxRatio": -0.0126565235,
        "incomeTaxExpense": -12800000,
        "netIncome": -6000000,
        "netIncomeRatio": -0.004039316,
        "eps": -0.068,
        "epsdiluted": -0.068,
        "weightedAverageShsOut": 88300000,
        "weightedAverageShsOutDil": 88300000,
        "link": "",
        "finalLink": ""
    },
    {
        "date": "2008-03-29",
        "symbol": "BC",
        "reportedCurrency": "USD",
        "cik": "0000014930",
        "fillingDate": "2008-05-01",
        "acceptedDate": "2008-05-01 13:33:06",
        "calendarYear": "2008",
        "period": "Q1",
        "revenue": 1346800000,
        "costOfRevenue": 1077300000,
        "grossProfit": 269500000,
        "grossProfitRatio": 0.2001039501,
        "researchAndDevelopmentExpenses": 33900000,
        "generalAndAdministrativeExpenses": 0,
        "sellingAndMarketingExpenses": 0,
        "sellingGeneralAndAdministrativeExpenses": 203100000,
        "otherExpenses": 0,
        "operatingExpenses": 237000000,
        "costAndExpenses": 1314300000,
        "interestIncome": 0,
        "interestExpense": 0,
        "depreciationAndAmortization": 44300000,
        "ebitda": 76800000,
        "ebitdaratio": 0.057024057,
        "operatingIncome": 32500000,
        "operatingIncomeRatio": 0.0241312741,
        "totalOtherIncomeExpensesNet": -6700000,
        "incomeBeforeTax": 25800000,
        "incomeBeforeTaxRatio": 0.0191565192,
        "incomeTaxExpense": 12500000,
        "netIncome": 13300000,
        "netIncomeRatio": 0.0098752599,
        "eps": 0.15,
        "epsdiluted": 0.15,
        "weightedAverageShsOut": 88200000,
        "weightedAverageShsOutDil": 88300000,
        "link": "https://www.sec.gov/Archives/edgar/data/14930/000001493008000044/0000014930-08-000044-index.htm",
        "finalLink": "https://www.sec.gov/Archives/edgar/data/14930/000001493008000044/form10_q.htm"
    },
    {
        "date": "2007-12-31",
        "symbol": "BC",
        "reportedCurrency": "USD",
        "cik": "0000014930",
        "fillingDate": "2008-02-22",
        "acceptedDate": "2008-02-22 17:14:02",
        "calendarYear": "2007",
        "period": "Q4",
        "revenue": 1436000000,
        "costOfRevenue": 1180000000,
        "grossProfit": 256000000,
        "grossProfitRatio": 0.1782729805,
        "researchAndDevelopmentExpenses": 34300000,
        "generalAndAdministrativeExpenses": 0,
        "sellingAndMarketingExpenses": 0,
        "sellingGeneralAndAdministrativeExpenses": 207500000,
        "otherExpenses": 0,
        "operatingExpenses": 241800000,
        "costAndExpenses": 1421800000,
        "interestIncome": 0,
        "interestExpense": 0,
        "depreciationAndAmortization": 49900000,
        "ebitda": 64100000,
        "ebitdaratio": 0.044637883,
        "operatingIncome": 14200000,
        "operatingIncomeRatio": 0.0098885794,
        "totalOtherIncomeExpensesNet": -4100000,
        "incomeBeforeTax": 10100000,
        "incomeBeforeTaxRatio": 0.0070334262,
        "incomeTaxExpense": -2000000,
        "netIncome": 6800000,
        "netIncomeRatio": 0.004735376,
        "eps": 0.077,
        "epsdiluted": 0.077,
        "weightedAverageShsOut": 88200000,
        "weightedAverageShsOutDil": 88300000,
        "link": "https://www.sec.gov/Archives/edgar/data/14930/000001493008000028/0000014930-08-000028-index.htm",
        "finalLink": "https://www.sec.gov/Archives/edgar/data/14930/000001493008000028/form10_k.htm"
    },
    {
        "date": "2007-09-29",
        "symbol": "BC",
        "reportedCurrency": "USD",
        "cik": "0000014930",
        "fillingDate": "2007-11-01",
        "acceptedDate": "2007-11-01 17:09:15",
        "calendarYear": "2007",
        "period": "Q3",
        "revenue": 1326200000,
        "costOfRevenue": 1067800000,
        "grossProfit": 258400000,
        "grossProfitRatio": 0.1948424069,
        "researchAndDevelopmentExpenses": 31000000,
        "generalAndAdministrativeExpenses": 0,
        "sellingAndMarketingExpenses": 0,
        "sellingGeneralAndAdministrativeExpenses": 207300000,
        "otherExpenses": 66400000,
        "operatingExpenses": 304700000,
        "costAndExpenses": 1372500000,
        "interestIncome": 0,
        "interestExpense": 0,
        "depreciationAndAmortization": 45400000,
        "ebitda": -900000,
        "ebitdaratio": -0.0006786307,
        "operatingIncome": -46300000,
        "operatingIncomeRatio": -0.034911778,
        "totalOtherIncomeExpensesNet": -400000,
        "incomeBeforeTax": -46700000,
        "incomeBeforeTaxRatio": -0.0352133916,
        "incomeTaxExpense": -23000000,
        "netIncome": 1900000,
        "netIncomeRatio": 0.0014326648,
        "eps": 0.02,
        "epsdiluted": 0.02,
        "weightedAverageShsOut": 89000000,
        "weightedAverageShsOutDil": 89000000,
        "link": "https://www.sec.gov/Archives/edgar/data/14930/000001493007000136/0000014930-07-000136-index.htm",
        "finalLink": "https://www.sec.gov/Archives/edgar/data/14930/000001493007000136/form10_q.htm"
    },
    {
        "date": "2007-06-30",
        "symbol": "BC",
        "reportedCurrency": "USD",
        "cik": "0000014930",
        "fillingDate": "2007-08-01",
        "acceptedDate": "2007-08-01 13:40:45",
        "calendarYear": "2007",
        "period": "Q2",
        "revenue": 1522900000,
        "costOfRevenue": 1190300000,
        "grossProfit": 332600000,
        "grossProfitRatio": 0.218399107,
        "researchAndDevelopmentExpenses": 35700000,
        "generalAndAdministrativeExpenses": 0,
        "sellingAndMarketingExpenses": 0,
        "sellingGeneralAndAdministrativeExpenses": 209500000,
        "otherExpenses": 0,
        "operatingExpenses": 245200000,
        "costAndExpenses": 1435500000,
        "interestIncome": 0,
        "interestExpense": 0,
        "depreciationAndAmortization": 43800000,
        "ebitda": 131200000,
        "ebitdaratio": 0.0861514216,
        "operatingIncome": 87400000,
        "operatingIncomeRatio": 0.057390505,
        "totalOtherIncomeExpensesNet": -5200000,
        "incomeBeforeTax": 82200000,
        "incomeBeforeTaxRatio": 0.0539759669,
        "incomeTaxExpense": 25300000,
        "netIncome": 57300000,
        "netIncomeRatio": 0.0376255828,
        "eps": 0.63,
        "epsdiluted": 0.63,
        "weightedAverageShsOut": 90500000,
        "weightedAverageShsOutDil": 91000000,
        "link": "https://www.sec.gov/Archives/edgar/data/14930/000001493007000107/0000014930-07-000107-index.htm",
        "finalLink": "https://www.sec.gov/Archives/edgar/data/14930/000001493007000107/form10_q.htm"
    },
    {
        "date": "2007-03-31",
        "symbol": "BC",
        "reportedCurrency": "USD",
        "cik": "0000014930",
        "fillingDate": "2007-05-03",
        "acceptedDate": "2007-05-03 16:02:55",
        "calendarYear": "2007",
        "period": "Q1",
        "revenue": 1386100000,
        "costOfRevenue": 1089700000,
        "grossProfit": 296400000,
        "grossProfitRatio": 0.2138373855,
        "researchAndDevelopmentExpenses": 33500000,
        "generalAndAdministrativeExpenses": 0,
        "sellingAndMarketingExpenses": 0,
        "sellingGeneralAndAdministrativeExpenses": 209900000,
        "otherExpenses": 0,
        "operatingExpenses": 243400000,
        "costAndExpenses": 1333100000,
        "interestIncome": 0,
        "interestExpense": 0,
        "depreciationAndAmortization": 41000000,
        "ebitda": 94000000,
        "ebitdaratio": 0.0678161749,
        "operatingIncome": 53000000,
        "operatingIncomeRatio": 0.0382367795,
        "totalOtherIncomeExpensesNet": -5900000,
        "incomeBeforeTax": 47100000,
        "incomeBeforeTaxRatio": 0.0339802323,
        "incomeTaxExpense": 12800000,
        "netIncome": 45600000,
        "netIncomeRatio": 0.0328980593,
        "eps": 0.5,
        "epsdiluted": 0.5,
        "weightedAverageShsOut": 91400000,
        "weightedAverageShsOutDil": 92000000,
        "link": "https://www.sec.gov/Archives/edgar/data/14930/000001493007000083/0000014930-07-000083-index.htm",
        "finalLink": "https://www.sec.gov/Archives/edgar/data/14930/000001493007000083/form10_q.htm"
    },
    {
        "date": "2006-12-31",
        "symbol": "BC",
        "reportedCurrency": "USD",
        "cik": "0000014930",
        "fillingDate": "2007-02-23",
        "acceptedDate": "2007-02-23 17:17:19",
        "calendarYear": "2006",
        "period": "Q4",
        "revenue": 1370800000,
        "costOfRevenue": 1102200000,
        "grossProfit": 268600000,
        "grossProfitRatio": 0.1959439743,
        "researchAndDevelopmentExpenses": 35600000,
        "generalAndAdministrativeExpenses": 0,
        "sellingAndMarketingExpenses": 0,
        "sellingGeneralAndAdministrativeExpenses": 202500000,
        "otherExpenses": 0,
        "operatingExpenses": 238100000,
        "costAndExpenses": 1340300000,
        "interestIncome": 0,
        "interestExpense": 0,
        "depreciationAndAmortization": 44200000,
        "ebitda": 74700000,
        "ebitdaratio": 0.0544937263,
        "operatingIncome": 30500000,
        "operatingIncomeRatio": 0.0222497811,
        "totalOtherIncomeExpensesNet": -10900000,
        "incomeBeforeTax": 19600000,
        "incomeBeforeTaxRatio": 0.01429822,
        "incomeTaxExpense": -24600000,
        "netIncome": -53200000,
        "netIncomeRatio": -0.0388094543,
        "eps": -0.58,
        "epsdiluted": -0.58,
        "weightedAverageShsOut": 91400000,
        "weightedAverageShsOutDil": 92000000,
        "link": "https://www.sec.gov/Archives/edgar/data/14930/000001493007000052/0000014930-07-000052-index.htm",
        "finalLink": "https://www.sec.gov/Archives/edgar/data/14930/000001493007000052/form10_k.htm"
    },
    {
        "date": "2006-09-30",
        "symbol": "BC",
        "reportedCurrency": "USD",
        "cik": "0000014930",
        "fillingDate": "2006-10-30",
        "acceptedDate": "2006-10-30 16:37:03",
        "calendarYear": "2006",
        "period": "Q3",
        "revenue": 1337800000,
        "costOfRevenue": 1048900000,
        "grossProfit": 288900000,
        "grossProfitRatio": 0.2159515623,
        "researchAndDevelopmentExpenses": 32100000,
        "generalAndAdministrativeExpenses": 0,
        "sellingAndMarketingExpenses": 0,
        "sellingGeneralAndAdministrativeExpenses": 182500000,
        "otherExpenses": 0,
        "operatingExpenses": 214600000,
        "costAndExpenses": 1263500000,
        "interestIncome": 0,
        "interestExpense": 0,
        "depreciationAndAmortization": 41400000,
        "ebitda": 115700000,
        "ebitdaratio": 0.0864852743,
        "operatingIncome": 74300000,
        "operatingIncomeRatio": 0.0555389445,
        "totalOtherIncomeExpensesNet": -7300000,
        "incomeBeforeTax": 67000000,
        "incomeBeforeTaxRatio": 0.0500822245,
        "incomeTaxExpense": 16600000,
        "netIncome": 36500000,
        "netIncomeRatio": 0.0272835999,
        "eps": 0.39,
        "epsdiluted": 0.39,
        "weightedAverageShsOut": 93200000,
        "weightedAverageShsOutDil": 93700000,
        "link": "https://www.sec.gov/Archives/edgar/data/14930/000001493006000143/0000014930-06-000143-index.htm",
        "finalLink": "https://www.sec.gov/Archives/edgar/data/14930/000001493006000143/form10-q.htm"
    },
    {
        "date": "2006-06-30",
        "symbol": "BC",
        "reportedCurrency": "USD",
        "cik": "0000014930",
        "fillingDate": "2006-08-02",
        "acceptedDate": "2006-08-02 12:53:16",
        "calendarYear": "2006",
        "period": "Q2",
        "revenue": 1543100000,
        "costOfRevenue": 1188300000,
        "grossProfit": 354800000,
        "grossProfitRatio": 0.2299267708,
        "researchAndDevelopmentExpenses": 34000000,
        "generalAndAdministrativeExpenses": 0,
        "sellingAndMarketingExpenses": 0,
        "sellingGeneralAndAdministrativeExpenses": 182600000,
        "otherExpenses": 0,
        "operatingExpenses": 216600000,
        "costAndExpenses": 1404900000,
        "interestIncome": 0,
        "interestExpense": 0,
        "depreciationAndAmortization": 41000000,
        "ebitda": 179200000,
        "ebitdaratio": 0.1161298684,
        "operatingIncome": 138200000,
        "operatingIncomeRatio": 0.0895599767,
        "totalOtherIncomeExpensesNet": -7700000,
        "incomeBeforeTax": 130500000,
        "incomeBeforeTaxRatio": 0.0845700214,
        "incomeTaxExpense": 36000000,
        "netIncome": 83200000,
        "netIncomeRatio": 0.0539174389,
        "eps": 0.88,
        "epsdiluted": 0.87,
        "weightedAverageShsOut": 94700000,
        "weightedAverageShsOutDil": 95500000,
        "link": "https://www.sec.gov/Archives/edgar/data/14930/000001493006000119/0000014930-06-000119-index.htm",
        "finalLink": "https://www.sec.gov/Archives/edgar/data/14930/000001493006000119/form10_q.htm"
    },
    {
        "date": "2006-03-31",
        "symbol": "BC",
        "reportedCurrency": "USD",
        "cik": "0000014930",
        "fillingDate": "2006-05-04",
        "acceptedDate": "2006-05-04 12:20:21",
        "calendarYear": "2006",
        "period": "Q1",
        "revenue": 1413300000,
        "costOfRevenue": 1099900000,
        "grossProfit": 313400000,
        "grossProfitRatio": 0.221750513,
        "researchAndDevelopmentExpenses": 30500000,
        "generalAndAdministrativeExpenses": 0,
        "sellingAndMarketingExpenses": 0,
        "sellingGeneralAndAdministrativeExpenses": 184700000,
        "otherExpenses": 0,
        "operatingExpenses": 215200000,
        "costAndExpenses": 1315100000,
        "interestIncome": 0,
        "interestExpense": 0,
        "depreciationAndAmortization": 40700000,
        "ebitda": 138900000,
        "ebitdaratio": 0.0982806198,
        "operatingIncome": 98200000,
        "operatingIncomeRatio": 0.0694827708,
        "totalOtherIncomeExpensesNet": -5600000,
        "incomeBeforeTax": 92600000,
        "incomeBeforeTaxRatio": 0.0655204132,
        "incomeTaxExpense": 18500000,
        "netIncome": 67400000,
        "netIncomeRatio": 0.047689804,
        "eps": 0.71,
        "epsdiluted": 0.7,
        "weightedAverageShsOut": 95600000,
        "weightedAverageShsOutDil": 96600000,
        "link": "https://www.sec.gov/Archives/edgar/data/14930/000001493006000087/0000014930-06-000087-index.htm",
        "finalLink": "https://www.sec.gov/Archives/edgar/data/14930/000001493006000087/form10_q.htm"
    },
    {
        "date": "2005-12-31",
        "symbol": "BC",
        "reportedCurrency": "USD",
        "cik": "0000014930",
        "fillingDate": "2006-03-01",
        "acceptedDate": "2006-02-28 17:40:59",
        "calendarYear": "2005",
        "period": "Q4",
        "revenue": 1489500000,
        "costOfRevenue": 1152400000,
        "grossProfit": 337100000,
        "grossProfitRatio": 0.2263175562,
        "researchAndDevelopmentExpenses": 38600000,
        "generalAndAdministrativeExpenses": 0,
        "sellingAndMarketingExpenses": 0,
        "sellingGeneralAndAdministrativeExpenses": 196600000,
        "otherExpenses": 0,
        "operatingExpenses": 235200000,
        "costAndExpenses": 1387600000,
        "interestIncome": 0,
        "interestExpense": 0,
        "depreciationAndAmortization": 43800000,
        "ebitda": 145700000,
        "ebitdaratio": 0.0978180598,
        "operatingIncome": 101900000,
        "operatingIncomeRatio": 0.0684122189,
        "totalOtherIncomeExpensesNet": -4900000,
        "incomeBeforeTax": 97000000,
        "incomeBeforeTaxRatio": 0.0651225243,
        "incomeTaxExpense": 8700000,
        "netIncome": 88300000,
        "netIncomeRatio": 0.0592816381,
        "eps": 0.92,
        "epsdiluted": 0.91,
        "weightedAverageShsOut": 95600000,
        "weightedAverageShsOutDil": 96600000,
        "link": "https://www.sec.gov/Archives/edgar/data/14930/000001493006000041/0000014930-06-000041-index.htm",
        "finalLink": "https://www.sec.gov/Archives/edgar/data/14930/000001493006000041/form10_k.htm"
    },
    {
        "date": "2005-09-30",
        "symbol": "BC",
        "reportedCurrency": "USD",
        "cik": "0000014930",
        "fillingDate": "2005-11-04",
        "acceptedDate": "2005-11-04 13:35:24",
        "calendarYear": "2005",
        "period": "Q3",
        "revenue": 1351100000,
        "costOfRevenue": 1045600000,
        "grossProfit": 305500000,
        "grossProfitRatio": 0.2261120568,
        "researchAndDevelopmentExpenses": 30100000,
        "generalAndAdministrativeExpenses": 0,
        "sellingAndMarketingExpenses": 0,
        "sellingGeneralAndAdministrativeExpenses": 173300000,
        "otherExpenses": 0,
        "operatingExpenses": 203400000,
        "costAndExpenses": 1249000000,
        "interestIncome": 0,
        "interestExpense": 0,
        "depreciationAndAmortization": 42500000,
        "ebitda": 144600000,
        "ebitdaratio": 0.1070239064,
        "operatingIncome": 102100000,
        "operatingIncomeRatio": 0.0755680557,
        "totalOtherIncomeExpensesNet": -6500000,
        "incomeBeforeTax": 95600000,
        "incomeBeforeTaxRatio": 0.0707571608,
        "incomeTaxExpense": 13200000,
        "netIncome": 88400000,
        "netIncomeRatio": 0.0654281696,
        "eps": 0.9,
        "epsdiluted": 0.89,
        "weightedAverageShsOut": 98100000,
        "weightedAverageShsOutDil": 99300000,
        "link": "https://www.sec.gov/Archives/edgar/data/14930/000001493005000142/0000014930-05-000142-index.htm",
        "finalLink": "https://www.sec.gov/Archives/edgar/data/14930/000001493005000142/form10_q.htm"
    },
    {
        "date": "2005-06-30",
        "symbol": "BC",
        "reportedCurrency": "USD",
        "cik": "0000014930",
        "fillingDate": "2005-08-03",
        "acceptedDate": "2005-08-03 15:07:16",
        "calendarYear": "2005",
        "period": "Q2",
        "revenue": 1531600000,
        "costOfRevenue": 1145000000,
        "grossProfit": 386600000,
        "grossProfitRatio": 0.2524157744,
        "researchAndDevelopmentExpenses": 30500000,
        "generalAndAdministrativeExpenses": 0,
        "sellingAndMarketingExpenses": 0,
        "sellingGeneralAndAdministrativeExpenses": 187900000,
        "otherExpenses": 0,
        "operatingExpenses": 218400000,
        "costAndExpenses": 1363400000,
        "interestIncome": 0,
        "interestExpense": 0,
        "depreciationAndAmortization": 37500000,
        "ebitda": 205700000,
        "ebitdaratio": 0.1343039958,
        "operatingIncome": 168200000,
        "operatingIncomeRatio": 0.1098197963,
        "totalOtherIncomeExpensesNet": -3900000,
        "incomeBeforeTax": 164300000,
        "incomeBeforeTaxRatio": 0.1072734395,
        "incomeTaxExpense": 53300000,
        "netIncome": 114100000,
        "netIncomeRatio": 0.0744972578,
        "eps": 1.16,
        "epsdiluted": 1.15,
        "weightedAverageShsOut": 98000000,
        "weightedAverageShsOutDil": 99200000,
        "link": "https://www.sec.gov/Archives/edgar/data/14930/000001493005000120/0000014930-05-000120-index.htm",
        "finalLink": "https://www.sec.gov/Archives/edgar/data/14930/000001493005000120/form10q2005.htm"
    },
    {
        "date": "2005-03-31",
        "symbol": "BC",
        "reportedCurrency": "USD",
        "cik": "0000014930",
        "fillingDate": "2005-05-06",
        "acceptedDate": "2005-05-06 11:29:12",
        "calendarYear": "2005",
        "period": "Q1",
        "revenue": 1401100000,
        "costOfRevenue": 1059200000,
        "grossProfit": 341900000,
        "grossProfitRatio": 0.2440225537,
        "researchAndDevelopmentExpenses": 34200000,
        "generalAndAdministrativeExpenses": 0,
        "sellingAndMarketingExpenses": 0,
        "sellingGeneralAndAdministrativeExpenses": 208600000,
        "otherExpenses": 0,
        "operatingExpenses": 242800000,
        "costAndExpenses": 1302000000,
        "interestIncome": 0,
        "interestExpense": 0,
        "depreciationAndAmortization": 38400000,
        "ebitda": 137500000,
        "ebitdaratio": 0.0981371779,
        "operatingIncome": 99100000,
        "operatingIncomeRatio": 0.0707301406,
        "totalOtherIncomeExpensesNet": 32500000,
        "incomeBeforeTax": 131600000,
        "incomeBeforeTaxRatio": 0.0939262008,
        "incomeTaxExpense": 37000000,
        "netIncome": 94600000,
        "netIncomeRatio": 0.0675183784,
        "eps": 0.97,
        "epsdiluted": 0.96,
        "weightedAverageShsOut": 97700000,
        "weightedAverageShsOutDil": 99000000,
        "link": "https://www.sec.gov/Archives/edgar/data/14930/000110465905021079/0001104659-05-021079-index.htm",
        "finalLink": "https://www.sec.gov/Archives/edgar/data/14930/000110465905021079/a05-8768_110q.htm"
    },
    {
        "date": "2004-12-31",
        "symbol": "BC",
        "reportedCurrency": "USD",
        "cik": "0000014930",
        "fillingDate": "2005-03-04",
        "acceptedDate": "2005-03-04 14:17:27",
        "calendarYear": "2004",
        "period": "Q4",
        "revenue": 1333800000,
        "costOfRevenue": 1001700000,
        "grossProfit": 332100000,
        "grossProfitRatio": 0.2489878543,
        "researchAndDevelopmentExpenses": 37800000,
        "generalAndAdministrativeExpenses": 0,
        "sellingAndMarketingExpenses": 0,
        "sellingGeneralAndAdministrativeExpenses": 210900000,
        "otherExpenses": 0,
        "operatingExpenses": 248700000,
        "costAndExpenses": 1250400000,
        "interestIncome": 0,
        "interestExpense": 0,
        "depreciationAndAmortization": 40000000,
        "ebitda": 123400000,
        "ebitdaratio": 0.0925176188,
        "operatingIncome": 83400000,
        "operatingIncomeRatio": 0.0625281152,
        "totalOtherIncomeExpensesNet": -2600000,
        "incomeBeforeTax": 80800000,
        "incomeBeforeTaxRatio": 0.0605787974,
        "incomeTaxExpense": 22000000,
        "netIncome": 58800000,
        "netIncomeRatio": 0.0440845704,
        "eps": 0.6,
        "epsdiluted": 0.59,
        "weightedAverageShsOut": 97700000,
        "weightedAverageShsOutDil": 99000000,
        "link": "https://www.sec.gov/Archives/edgar/data/14930/000001493005000066/0000014930-05-000066-index.htm",
        "finalLink": "https://www.sec.gov/Archives/edgar/data/14930/000001493005000066/form10k2004.htm"
    },
    {
        "date": "2004-09-30",
        "symbol": "BC",
        "reportedCurrency": "USD",
        "cik": "0000014930",
        "fillingDate": "2004-11-05",
        "acceptedDate": "2004-11-05 10:12:27",
        "calendarYear": "2004",
        "period": "Q3",
        "revenue": 1273200000,
        "costOfRevenue": 956200000,
        "grossProfit": 317000000,
        "grossProfitRatio": 0.2489789507,
        "researchAndDevelopmentExpenses": 31200000,
        "generalAndAdministrativeExpenses": 0,
        "sellingAndMarketingExpenses": 0,
        "sellingGeneralAndAdministrativeExpenses": 186500000,
        "otherExpenses": 0,
        "operatingExpenses": 217700000,
        "costAndExpenses": 1173900000,
        "interestIncome": 0,
        "interestExpense": 0,
        "depreciationAndAmortization": 40600000,
        "ebitda": 139900000,
        "ebitdaratio": 0.1098806158,
        "operatingIncome": 99300000,
        "operatingIncomeRatio": 0.0779924599,
        "totalOtherIncomeExpensesNet": -7700000,
        "incomeBeforeTax": 91600000,
        "incomeBeforeTaxRatio": 0.0719447063,
        "incomeTaxExpense": 18700000,
        "netIncome": 72900000,
        "netIncomeRatio": 0.0572573044,
        "eps": 0.76,
        "epsdiluted": 0.75,
        "weightedAverageShsOut": 96200000,
        "weightedAverageShsOutDil": 97700000,
        "link": "https://www.sec.gov/Archives/edgar/data/14930/000001493004000242/0000014930-04-000242-index.htm",
        "finalLink": "https://www.sec.gov/Archives/edgar/data/14930/000001493004000242/third_quarter10q2004.htm"
    },
    {
        "date": "2004-06-30",
        "symbol": "BC",
        "reportedCurrency": "USD",
        "cik": "0000014930",
        "fillingDate": "2004-08-04",
        "acceptedDate": "2004-08-04 17:10:52",
        "calendarYear": "2004",
        "period": "Q2",
        "revenue": 1422700000,
        "costOfRevenue": 1054900000,
        "grossProfit": 367800000,
        "grossProfitRatio": 0.2585225276,
        "researchAndDevelopmentExpenses": 29400000,
        "generalAndAdministrativeExpenses": 0,
        "sellingAndMarketingExpenses": 0,
        "sellingGeneralAndAdministrativeExpenses": 198900000,
        "otherExpenses": 0,
        "operatingExpenses": 228300000,
        "costAndExpenses": 1283200000,
        "interestIncome": 0,
        "interestExpense": 0,
        "depreciationAndAmortization": 38600000,
        "ebitda": 178100000,
        "ebitdaratio": 0.1251845083,
        "operatingIncome": 139500000,
        "operatingIncomeRatio": 0.0980529978,
        "totalOtherIncomeExpensesNet": -5000000,
        "incomeBeforeTax": 134500000,
        "incomeBeforeTaxRatio": 0.0945385535,
        "incomeTaxExpense": 44400000,
        "netIncome": 90100000,
        "netIncomeRatio": 0.0633302875,
        "eps": 0.94,
        "epsdiluted": 0.93,
        "weightedAverageShsOut": 95400000,
        "weightedAverageShsOutDil": 97200000,
        "link": "https://www.sec.gov/Archives/edgar/data/14930/000001493004000168/0000014930-04-000168-index.htm",
        "finalLink": "https://www.sec.gov/Archives/edgar/data/14930/000001493004000168/secondquarter10q2004.htm"
    },
    {
        "date": "2004-03-31",
        "symbol": "BC",
        "reportedCurrency": "USD",
        "cik": "0000014930",
        "fillingDate": "2004-05-07",
        "acceptedDate": "2004-05-07 16:14:11",
        "calendarYear": "2004",
        "period": "Q1",
        "revenue": 1199600000,
        "costOfRevenue": 902300000,
        "grossProfit": 297300000,
        "grossProfitRatio": 0.2478326109,
        "researchAndDevelopmentExpenses": 32700000,
        "generalAndAdministrativeExpenses": 0,
        "sellingAndMarketingExpenses": 0,
        "sellingGeneralAndAdministrativeExpenses": 186100000,
        "otherExpenses": 0,
        "operatingExpenses": 218800000,
        "costAndExpenses": 1121100000,
        "interestIncome": 0,
        "interestExpense": 0,
        "depreciationAndAmortization": 38300000,
        "ebitda": 116800000,
        "ebitdaratio": 0.0973657886,
        "operatingIncome": 78500000,
        "operatingIncomeRatio": 0.0654384795,
        "totalOtherIncomeExpensesNet": -6900000,
        "incomeBeforeTax": 71600000,
        "incomeBeforeTaxRatio": 0.0596865622,
        "incomeTaxExpense": 23600000,
        "netIncome": 48000000,
        "netIncomeRatio": 0.0400133378,
        "eps": 0.51,
        "epsdiluted": 0.5,
        "weightedAverageShsOut": 93700000,
        "weightedAverageShsOutDil": 95600000,
        "link": "https://www.sec.gov/Archives/edgar/data/14930/000001493004000136/0000014930-04-000136-index.htm",
        "finalLink": "https://www.sec.gov/Archives/edgar/data/14930/000001493004000136/firstquarter10q2004.htm"
    },
    {
        "date": "2003-12-31",
        "symbol": "BC",
        "reportedCurrency": "USD",
        "cik": "0000014930",
        "fillingDate": "2004-03-03",
        "acceptedDate": "2004-03-03 17:25:12",
        "calendarYear": "2003",
        "period": "Q4",
        "revenue": 1086900000,
        "costOfRevenue": 817500000,
        "grossProfit": 269400000,
        "grossProfitRatio": 0.2478608888,
        "researchAndDevelopmentExpenses": 0,
        "generalAndAdministrativeExpenses": 0,
        "sellingAndMarketingExpenses": 0,
        "sellingGeneralAndAdministrativeExpenses": 92500000,
        "otherExpenses": 118200000,
        "operatingExpenses": 210700000,
        "costAndExpenses": 1028200000,
        "interestIncome": 0,
        "interestExpense": 0,
        "depreciationAndAmortization": 39400000,
        "ebitda": 98100000,
        "ebitdaratio": 0.0902566933,
        "operatingIncome": 58700000,
        "operatingIncomeRatio": 0.0540068084,
        "totalOtherIncomeExpensesNet": -4200000,
        "incomeBeforeTax": 54500000,
        "incomeBeforeTaxRatio": 0.0501426074,
        "incomeTaxExpense": 14600000,
        "netIncome": 39900000,
        "netIncomeRatio": 0.0367099089,
        "eps": 0.43,
        "epsdiluted": 0.42,
        "weightedAverageShsOut": 93700000,
        "weightedAverageShsOutDil": 95600000,
        "link": "https://www.sec.gov/Archives/edgar/data/14930/000095013704001426/0000950137-04-001426-index.htm",
        "finalLink": "https://www.sec.gov/Archives/edgar/data/14930/000095013704001426/c83280e10vk.htm"
    },
    {
        "date": "2003-09-30",
        "symbol": "BC",
        "reportedCurrency": "USD",
        "cik": "0000014930",
        "fillingDate": "2003-11-12",
        "acceptedDate": "2003-11-12 17:04:56",
        "calendarYear": "2003",
        "period": "Q3",
        "revenue": 1036300000,
        "costOfRevenue": 781200000,
        "grossProfit": 255100000,
        "grossProfitRatio": 0.2461642382,
        "researchAndDevelopmentExpenses": 30000000,
        "generalAndAdministrativeExpenses": 0,
        "sellingAndMarketingExpenses": 0,
        "sellingGeneralAndAdministrativeExpenses": 162600000,
        "otherExpenses": 0,
        "operatingExpenses": 192600000,
        "costAndExpenses": 973800000,
        "interestIncome": 0,
        "interestExpense": 0,
        "depreciationAndAmortization": 38300000,
        "ebitda": 100800000,
        "ebitdaratio": 0.0972691306,
        "operatingIncome": 62500000,
        "operatingIncomeRatio": 0.0603107208,
        "totalOtherIncomeExpensesNet": -4200000,
        "incomeBeforeTax": 58300000,
        "incomeBeforeTaxRatio": 0.0562578404,
        "incomeTaxExpense": 20400000,
        "netIncome": 37900000,
        "netIncomeRatio": 0.0365724211,
        "eps": 0.42,
        "epsdiluted": 0.41,
        "weightedAverageShsOut": 91200000,
        "weightedAverageShsOutDil": 92300000,
        "link": "https://www.sec.gov/Archives/edgar/data/14930/000001493003000074/0000014930-03-000074-index.htm",
        "finalLink": "https://www.sec.gov/Archives/edgar/data/14930/000001493003000074/thirdquarter10q.htm"
    },
    {
        "date": "2003-06-30",
        "symbol": "BC",
        "reportedCurrency": "USD",
        "cik": "0000014930",
        "fillingDate": "2003-08-12",
        "acceptedDate": "2003-08-12 14:18:25",
        "calendarYear": "2003",
        "period": "Q2",
        "revenue": 1071000000,
        "costOfRevenue": 807200000,
        "grossProfit": 263800000,
        "grossProfitRatio": 0.2463118581,
        "researchAndDevelopmentExpenses": 0,
        "generalAndAdministrativeExpenses": 0,
        "sellingAndMarketingExpenses": 0,
        "sellingGeneralAndAdministrativeExpenses": 176600000,
        "otherExpenses": 0,
        "operatingExpenses": 176600000,
        "costAndExpenses": 983800000,
        "interestIncome": 0,
        "interestExpense": 0,
        "depreciationAndAmortization": 37300000,
        "ebitda": 124500000,
        "ebitdaratio": 0.1162464986,
        "operatingIncome": 87200000,
        "operatingIncomeRatio": 0.0814192344,
        "totalOtherIncomeExpensesNet": -4800000,
        "incomeBeforeTax": 82400000,
        "incomeBeforeTaxRatio": 0.0769374416,
        "incomeTaxExpense": 28800000,
        "netIncome": 53600000,
        "netIncomeRatio": 0.0500466853,
        "eps": 0.59,
        "epsdiluted": 0.59,
        "weightedAverageShsOut": 90800000,
        "weightedAverageShsOutDil": 91300000,
        "link": "https://www.sec.gov/Archives/edgar/data/14930/000001493003000022/0000014930-03-000022-index.htm",
        "finalLink": "https://www.sec.gov/Archives/edgar/data/14930/000001493003000022/secondquarter10q2003.txt"
    },
    {
        "date": "2003-03-31",
        "symbol": "BC",
        "reportedCurrency": "USD",
        "cik": "0000014930",
        "fillingDate": "2003-05-15",
        "acceptedDate": "2003-05-15 15:15:05",
        "calendarYear": "2003",
        "period": "Q1",
        "revenue": 934500000,
        "costOfRevenue": 725700000,
        "grossProfit": 208800000,
        "grossProfitRatio": 0.223434992,
        "researchAndDevelopmentExpenses": 0,
        "generalAndAdministrativeExpenses": 0,
        "sellingAndMarketingExpenses": 0,
        "sellingGeneralAndAdministrativeExpenses": 170800000,
        "otherExpenses": 25000000,
        "operatingExpenses": 195800000,
        "costAndExpenses": 921500000,
        "interestIncome": 0,
        "interestExpense": 0,
        "depreciationAndAmortization": 35600000,
        "ebitda": 48600000,
        "ebitdaratio": 0.0520064205,
        "operatingIncome": 13000000,
        "operatingIncomeRatio": 0.0139111825,
        "totalOtherIncomeExpensesNet": -7100000,
        "incomeBeforeTax": 5900000,
        "incomeBeforeTaxRatio": 0.0063135367,
        "incomeTaxExpense": 2100000,
        "netIncome": 3800000,
        "netIncomeRatio": 0.0040663456,
        "eps": 0.04,
        "epsdiluted": 0.04,
        "weightedAverageShsOut": 90600000,
        "weightedAverageShsOutDil": 90600000,
        "link": "https://www.sec.gov/Archives/edgar/data/14930/000095013703002988/0000950137-03-002988-index.htm",
        "finalLink": "https://www.sec.gov/Archives/edgar/data/14930/000095013703002988/c77067e10vq.txt"
    },
    {
        "date": "2002-12-31",
        "symbol": "BC",
        "reportedCurrency": "USD",
        "cik": "0000014930",
        "fillingDate": "2003-03-11",
        "acceptedDate": "2003-03-11 17:00:20",
        "calendarYear": "2002",
        "period": "Q4",
        "revenue": 928000000,
        "costOfRevenue": 704900000,
        "grossProfit": 223100000,
        "grossProfitRatio": 0.2404094828,
        "researchAndDevelopmentExpenses": 0,
        "generalAndAdministrativeExpenses": 0,
        "sellingAndMarketingExpenses": 0,
        "sellingGeneralAndAdministrativeExpenses": 79200000,
        "otherExpenses": 102800000,
        "operatingExpenses": 182000000,
        "costAndExpenses": 886900000,
        "interestIncome": 0,
        "interestExpense": 0,
        "depreciationAndAmortization": 37000000,
        "ebitda": 78100000,
        "ebitdaratio": 0.0841594828,
        "operatingIncome": 41100000,
        "operatingIncomeRatio": 0.0442887931,
        "totalOtherIncomeExpensesNet": -9000000,
        "incomeBeforeTax": 32100000,
        "incomeBeforeTaxRatio": 0.0345905172,
        "incomeTaxExpense": 11600000,
        "netIncome": 20500000,
        "netIncomeRatio": 0.0220905172,
        "eps": 0.23,
        "epsdiluted": 0.23,
        "weightedAverageShsOut": 90161000,
        "weightedAverageShsOutDil": 90600000,
        "link": "https://www.sec.gov/Archives/edgar/data/14930/000095013703001370/0000950137-03-001370-index.htm",
        "finalLink": "https://www.sec.gov/Archives/edgar/data/14930/000095013703001370/c74671e10vk.txt"
    },
    {
        "date": "2002-09-30",
        "symbol": "BC",
        "reportedCurrency": "USD",
        "cik": "0000014930",
        "fillingDate": "2002-11-14",
        "acceptedDate": "2002-11-14 11:57:18",
        "calendarYear": "2002",
        "period": "Q3",
        "revenue": 900000000,
        "costOfRevenue": 694400000,
        "grossProfit": 205600000,
        "grossProfitRatio": 0.2284444444,
        "researchAndDevelopmentExpenses": 0,
        "generalAndAdministrativeExpenses": 0,
        "sellingAndMarketingExpenses": 0,
        "sellingGeneralAndAdministrativeExpenses": 158300000,
        "otherExpenses": 0,
        "operatingExpenses": 158300000,
        "costAndExpenses": 852700000,
        "interestIncome": 0,
        "interestExpense": 0,
        "depreciationAndAmortization": 36200000,
        "ebitda": 83500000,
        "ebitdaratio": 0.0927777778,
        "operatingIncome": 47300000,
        "operatingIncomeRatio": 0.0525555556,
        "totalOtherIncomeExpensesNet": -10400000,
        "incomeBeforeTax": 36900000,
        "incomeBeforeTaxRatio": 0.041,
        "incomeTaxExpense": 13300000,
        "netIncome": 23600000,
        "netIncomeRatio": 0.0262222222,
        "eps": 0.26,
        "epsdiluted": 0.26,
        "weightedAverageShsOut": 90500000,
        "weightedAverageShsOutDil": 91000000,
        "link": "https://www.sec.gov/Archives/edgar/data/14930/000001493002000009/0000014930-02-000009-index.htm",
        "finalLink": "https://www.sec.gov/Archives/edgar/data/14930/000001493002000009/thirdquarter10q.txt"
    },
    {
        "date": "2002-06-30",
        "symbol": "BC",
        "reportedCurrency": "USD",
        "cik": "0000014930",
        "fillingDate": "2002-08-14",
        "acceptedDate": "2002-08-14 12:19:08",
        "calendarYear": "2002",
        "period": "Q2",
        "revenue": 1017200000,
        "costOfRevenue": 777400000,
        "grossProfit": 239800000,
        "grossProfitRatio": 0.2357451829,
        "researchAndDevelopmentExpenses": 0,
        "generalAndAdministrativeExpenses": 0,
        "sellingAndMarketingExpenses": 0,
        "sellingGeneralAndAdministrativeExpenses": 161900000,
        "otherExpenses": 0,
        "operatingExpenses": 161900000,
        "costAndExpenses": 939300000,
        "interestIncome": 0,
        "interestExpense": 0,
        "depreciationAndAmortization": 37700000,
        "ebitda": 115600000,
        "ebitdaratio": 0.1136453008,
        "operatingIncome": 77900000,
        "operatingIncomeRatio": 0.0765827762,
        "totalOtherIncomeExpensesNet": -70700000,
        "incomeBeforeTax": 7200000,
        "incomeBeforeTaxRatio": 0.007078254,
        "incomeTaxExpense": 25800000,
        "netIncome": 46200000,
        "netIncomeRatio": 0.0454187967,
        "eps": 0.51,
        "epsdiluted": 0.51,
        "weightedAverageShsOut": 90200000,
        "weightedAverageShsOutDil": 91400000,
        "link": "https://www.sec.gov/Archives/edgar/data/14930/000095013702004456/0000950137-02-004456-index.htm",
        "finalLink": "https://www.sec.gov/Archives/edgar/data/14930/000095013702004456/c71302e10vq.txt"
    },
    {
        "date": "2002-03-31",
        "symbol": "BC",
        "reportedCurrency": "USD",
        "cik": "0000014930",
        "fillingDate": "2002-05-14",
        "acceptedDate": "2002-05-14 16:17:09",
        "calendarYear": "2002",
        "period": "Q1",
        "revenue": 866700000,
        "costOfRevenue": 675300000,
        "grossProfit": 191400000,
        "grossProfitRatio": 0.2208376601,
        "researchAndDevelopmentExpenses": 0,
        "generalAndAdministrativeExpenses": 0,
        "sellingAndMarketingExpenses": 0,
        "sellingGeneralAndAdministrativeExpenses": 161100000,
        "otherExpenses": 0,
        "operatingExpenses": 161100000,
        "costAndExpenses": 836400000,
        "interestIncome": 0,
        "interestExpense": 0,
        "depreciationAndAmortization": 37500000,
        "ebitda": 67800000,
        "ebitdaratio": 0.0782277605,
        "operatingIncome": 30300000,
        "operatingIncomeRatio": 0.0349601938,
        "totalOtherIncomeExpensesNet": -9700000,
        "incomeBeforeTax": 20600000,
        "incomeBeforeTaxRatio": 0.0237683166,
        "incomeTaxExpense": 7400000,
        "netIncome": 13200000,
        "netIncomeRatio": 0.0152301835,
        "eps": -0.13,
        "epsdiluted": -0.13,
        "weightedAverageShsOut": 88700000,
        "weightedAverageShsOutDil": 89700000,
        "link": "https://www.sec.gov/Archives/edgar/data/14930/000001493002000004/0000014930-02-000004-index.htm",
        "finalLink": "https://www.sec.gov/Archives/edgar/data/14930/000001493002000004/firstquarter10q.txt"
    },
    {
        "date": "2001-12-31",
        "symbol": "BC",
        "reportedCurrency": "USD",
        "cik": "0000014930",
        "fillingDate": "2002-03-08",
        "acceptedDate": "2002-03-08 00:00:00",
        "calendarYear": "2001",
        "period": "Q4",
        "revenue": 717800000,
        "costOfRevenue": 566900000,
        "grossProfit": 150900000,
        "grossProfitRatio": 0.2102256896,
        "researchAndDevelopmentExpenses": 0,
        "generalAndAdministrativeExpenses": 0,
        "sellingAndMarketingExpenses": 0,
        "sellingGeneralAndAdministrativeExpenses": 48200000,
        "otherExpenses": 95900000,
        "operatingExpenses": 144100000,
        "costAndExpenses": 711000000,
        "interestIncome": 0,
        "interestExpense": 0,
        "depreciationAndAmortization": 40900000,
        "ebitda": 47700000,
        "ebitdaratio": 0.066453051,
        "operatingIncome": 6800000,
        "operatingIncomeRatio": 0.0094733909,
        "totalOtherIncomeExpensesNet": -12100000,
        "incomeBeforeTax": -5300000,
        "incomeBeforeTaxRatio": -0.0073836723,
        "incomeTaxExpense": -2700000,
        "netIncome": -2600000,
        "netIncomeRatio": -0.0036221789,
        "eps": -0.0293,
        "epsdiluted": -0.029,
        "weightedAverageShsOut": 88700000,
        "weightedAverageShsOutDil": 89700000,
        "link": "https://www.sec.gov/Archives/edgar/data/14930/000095013702001164/0000950137-02-001164-index.htm",
        "finalLink": "https://www.sec.gov/Archives/edgar/data/14930/000095013702001164/c67590e10-k405.txt"
    },
    {
        "date": "2001-09-30",
        "symbol": "BC",
        "reportedCurrency": "USD",
        "cik": "0000014930",
        "fillingDate": "2001-11-13",
        "acceptedDate": "2001-11-13 00:00:00",
        "calendarYear": "2001",
        "period": "Q3",
        "revenue": 811000000,
        "costOfRevenue": 632300000,
        "grossProfit": 178700000,
        "grossProfitRatio": 0.2203452528,
        "researchAndDevelopmentExpenses": 0,
        "generalAndAdministrativeExpenses": 0,
        "sellingAndMarketingExpenses": 0,
        "sellingGeneralAndAdministrativeExpenses": 154800000,
        "otherExpenses": 0,
        "operatingExpenses": 154800000,
        "costAndExpenses": 787100000,
        "interestIncome": 0,
        "interestExpense": 0,
        "depreciationAndAmortization": 42000000,
        "ebitda": 65900000,
        "ebitdaratio": 0.0812577065,
        "operatingIncome": 23900000,
        "operatingIncomeRatio": 0.0294697904,
        "totalOtherIncomeExpensesNet": -16000000,
        "incomeBeforeTax": 7900000,
        "incomeBeforeTaxRatio": 0.0097410604,
        "incomeTaxExpense": 1600000,
        "netIncome": 6300000,
        "netIncomeRatio": 0.0077681874,
        "eps": 0.07,
        "epsdiluted": 0.07,
        "weightedAverageShsOut": 87900000,
        "weightedAverageShsOutDil": 88300000,
        "link": "https://www.sec.gov/Archives/edgar/data/14930/000001493001500010/0000014930-01-500010-index.htm",
        "finalLink": "https://www.sec.gov/Archives/edgar/data/14930/000001493001500010/q301.txt"
    },
    {
        "date": "2001-06-30",
        "symbol": "BC",
        "reportedCurrency": "USD",
        "cik": "0000014930",
        "fillingDate": "2001-08-14",
        "acceptedDate": "2001-08-14 00:00:00",
        "calendarYear": "2001",
        "period": "Q2",
        "revenue": 928800000,
        "costOfRevenue": 700800000,
        "grossProfit": 228000000,
        "grossProfitRatio": 0.2454780362,
        "researchAndDevelopmentExpenses": 0,
        "generalAndAdministrativeExpenses": 0,
        "sellingAndMarketingExpenses": 0,
        "sellingGeneralAndAdministrativeExpenses": 146600000,
        "otherExpenses": 0,
        "operatingExpenses": 146600000,
        "costAndExpenses": 847400000,
        "interestIncome": 0,
        "interestExpense": 0,
        "depreciationAndAmortization": 40400000,
        "ebitda": 121800000,
        "ebitdaratio": 0.1311369509,
        "operatingIncome": 81400000,
        "operatingIncomeRatio": 0.0876399655,
        "totalOtherIncomeExpensesNet": -15500000,
        "incomeBeforeTax": 65900000,
        "incomeBeforeTaxRatio": 0.0709517657,
        "incomeTaxExpense": 24400000,
        "netIncome": 41500000,
        "netIncomeRatio": 0.0446813092,
        "eps": 0.47,
        "epsdiluted": 0.47,
        "weightedAverageShsOut": 87800000,
        "weightedAverageShsOutDil": 88300000,
        "link": "https://www.sec.gov/Archives/edgar/data/14930/000001493001500008/0000014930-01-500008-index.htm",
        "finalLink": "https://www.sec.gov/Archives/edgar/data/14930/000001493001500008/q201.txt"
    },
    {
        "date": "2001-03-31",
        "symbol": "BC",
        "reportedCurrency": "USD",
        "cik": "0000014930",
        "fillingDate": "2001-05-14",
        "acceptedDate": "2001-05-14 00:00:00",
        "calendarYear": "2001",
        "period": "Q1",
        "revenue": 913200000,
        "costOfRevenue": 687400000,
        "grossProfit": 225800000,
        "grossProfitRatio": 0.2472623741,
        "researchAndDevelopmentExpenses": 0,
        "generalAndAdministrativeExpenses": 0,
        "sellingAndMarketingExpenses": 0,
        "sellingGeneralAndAdministrativeExpenses": 146800000,
        "otherExpenses": 0,
        "operatingExpenses": 146800000,
        "costAndExpenses": 834200000,
        "interestIncome": 0,
        "interestExpense": 0,
        "depreciationAndAmortization": 37100000,
        "ebitda": 116100000,
        "ebitdaratio": 0.1271353482,
        "operatingIncome": 79000000,
        "operatingIncomeRatio": 0.0865089794,
        "totalOtherIncomeExpensesNet": -15300000,
        "incomeBeforeTax": 63700000,
        "incomeBeforeTaxRatio": 0.0697547087,
        "incomeTaxExpense": 24200000,
        "netIncome": 36600000,
        "netIncomeRatio": 0.0400788436,
        "eps": 0.42,
        "epsdiluted": 0.42,
        "weightedAverageShsOut": 87700000,
        "weightedAverageShsOutDil": 87800000,
        "link": "https://www.sec.gov/Archives/edgar/data/14930/000001493001500005/0000014930-01-500005-index.htm",
        "finalLink": "https://www.sec.gov/Archives/edgar/data/14930/000001493001500005/q101.txt"
    },
    {
        "date": "2000-12-31",
        "symbol": "BC",
        "reportedCurrency": "USD",
        "cik": "0000014930",
        "fillingDate": "2001-03-09",
        "acceptedDate": "2001-03-09 00:00:00",
        "calendarYear": "2000",
        "period": "Q4",
        "revenue": 876600000,
        "costOfRevenue": 606900000,
        "grossProfit": 269700000,
        "grossProfitRatio": 0.3076659822,
        "researchAndDevelopmentExpenses": 0,
        "generalAndAdministrativeExpenses": 0,
        "sellingAndMarketingExpenses": 0,
        "sellingGeneralAndAdministrativeExpenses": 46000000,
        "otherExpenses": 141300000,
        "operatingExpenses": 187300000,
        "costAndExpenses": 794200000,
        "interestIncome": 0,
        "interestExpense": 0,
        "depreciationAndAmortization": 39100000,
        "ebitda": 121500000,
        "ebitdaratio": 0.1386036961,
        "operatingIncome": 82400000,
        "operatingIncomeRatio": 0.0939995437,
        "totalOtherIncomeExpensesNet": -19000000,
        "incomeBeforeTax": 63400000,
        "incomeBeforeTaxRatio": 0.0723248916,
        "incomeTaxExpense": 21100000,
        "netIncome": 42300000,
        "netIncomeRatio": 0.0482546201,
        "eps": 0.48,
        "epsdiluted": 0.48,
        "weightedAverageShsOut": 87700000,
        "weightedAverageShsOutDil": 87800000,
        "link": "https://www.sec.gov/Archives/edgar/data/14930/000095013101001498/0000950131-01-001498-index.htm",
        "finalLink": "https://www.sec.gov/Archives/edgar/data/14930/000095013101001498/0000950131-01-001498-0001.txt"
    },
    {
        "date": "2000-09-30",
        "symbol": "BC",
        "reportedCurrency": "USD",
        "cik": "0000014930",
        "fillingDate": "2000-11-14",
        "acceptedDate": "2000-11-14 00:00:00",
        "calendarYear": "2000",
        "period": "Q3",
        "revenue": 939100000,
        "costOfRevenue": 638300000,
        "grossProfit": 300800000,
        "grossProfitRatio": 0.3203066766,
        "researchAndDevelopmentExpenses": 0,
        "generalAndAdministrativeExpenses": 0,
        "sellingAndMarketingExpenses": 0,
        "sellingGeneralAndAdministrativeExpenses": 162900000,
        "otherExpenses": 30200000,
        "operatingExpenses": 193100000,
        "costAndExpenses": 831400000,
        "interestIncome": 0,
        "interestExpense": 0,
        "depreciationAndAmortization": 37200000,
        "ebitda": 144900000,
        "ebitdaratio": 0.154296667,
        "operatingIncome": 107700000,
        "operatingIncomeRatio": 0.1146842722,
        "totalOtherIncomeExpensesNet": -75400000,
        "incomeBeforeTax": 32300000,
        "incomeBeforeTaxRatio": 0.0343946332,
        "incomeTaxExpense": 14600000,
        "netIncome": -92300000,
        "netIncomeRatio": -0.0982855926,
        "eps": -1.05,
        "epsdiluted": -1.05,
        "weightedAverageShsOut": 87600000,
        "weightedAverageShsOutDil": 87600000,
        "link": "https://www.sec.gov/Archives/edgar/data/14930/000001493000000013/0000014930-00-000013-index.htm",
        "finalLink": "https://www.sec.gov/Archives/edgar/data/14930/000001493000000013/0000014930-00-000013-0001.txt"
    },
    {
        "date": "2000-06-30",
        "symbol": "BC",
        "reportedCurrency": "USD",
        "cik": "0000014930",
        "fillingDate": "2000-08-09",
        "acceptedDate": "2000-08-09 00:00:00",
        "calendarYear": "2000",
        "period": "Q2",
        "revenue": 1040800000,
        "costOfRevenue": 727100000,
        "grossProfit": 313700000,
        "grossProfitRatio": 0.3014027671,
        "researchAndDevelopmentExpenses": 0,
        "generalAndAdministrativeExpenses": 0,
        "sellingAndMarketingExpenses": 0,
        "sellingGeneralAndAdministrativeExpenses": 164600000,
        "otherExpenses": 0,
        "operatingExpenses": 164600000,
        "costAndExpenses": 891700000,
        "interestIncome": 0,
        "interestExpense": 0,
        "depreciationAndAmortization": 37300000,
        "ebitda": 186400000,
        "ebitdaratio": 0.1790930054,
        "operatingIncome": 149100000,
        "operatingIncomeRatio": 0.1432551883,
        "totalOtherIncomeExpensesNet": -19200000,
        "incomeBeforeTax": 129900000,
        "incomeBeforeTaxRatio": 0.1248078401,
        "incomeTaxExpense": 48400000,
        "netIncome": -104500000,
        "netIncomeRatio": -0.1004035357,
        "eps": -1.19,
        "epsdiluted": -1.19,
        "weightedAverageShsOut": 88100000,
        "weightedAverageShsOutDil": 88100000,
        "link": "https://www.sec.gov/Archives/edgar/data/14930/000001493000000008/0000014930-00-000008-index.htm",
        "finalLink": "https://www.sec.gov/Archives/edgar/data/14930/000001493000000008/0000014930-00-000008-0001.txt"
    },
    {
        "date": "2000-03-31",
        "symbol": "BC",
        "reportedCurrency": "USD",
        "cik": "0000014930",
        "fillingDate": "2000-05-12",
        "acceptedDate": "2000-05-12 00:00:00",
        "calendarYear": "2000",
        "period": "Q1",
        "revenue": 955400000,
        "costOfRevenue": 681700000,
        "grossProfit": 273700000,
        "grossProfitRatio": 0.2864768683,
        "researchAndDevelopmentExpenses": 0,
        "generalAndAdministrativeExpenses": 0,
        "sellingAndMarketingExpenses": 0,
        "sellingGeneralAndAdministrativeExpenses": 160700000,
        "otherExpenses": 0,
        "operatingExpenses": 160700000,
        "costAndExpenses": 842400000,
        "interestIncome": 0,
        "interestExpense": 0,
        "depreciationAndAmortization": 35200000,
        "ebitda": 148200000,
        "ebitdaratio": 0.1551182751,
        "operatingIncome": 113000000,
        "operatingIncomeRatio": 0.118275068,
        "totalOtherIncomeExpensesNet": -15300000,
        "incomeBeforeTax": 97700000,
        "incomeBeforeTaxRatio": 0.1022608332,
        "incomeTaxExpense": 37000000,
        "netIncome": 58700000,
        "netIncomeRatio": 0.0614402345,
        "eps": 0.64,
        "epsdiluted": 0.64,
        "weightedAverageShsOut": 91400000,
        "weightedAverageShsOutDil": 91500000,
        "link": "https://www.sec.gov/Archives/edgar/data/14930/000001493000000005/0000014930-00-000005-index.html",
        "finalLink": "https://www.sec.gov/Archives/edgar/data/14930/000001493000000005/"
    },
    {
        "date": "1999-12-31",
        "symbol": "BC",
        "reportedCurrency": "USD",
        "cik": "0000014930",
        "fillingDate": "2000-02-28",
        "acceptedDate": "2000-02-28 00:00:00",
        "calendarYear": "1999",
        "period": "Q4",
        "revenue": 1021000000,
        "costOfRevenue": 746400000,
        "grossProfit": 274600000,
        "grossProfitRatio": 0.2689520078,
        "researchAndDevelopmentExpenses": 0,
        "generalAndAdministrativeExpenses": 0,
        "sellingAndMarketingExpenses": 0,
        "sellingGeneralAndAdministrativeExpenses": 102700000,
        "otherExpenses": 134400000,
        "operatingExpenses": 237100000,
        "costAndExpenses": 983500000,
        "interestIncome": 0,
        "interestExpense": 0,
        "depreciationAndAmortization": 41000000,
        "ebitda": 78500000,
        "ebitdaratio": 0.0768854065,
        "operatingIncome": 37500000,
        "operatingIncomeRatio": 0.0367286974,
        "totalOtherIncomeExpensesNet": -231400000,
        "incomeBeforeTax": -193900000,
        "incomeBeforeTaxRatio": -0.1899118511,
        "incomeTaxExpense": -74000000,
        "netIncome": -119900000,
        "netIncomeRatio": -0.1174338883,
        "eps": -1.31,
        "epsdiluted": -1.31,
        "weightedAverageShsOut": 91400000,
        "weightedAverageShsOutDil": 91500000,
        "link": "https://www.sec.gov/Archives/edgar/data/14930/000095013100001480/0000950131-00-001480-index.html",
        "finalLink": "https://www.sec.gov/Archives/edgar/data/14930/000095013100001480/"
    },
    {
        "date": "1999-09-30",
        "symbol": "BC",
        "reportedCurrency": "USD",
        "cik": "0000014930",
        "fillingDate": "1999-11-15",
        "acceptedDate": "1999-11-15 00:00:00",
        "calendarYear": "1999",
        "period": "Q3",
        "revenue": 861900000,
        "costOfRevenue": 587200000,
        "grossProfit": 274700000,
        "grossProfitRatio": 0.318714468,
        "researchAndDevelopmentExpenses": 0,
        "generalAndAdministrativeExpenses": 0,
        "sellingAndMarketingExpenses": 0,
        "sellingGeneralAndAdministrativeExpenses": 152900000,
        "otherExpenses": 29500000,
        "operatingExpenses": 182400000,
        "costAndExpenses": 769600000,
        "interestIncome": 0,
        "interestExpense": 0,
        "depreciationAndAmortization": 29500000,
        "ebitda": 121800000,
        "ebitdaratio": 0.1413156979,
        "operatingIncome": 92300000,
        "operatingIncomeRatio": 0.1070889894,
        "totalOtherIncomeExpensesNet": -62100000,
        "incomeBeforeTax": 30200000,
        "incomeBeforeTaxRatio": 0.0350388676,
        "incomeTaxExpense": 9400000,
        "netIncome": 17800000,
        "netIncomeRatio": 0.0206520478,
        "eps": 0.2,
        "epsdiluted": 0.19,
        "weightedAverageShsOut": 89000000,
        "weightedAverageShsOutDil": 93684211,
        "link": "https://www.sec.gov/Archives/edgar/data/14930/000001493099000013/0000014930-99-000013-index.html",
        "finalLink": "https://www.sec.gov/Archives/edgar/data/14930/000001493099000013/"
    },
    {
        "date": "1999-06-30",
        "symbol": "BC",
        "reportedCurrency": "USD",
        "cik": "0000014930",
        "fillingDate": "1999-08-13",
        "acceptedDate": "1999-08-13 00:00:00",
        "calendarYear": "1999",
        "period": "Q2",
        "revenue": 1043700000,
        "costOfRevenue": 690100000,
        "grossProfit": 353600000,
        "grossProfitRatio": 0.3387946728,
        "researchAndDevelopmentExpenses": 0,
        "generalAndAdministrativeExpenses": 0,
        "sellingAndMarketingExpenses": 0,
        "sellingGeneralAndAdministrativeExpenses": 174800000,
        "otherExpenses": 42100000,
        "operatingExpenses": 216900000,
        "costAndExpenses": 907000000,
        "interestIncome": 0,
        "interestExpense": 0,
        "depreciationAndAmortization": 35200000,
        "ebitda": 178800000,
        "ebitdaratio": 0.1713135959,
        "operatingIncome": 136700000,
        "operatingIncomeRatio": 0.1309763342,
        "totalOtherIncomeExpensesNet": -13000000,
        "incomeBeforeTax": 123700000,
        "incomeBeforeTaxRatio": 0.1185206477,
        "incomeTaxExpense": 45900000,
        "netIncome": 82400000,
        "netIncomeRatio": 0.0789498898,
        "eps": 0.9,
        "epsdiluted": 0.89,
        "weightedAverageShsOut": 91555556,
        "weightedAverageShsOutDil": 92584270,
        "link": "https://www.sec.gov/Archives/edgar/data/14930/000001493099000006/0000014930-99-000006-index.html",
        "finalLink": "https://www.sec.gov/Archives/edgar/data/14930/000001493099000006/"
    },
    {
        "date": "1999-03-31",
        "symbol": "BC",
        "reportedCurrency": "USD",
        "cik": "0000014930",
        "fillingDate": "1999-05-14",
        "acceptedDate": "1999-05-14 00:00:00",
        "calendarYear": "1999",
        "period": "Q1",
        "revenue": 1083000000,
        "costOfRevenue": 750900000,
        "grossProfit": 332100000,
        "grossProfitRatio": 0.3066481994,
        "researchAndDevelopmentExpenses": 0,
        "generalAndAdministrativeExpenses": 0,
        "sellingAndMarketingExpenses": 0,
        "sellingGeneralAndAdministrativeExpenses": 181000000,
        "otherExpenses": 41500000,
        "operatingExpenses": 222500000,
        "costAndExpenses": 973400000,
        "interestIncome": 0,
        "interestExpense": 0,
        "depreciationAndAmortization": 41500000,
        "ebitda": 151100000,
        "ebitdaratio": 0.1395198523,
        "operatingIncome": 109600000,
        "operatingIncomeRatio": 0.1012003693,
        "totalOtherIncomeExpensesNet": -16700000,
        "incomeBeforeTax": 92900000,
        "incomeBeforeTaxRatio": 0.0857802401,
        "incomeTaxExpense": 35300000,
        "netIncome": 57600000,
        "netIncomeRatio": 0.0531855956,
        "eps": 0.63,
        "epsdiluted": 0.62,
        "weightedAverageShsOut": 91428571,
        "weightedAverageShsOutDil": 92903226,
        "link": "https://www.sec.gov/Archives/edgar/data/14930/000001493099000005/0000014930-99-000005-index.html",
        "finalLink": "https://www.sec.gov/Archives/edgar/data/14930/"
    },
    {
        "date": "1998-12-31",
        "symbol": "BC",
        "reportedCurrency": "USD",
        "cik": "0000014930",
        "fillingDate": "1999-03-24",
        "acceptedDate": "1999-03-24 00:00:00",
        "calendarYear": "1998",
        "period": "Q4",
        "revenue": 971500000,
        "costOfRevenue": 676900000,
        "grossProfit": 294600000,
        "grossProfitRatio": 0.3032424086,
        "researchAndDevelopmentExpenses": 0,
        "generalAndAdministrativeExpenses": 0,
        "sellingAndMarketingExpenses": 0,
        "sellingGeneralAndAdministrativeExpenses": 102300000,
        "otherExpenses": 127700000,
        "operatingExpenses": 230000000,
        "costAndExpenses": 906900000,
        "interestIncome": 0,
        "interestExpense": 0,
        "depreciationAndAmortization": 40200000,
        "ebitda": 104800000,
        "ebitdaratio": 0.107874421,
        "operatingIncome": 64600000,
        "operatingIncomeRatio": 0.0664951107,
        "totalOtherIncomeExpensesNet": -16500000,
        "incomeBeforeTax": 48100000,
        "incomeBeforeTaxRatio": 0.0495110654,
        "incomeTaxExpense": 15900000,
        "netIncome": 39900000,
        "netIncomeRatio": 0.0410705095,
        "eps": 0.44,
        "epsdiluted": 0.43,
        "weightedAverageShsOut": 91428571,
        "weightedAverageShsOutDil": 92903226,
        "link": "https://www.sec.gov/Archives/edgar/data/14930/000095013199001700/0000950131-99-001700-index.html",
        "finalLink": "https://www.sec.gov/Archives/edgar/data/14930/"
    },
    {
        "date": "1998-09-30",
        "symbol": "BC",
        "reportedCurrency": "USD",
        "cik": "0000014930",
        "fillingDate": "1998-11-13",
        "acceptedDate": "1998-11-13 00:00:00",
        "calendarYear": "1998",
        "period": "Q3",
        "revenue": 956500000,
        "costOfRevenue": 658600000,
        "grossProfit": 297900000,
        "grossProfitRatio": 0.3114479875,
        "researchAndDevelopmentExpenses": 0,
        "generalAndAdministrativeExpenses": 0,
        "sellingAndMarketingExpenses": 0,
        "sellingGeneralAndAdministrativeExpenses": 174100000,
        "otherExpenses": 40200000,
        "operatingExpenses": 214300000,
        "costAndExpenses": 872900000,
        "interestIncome": 0,
        "interestExpense": 0,
        "depreciationAndAmortization": 40200000,
        "ebitda": 123800000,
        "ebitdaratio": 0.1294302143,
        "operatingIncome": 83600000,
        "operatingIncomeRatio": 0.0874019864,
        "totalOtherIncomeExpensesNet": -75500000,
        "incomeBeforeTax": 8100000,
        "incomeBeforeTaxRatio": 0.0084683743,
        "incomeTaxExpense": 4000000,
        "netIncome": 4100000,
        "netIncomeRatio": 0.0042864611,
        "eps": 0.04,
        "epsdiluted": 0.04,
        "weightedAverageShsOut": 102500000,
        "weightedAverageShsOutDil": 102500000,
        "link": "https://www.sec.gov/Archives/edgar/data/14930/000001493098000004/0000014930-98-000004-index.html",
        "finalLink": "https://www.sec.gov/Archives/edgar/data/14930/"
    },
    {
        "date": "1998-06-30",
        "symbol": "BC",
        "reportedCurrency": "USD",
        "cik": "0000014930",
        "fillingDate": "1998-08-14",
        "acceptedDate": "1998-08-14 00:00:00",
        "calendarYear": "1998",
        "period": "Q2",
        "revenue": 1113000000,
        "costOfRevenue": 755500000,
        "grossProfit": 357500000,
        "grossProfitRatio": 0.3212039533,
        "researchAndDevelopmentExpenses": 0,
        "generalAndAdministrativeExpenses": 0,
        "sellingAndMarketingExpenses": 0,
        "sellingGeneralAndAdministrativeExpenses": 173800000,
        "otherExpenses": 39800000,
        "operatingExpenses": 213600000,
        "costAndExpenses": 969100000,
        "interestIncome": 0,
        "interestExpense": 0,
        "depreciationAndAmortization": 39800000,
        "ebitda": 183700000,
        "ebitdaratio": 0.165049416,
        "operatingIncome": 143900000,
        "operatingIncomeRatio": 0.1292902066,
        "totalOtherIncomeExpensesNet": -11300000,
        "incomeBeforeTax": 132600000,
        "incomeBeforeTaxRatio": 0.1191374663,
        "incomeTaxExpense": 49200000,
        "netIncome": 83400000,
        "netIncomeRatio": 0.0749326146,
        "eps": 0.84,
        "epsdiluted": 0.83,
        "weightedAverageShsOut": 99285714,
        "weightedAverageShsOutDil": 100481928,
        "link": "https://www.sec.gov/Archives/edgar/data/14930/000001493098000003/0000014930-98-000003-index.html",
        "finalLink": "https://www.sec.gov/Archives/edgar/data/14930/"
    },
    {
        "date": "1998-03-31",
        "symbol": "BC",
        "reportedCurrency": "USD",
        "cik": "0000014930",
        "fillingDate": "1998-05-15",
        "acceptedDate": "1998-05-15 00:00:00",
        "calendarYear": "1998",
        "period": "Q1",
        "revenue": 904200000,
        "costOfRevenue": 608400000,
        "grossProfit": 295800000,
        "grossProfitRatio": 0.3271400133,
        "researchAndDevelopmentExpenses": 0,
        "generalAndAdministrativeExpenses": 0,
        "sellingAndMarketingExpenses": 0,
        "sellingGeneralAndAdministrativeExpenses": 148200000,
        "otherExpenses": 39500000,
        "operatingExpenses": 187700000,
        "costAndExpenses": 796100000,
        "interestIncome": 0,
        "interestExpense": 0,
        "depreciationAndAmortization": 39500000,
        "ebitda": 147600000,
        "ebitdaratio": 0.1632382216,
        "operatingIncome": 108100000,
        "operatingIncomeRatio": 0.1195531962,
        "totalOtherIncomeExpensesNet": -13100000,
        "incomeBeforeTax": 95000000,
        "incomeBeforeTaxRatio": 0.1050652511,
        "incomeTaxExpense": 36100000,
        "netIncome": 58900000,
        "netIncomeRatio": 0.0651404557,
        "eps": 0.59,
        "epsdiluted": 0.59,
        "weightedAverageShsOut": 99830508,
        "weightedAverageShsOutDil": 99830508,
        "link": "https://www.sec.gov/Archives/edgar/data/14930/000001493098000001/0000014930-98-000001-index.html",
        "finalLink": "https://www.sec.gov/Archives/edgar/data/14930/"
    },
    {
        "date": "1997-12-31",
        "symbol": "BC",
        "reportedCurrency": "USD",
        "cik": "0000014930",
        "fillingDate": "1998-03-27",
        "acceptedDate": "1998-03-27 00:00:00",
        "calendarYear": "1997",
        "period": "Q4",
        "revenue": 931100000,
        "costOfRevenue": 643900000,
        "grossProfit": 287200000,
        "grossProfitRatio": 0.3084523682,
        "researchAndDevelopmentExpenses": 0,
        "generalAndAdministrativeExpenses": 0,
        "sellingAndMarketingExpenses": 0,
        "sellingGeneralAndAdministrativeExpenses": 95900000,
        "otherExpenses": 133300000,
        "operatingExpenses": 229200000,
        "costAndExpenses": 873100000,
        "interestIncome": 0,
        "interestExpense": 0,
        "depreciationAndAmortization": 43900000,
        "ebitda": 101900000,
        "ebitdaratio": 0.1094404468,
        "operatingIncome": 58000000,
        "operatingIncomeRatio": 0.0622919128,
        "totalOtherIncomeExpensesNet": -9100000,
        "incomeBeforeTax": 48900000,
        "incomeBeforeTaxRatio": 0.0525185265,
        "incomeTaxExpense": 16200000,
        "netIncome": 32000000,
        "netIncomeRatio": 0.0343679519,
        "eps": 0.32,
        "epsdiluted": 0.32,
        "weightedAverageShsOut": 99830508,
        "weightedAverageShsOutDil": 99830508,
        "link": "https://www.sec.gov/Archives/edgar/data/14930/000104746998012167/0001047469-98-012167-index.html",
        "finalLink": "https://www.sec.gov/Archives/edgar/data/14930/"
    },
    {
        "date": "1997-09-30",
        "symbol": "BC",
        "reportedCurrency": "USD",
        "cik": "0000014930",
        "fillingDate": "1997-11-14",
        "acceptedDate": "1997-11-14 00:00:00",
        "calendarYear": "1997",
        "period": "Q3",
        "revenue": 876500000,
        "costOfRevenue": 586600000,
        "grossProfit": 289900000,
        "grossProfitRatio": 0.3307472904,
        "researchAndDevelopmentExpenses": 0,
        "generalAndAdministrativeExpenses": 0,
        "sellingAndMarketingExpenses": 0,
        "sellingGeneralAndAdministrativeExpenses": 169000000,
        "otherExpenses": 41000000,
        "operatingExpenses": 210000000,
        "costAndExpenses": 796600000,
        "interestIncome": 0,
        "interestExpense": 0,
        "depreciationAndAmortization": 41000000,
        "ebitda": 120900000,
        "ebitdaratio": 0.1379349686,
        "operatingIncome": 79900000,
        "operatingIncomeRatio": 0.0911580148,
        "totalOtherIncomeExpensesNet": -109500000,
        "incomeBeforeTax": -29600000,
        "incomeBeforeTaxRatio": -0.0337706788,
        "incomeTaxExpense": -12500000,
        "netIncome": -17100000,
        "netIncomeRatio": -0.0195094124,
        "eps": -0.17,
        "epsdiluted": -0.17,
        "weightedAverageShsOut": 100588235,
        "weightedAverageShsOutDil": 100588235,
        "link": "https://www.sec.gov/Archives/edgar/data/14930/000001493097000009/0000014930-97-000009-index.html",
        "finalLink": "https://www.sec.gov/Archives/edgar/data/14930/"
    },
    {
        "date": "1997-06-30",
        "symbol": "BC",
        "reportedCurrency": "USD",
        "cik": "0000014930",
        "fillingDate": "1997-07-30",
        "acceptedDate": "1997-07-30 00:00:00",
        "calendarYear": "1997",
        "period": "Q2",
        "revenue": 1008200000,
        "costOfRevenue": 671100000,
        "grossProfit": 337100000,
        "grossProfitRatio": 0.3343582622,
        "researchAndDevelopmentExpenses": 0,
        "generalAndAdministrativeExpenses": 0,
        "sellingAndMarketingExpenses": 0,
        "sellingGeneralAndAdministrativeExpenses": 164200000,
        "otherExpenses": 34900000,
        "operatingExpenses": 199100000,
        "costAndExpenses": 870200000,
        "interestIncome": 0,
        "interestExpense": 0,
        "depreciationAndAmortization": 34900000,
        "ebitda": 172900000,
        "ebitdaratio": 0.1714937512,
        "operatingIncome": 138000000,
        "operatingIncomeRatio": 0.1368776037,
        "totalOtherIncomeExpensesNet": -6200000,
        "incomeBeforeTax": 131800000,
        "incomeBeforeTaxRatio": 0.1307280302,
        "incomeTaxExpense": 48900000,
        "netIncome": 82900000,
        "netIncomeRatio": 0.0822257489,
        "eps": 0.84,
        "epsdiluted": 0.83,
        "weightedAverageShsOut": 98690476,
        "weightedAverageShsOutDil": 99879518,
        "link": "https://www.sec.gov/Archives/edgar/data/14930/000001493097000007/0000014930-97-000007-index.html",
        "finalLink": "https://www.sec.gov/Archives/edgar/data/14930/"
    },
    {
        "date": "1997-03-31",
        "symbol": "BC",
        "reportedCurrency": "USD",
        "cik": "0000014930",
        "fillingDate": "1997-05-15",
        "acceptedDate": "1997-05-15 00:00:00",
        "calendarYear": "1997",
        "period": "Q1",
        "revenue": 841600000,
        "costOfRevenue": 563900000,
        "grossProfit": 277700000,
        "grossProfitRatio": 0.32996673,
        "researchAndDevelopmentExpenses": 0,
        "generalAndAdministrativeExpenses": 0,
        "sellingAndMarketingExpenses": 0,
        "sellingGeneralAndAdministrativeExpenses": 147200000,
        "otherExpenses": 37100000,
        "operatingExpenses": 184300000,
        "costAndExpenses": 748200000,
        "interestIncome": 0,
        "interestExpense": 0,
        "depreciationAndAmortization": 37100000,
        "ebitda": 130500000,
        "ebitdaratio": 0.1550617871,
        "operatingIncome": 93400000,
        "operatingIncomeRatio": 0.1109790875,
        "totalOtherIncomeExpensesNet": -8300000,
        "incomeBeforeTax": 85100000,
        "incomeBeforeTaxRatio": 0.1011169202,
        "incomeTaxExpense": 32400000,
        "netIncome": 52700000,
        "netIncomeRatio": 0.0626188213,
        "eps": 0.53,
        "epsdiluted": 0.53,
        "weightedAverageShsOut": 99433962,
        "weightedAverageShsOutDil": 99433962,
        "link": "https://www.sec.gov/Archives/edgar/data/14930/000001493097000003/0000014930-97-000003-index.html",
        "finalLink": "https://www.sec.gov/Archives/edgar/data/14930/"
    },
    {
        "date": "1996-12-31",
        "symbol": "BC",
        "reportedCurrency": "USD",
        "cik": "0000014930",
        "fillingDate": "1997-03-28",
        "acceptedDate": "1997-03-28 00:00:00",
        "calendarYear": "1996",
        "period": "Q4",
        "revenue": 799500000,
        "costOfRevenue": 561300000,
        "grossProfit": 238200000,
        "grossProfitRatio": 0.2979362101,
        "researchAndDevelopmentExpenses": 0,
        "generalAndAdministrativeExpenses": 0,
        "sellingAndMarketingExpenses": 0,
        "sellingGeneralAndAdministrativeExpenses": 147600000,
        "otherExpenses": 41700000,
        "operatingExpenses": 189300000,
        "costAndExpenses": 750600000,
        "interestIncome": 0,
        "interestExpense": 0,
        "depreciationAndAmortization": 41700000,
        "ebitda": 90600000,
        "ebitdaratio": 0.1133208255,
        "operatingIncome": 48900000,
        "operatingIncomeRatio": 0.061163227,
        "totalOtherIncomeExpensesNet": -5400000,
        "incomeBeforeTax": 43500000,
        "incomeBeforeTaxRatio": 0.0544090056,
        "incomeTaxExpense": 14400000,
        "netIncome": 29100000,
        "netIncomeRatio": 0.0363977486,
        "eps": 0.29,
        "epsdiluted": 0.29,
        "weightedAverageShsOut": 97567136,
        "weightedAverageShsOutDil": 99433962,
        "link": "https://www.sec.gov/Archives/edgar/data/14930/000095013197002142/0000950131-97-002142-index.html",
        "finalLink": "https://www.sec.gov/Archives/edgar/data/14930/"
    },
    {
        "date": "1996-09-30",
        "symbol": "BC",
        "reportedCurrency": "USD",
        "cik": "0000014930",
        "fillingDate": "1996-11-12",
        "acceptedDate": "1996-11-12 00:00:00",
        "calendarYear": "1996",
        "period": "Q3",
        "revenue": 763600000,
        "costOfRevenue": 528500000,
        "grossProfit": 235100000,
        "grossProfitRatio": 0.3078837087,
        "researchAndDevelopmentExpenses": 0,
        "generalAndAdministrativeExpenses": 0,
        "sellingAndMarketingExpenses": 0,
        "sellingGeneralAndAdministrativeExpenses": 141500000,
        "otherExpenses": 27600000,
        "operatingExpenses": 169100000,
        "costAndExpenses": 697600000,
        "interestIncome": 0,
        "interestExpense": 0,
        "depreciationAndAmortization": 28800000,
        "ebitda": 94800000,
        "ebitdaratio": 0.124148769,
        "operatingIncome": 66000000,
        "operatingIncomeRatio": 0.0864326873,
        "totalOtherIncomeExpensesNet": -5100000,
        "incomeBeforeTax": 60900000,
        "incomeBeforeTaxRatio": 0.0797537978,
        "incomeTaxExpense": 20400000,
        "netIncome": 40500000,
        "netIncomeRatio": 0.0530382399,
        "eps": 0.41,
        "epsdiluted": 0.41,
        "weightedAverageShsOut": 98780488,
        "weightedAverageShsOutDil": 98780488,
        "link": "https://www.sec.gov/Archives/edgar/data/14930/000001493096000007/0000014930-96-000007-index.html",
        "finalLink": "https://www.sec.gov/Archives/edgar/data/14930/"
    },
    {
        "date": "1996-06-30",
        "symbol": "BC",
        "reportedCurrency": "USD",
        "cik": "0000014930",
        "fillingDate": "1996-08-12",
        "acceptedDate": "1996-08-12 00:00:00",
        "calendarYear": "1996",
        "period": "Q2",
        "revenue": 858300000,
        "costOfRevenue": 571300000,
        "grossProfit": 287000000,
        "grossProfitRatio": 0.3343819177,
        "researchAndDevelopmentExpenses": 0,
        "generalAndAdministrativeExpenses": 0,
        "sellingAndMarketingExpenses": 0,
        "sellingGeneralAndAdministrativeExpenses": 143100000,
        "otherExpenses": 30600000,
        "operatingExpenses": 173700000,
        "costAndExpenses": 745000000,
        "interestIncome": 0,
        "interestExpense": 0,
        "depreciationAndAmortization": 29400000,
        "ebitda": 143900000,
        "ebitdaratio": 0.1676569964,
        "operatingIncome": 113300000,
        "operatingIncomeRatio": 0.1320051264,
        "totalOtherIncomeExpensesNet": -2200000,
        "incomeBeforeTax": 111100000,
        "incomeBeforeTaxRatio": 0.1294419201,
        "incomeTaxExpense": 41300000,
        "netIncome": 70800000,
        "netIncomeRatio": 0.0824886403,
        "eps": 0.72,
        "epsdiluted": 0.72,
        "weightedAverageShsOut": 98333333,
        "weightedAverageShsOutDil": 98333333,
        "link": "https://www.sec.gov/Archives/edgar/data/14930/000001493096000006/0000014930-96-000006-index.html",
        "finalLink": "https://www.sec.gov/Archives/edgar/data/14930/"
    },
    {
        "date": "1996-03-31",
        "symbol": "BC",
        "reportedCurrency": "USD",
        "cik": "0000014930",
        "fillingDate": "1996-05-15",
        "acceptedDate": "1996-05-15 00:00:00",
        "calendarYear": "1996",
        "period": "Q1",
        "revenue": 765800000,
        "costOfRevenue": 516800000,
        "grossProfit": 249000000,
        "grossProfitRatio": 0.3251501698,
        "researchAndDevelopmentExpenses": 0,
        "generalAndAdministrativeExpenses": 0,
        "sellingAndMarketingExpenses": 0,
        "sellingGeneralAndAdministrativeExpenses": 144200000,
        "otherExpenses": 29800000,
        "operatingExpenses": 174000000,
        "costAndExpenses": 690800000,
        "interestIncome": 0,
        "interestExpense": 0,
        "depreciationAndAmortization": 29800000,
        "ebitda": 104800000,
        "ebitdaratio": 0.1368503526,
        "operatingIncome": 75000000,
        "operatingIncomeRatio": 0.0979367981,
        "totalOtherIncomeExpensesNet": -1800000,
        "incomeBeforeTax": 73200000,
        "incomeBeforeTaxRatio": 0.095586315,
        "incomeTaxExpense": 27800000,
        "netIncome": 45400000,
        "netIncomeRatio": 0.0592844085,
        "eps": 0.46,
        "epsdiluted": 0.46,
        "weightedAverageShsOut": 98695652,
        "weightedAverageShsOutDil": 98695652,
        "link": "https://www.sec.gov/Archives/edgar/data/14930/000001493096000003/0000014930-96-000003-index.html",
        "finalLink": "https://www.sec.gov/Archives/edgar/data/14930/"
    },
    {
        "date": "1995-12-31",
        "symbol": "BC",
        "reportedCurrency": "USD",
        "cik": "0000014930",
        "fillingDate": "1996-03-28",
        "acceptedDate": "1996-03-28 00:00:00",
        "calendarYear": "1995",
        "period": "Q4",
        "revenue": 702300000,
        "costOfRevenue": 492000000,
        "grossProfit": 210300000,
        "grossProfitRatio": 0.2994446818,
        "researchAndDevelopmentExpenses": 0,
        "generalAndAdministrativeExpenses": 0,
        "sellingAndMarketingExpenses": 0,
        "sellingGeneralAndAdministrativeExpenses": 144000000,
        "otherExpenses": 30900000,
        "operatingExpenses": 174900000,
        "costAndExpenses": 666900000,
        "interestIncome": 0,
        "interestExpense": 0,
        "depreciationAndAmortization": 30900000,
        "ebitda": 66300000,
        "ebitdaratio": 0.0944041008,
        "operatingIncome": 35400000,
        "operatingIncomeRatio": 0.0504058095,
        "totalOtherIncomeExpensesNet": -2300000,
        "incomeBeforeTax": 33100000,
        "incomeBeforeTaxRatio": 0.0471308558,
        "incomeTaxExpense": 10900000,
        "netIncome": 22200000,
        "netIncomeRatio": 0.0316104229,
        "eps": 0.22,
        "epsdiluted": 0.22,
        "weightedAverageShsOut": 98695652,
        "weightedAverageShsOutDil": 98695652,
        "link": "https://www.sec.gov/Archives/edgar/data/14930/000001493096000002/0000014930-96-000002-index.html",
        "finalLink": "https://www.sec.gov/Archives/edgar/data/14930/"
    },
    {
        "date": "1995-09-30",
        "symbol": "BC",
        "reportedCurrency": "USD",
        "cik": "0000014930",
        "fillingDate": "1995-11-07",
        "acceptedDate": "1995-11-07 00:00:00",
        "calendarYear": "1995",
        "period": "Q3",
        "revenue": 725700000,
        "costOfRevenue": 497400000,
        "grossProfit": 228300000,
        "grossProfitRatio": 0.3145928069,
        "researchAndDevelopmentExpenses": 0,
        "generalAndAdministrativeExpenses": 0,
        "sellingAndMarketingExpenses": 0,
        "sellingGeneralAndAdministrativeExpenses": 140700000,
        "otherExpenses": 34500000,
        "operatingExpenses": 175200000,
        "costAndExpenses": 672600000,
        "interestIncome": 0,
        "interestExpense": 0,
        "depreciationAndAmortization": 34500000,
        "ebitda": 87600000,
        "ebitdaratio": 0.1207110376,
        "operatingIncome": 53100000,
        "operatingIncomeRatio": 0.0731707317,
        "totalOtherIncomeExpensesNet": 200000,
        "incomeBeforeTax": 53300000,
        "incomeBeforeTaxRatio": 0.0734463277,
        "incomeTaxExpense": 18600000,
        "netIncome": 34700000,
        "netIncomeRatio": 0.0478159019,
        "eps": 0.36,
        "epsdiluted": 0.36,
        "weightedAverageShsOut": 96388889,
        "weightedAverageShsOutDil": 96388889,
        "link": "https://www.sec.gov/Archives/edgar/data/14930/000001493095000012/0000014930-95-000012-index.html",
        "finalLink": "https://www.sec.gov/Archives/edgar/data/14930/"
    },
    {
        "date": "1995-06-30",
        "symbol": "BC",
        "reportedCurrency": "USD",
        "cik": "0000014930",
        "fillingDate": "1995-08-11",
        "acceptedDate": "1995-08-11 00:00:00",
        "calendarYear": "1995",
        "period": "Q2",
        "revenue": 839200000,
        "costOfRevenue": 568000000,
        "grossProfit": 271200000,
        "grossProfitRatio": 0.323164919,
        "researchAndDevelopmentExpenses": 0,
        "generalAndAdministrativeExpenses": 0,
        "sellingAndMarketingExpenses": 0,
        "sellingGeneralAndAdministrativeExpenses": 147400000,
        "otherExpenses": 26300000,
        "operatingExpenses": 173700000,
        "costAndExpenses": 741700000,
        "interestIncome": 0,
        "interestExpense": 0,
        "depreciationAndAmortization": 26300000,
        "ebitda": 123800000,
        "ebitdaratio": 0.147521449,
        "operatingIncome": 97500000,
        "operatingIncomeRatio": 0.1161820782,
        "totalOtherIncomeExpensesNet": -40100000,
        "incomeBeforeTax": 57400000,
        "incomeBeforeTaxRatio": 0.0683984747,
        "incomeTaxExpense": 20300000,
        "netIncome": 30100000,
        "netIncomeRatio": 0.0358674929,
        "eps": 0.31,
        "epsdiluted": 0.31,
        "weightedAverageShsOut": 97096774,
        "weightedAverageShsOutDil": 97096774,
        "link": "https://www.sec.gov/Archives/edgar/data/14930/000001493095000008/0000014930-95-000008-index.html",
        "finalLink": "https://www.sec.gov/Archives/edgar/data/14930/"
    },
    {
        "date": "1995-03-31",
        "symbol": "BC",
        "reportedCurrency": "USD",
        "cik": "0000014930",
        "fillingDate": "1995-05-12",
        "acceptedDate": "1995-05-12 00:00:00",
        "calendarYear": "1995",
        "period": "Q1",
        "revenue": 774200000,
        "costOfRevenue": 530000000,
        "grossProfit": 244200000,
        "grossProfitRatio": 0.3154223715,
        "researchAndDevelopmentExpenses": 0,
        "generalAndAdministrativeExpenses": 0,
        "sellingAndMarketingExpenses": 0,
        "sellingGeneralAndAdministrativeExpenses": 141800000,
        "otherExpenses": 28800000,
        "operatingExpenses": 170600000,
        "costAndExpenses": 700600000,
        "interestIncome": 0,
        "interestExpense": 0,
        "depreciationAndAmortization": 28800000,
        "ebitda": 102400000,
        "ebitdaratio": 0.1322655645,
        "operatingIncome": 73600000,
        "operatingIncomeRatio": 0.0950658745,
        "totalOtherIncomeExpensesNet": -9300000,
        "incomeBeforeTax": 64300000,
        "incomeBeforeTaxRatio": 0.0830534746,
        "incomeTaxExpense": 24100000,
        "netIncome": 40200000,
        "netIncomeRatio": 0.0519245673,
        "eps": 0.42,
        "epsdiluted": 0.42,
        "weightedAverageShsOut": 95714286,
        "weightedAverageShsOutDil": 95714286,
        "link": "https://www.sec.gov/Archives/edgar/data/14930/000001493095000006/0000014930-95-000006-index.html",
        "finalLink": "https://www.sec.gov/Archives/edgar/data/14930/"
    },
    {
        "date": "1994-12-31",
        "symbol": "BC",
        "reportedCurrency": "USD",
        "cik": "0000014930",
        "fillingDate": "1995-03-23",
        "acceptedDate": "1995-03-23 00:00:00",
        "calendarYear": "1994",
        "period": "Q4",
        "revenue": 654900000,
        "costOfRevenue": 452900000,
        "grossProfit": 202000000,
        "grossProfitRatio": 0.3084440373,
        "researchAndDevelopmentExpenses": 0,
        "generalAndAdministrativeExpenses": 0,
        "sellingAndMarketingExpenses": 0,
        "sellingGeneralAndAdministrativeExpenses": 142100000,
        "otherExpenses": 32400000,
        "operatingExpenses": 174500000,
        "costAndExpenses": 627400000,
        "interestIncome": 0,
        "interestExpense": 0,
        "depreciationAndAmortization": 32400000,
        "ebitda": 59900000,
        "ebitdaratio": 0.0914643457,
        "operatingIncome": 27500000,
        "operatingIncomeRatio": 0.0419911437,
        "totalOtherIncomeExpensesNet": -2600000,
        "incomeBeforeTax": 24900000,
        "incomeBeforeTaxRatio": 0.0380210719,
        "incomeTaxExpense": 6900000,
        "netIncome": 18000000,
        "netIncomeRatio": 0.0274851122,
        "eps": 0.19,
        "epsdiluted": 0.19,
        "weightedAverageShsOut": 95153257,
        "weightedAverageShsOutDil": 95714286,
        "link": "https://www.sec.gov/Archives/edgar/data/14930/000001493095000003/0000014930-95-000003-index.html",
        "finalLink": "https://www.sec.gov/Archives/edgar/data/14930/"
    },
    {
        "date": "1994-09-30",
        "symbol": "BC",
        "reportedCurrency": "USD",
        "cik": "0000014930",
        "fillingDate": "1994-11-14",
        "acceptedDate": "1994-11-14 00:00:00",
        "calendarYear": "1994",
        "period": "Q3",
        "revenue": 662100000,
        "costOfRevenue": 456200000,
        "grossProfit": 205900000,
        "grossProfitRatio": 0.3109802145,
        "researchAndDevelopmentExpenses": 0,
        "generalAndAdministrativeExpenses": 0,
        "sellingAndMarketingExpenses": 0,
        "sellingGeneralAndAdministrativeExpenses": 127700000,
        "otherExpenses": 28800000,
        "operatingExpenses": 156500000,
        "costAndExpenses": 612700000,
        "interestIncome": 0,
        "interestExpense": 0,
        "depreciationAndAmortization": 28800000,
        "ebitda": 78200000,
        "ebitdaratio": 0.118109047,
        "operatingIncome": 49400000,
        "operatingIncomeRatio": 0.0746110859,
        "totalOtherIncomeExpensesNet": -5400000,
        "incomeBeforeTax": 44000000,
        "incomeBeforeTaxRatio": 0.0664552182,
        "incomeTaxExpense": 14600000,
        "netIncome": 29400000,
        "netIncomeRatio": 0.0444041686,
        "eps": 0.31,
        "epsdiluted": 0.31,
        "weightedAverageShsOut": 94838710,
        "weightedAverageShsOutDil": 94838710,
        "link": "https://www.sec.gov/Archives/edgar/data/14930/000001493094000017/0000014930-94-000017-index.html",
        "finalLink": "https://www.sec.gov/Archives/edgar/data/14930/"
    },
    {
        "date": "1994-06-30",
        "symbol": "BC",
        "reportedCurrency": "USD",
        "cik": "0000014930",
        "fillingDate": "1994-08-10",
        "acceptedDate": "1994-08-10 00:00:00",
        "calendarYear": "1994",
        "period": "Q2",
        "revenue": 748200000,
        "costOfRevenue": 493200000,
        "grossProfit": 255000000,
        "grossProfitRatio": 0.3408179631,
        "researchAndDevelopmentExpenses": 0,
        "generalAndAdministrativeExpenses": 0,
        "sellingAndMarketingExpenses": 0,
        "sellingGeneralAndAdministrativeExpenses": 137000000,
        "otherExpenses": 29600000,
        "operatingExpenses": 166600000,
        "costAndExpenses": 659800000,
        "interestIncome": 0,
        "interestExpense": 0,
        "depreciationAndAmortization": 29600000,
        "ebitda": 118000000,
        "ebitdaratio": 0.1577118418,
        "operatingIncome": 88400000,
        "operatingIncomeRatio": 0.1181502272,
        "totalOtherIncomeExpensesNet": -700000,
        "incomeBeforeTax": 87700000,
        "incomeBeforeTaxRatio": 0.1172146485,
        "incomeTaxExpense": 32500000,
        "netIncome": 55200000,
        "netIncomeRatio": 0.073777065,
        "eps": 0.58,
        "epsdiluted": 0.58,
        "weightedAverageShsOut": 95172414,
        "weightedAverageShsOutDil": 95172414,
        "link": "https://www.sec.gov/Archives/edgar/data/14930/000001493094000009/0000014930-94-000009-index.html",
        "finalLink": "https://www.sec.gov/Archives/edgar/data/14930/"
    },
    {
        "date": "1994-03-31",
        "symbol": "BC",
        "reportedCurrency": "USD",
        "cik": "0000014930",
        "fillingDate": "1994-05-16",
        "acceptedDate": "1994-05-16 00:00:00",
        "calendarYear": "1994",
        "period": "Q1",
        "revenue": 634900000,
        "costOfRevenue": 429600000,
        "grossProfit": 205300000,
        "grossProfitRatio": 0.3233580091,
        "researchAndDevelopmentExpenses": 0,
        "generalAndAdministrativeExpenses": 0,
        "sellingAndMarketingExpenses": 0,
        "sellingGeneralAndAdministrativeExpenses": 131600000,
        "otherExpenses": 29000000,
        "operatingExpenses": 160600000,
        "costAndExpenses": 590200000,
        "interestIncome": 0,
        "interestExpense": 0,
        "depreciationAndAmortization": 29000000,
        "ebitda": 73700000,
        "ebitdaratio": 0.1160812726,
        "operatingIncome": 44700000,
        "operatingIncomeRatio": 0.0704047882,
        "totalOtherIncomeExpensesNet": -2900000,
        "incomeBeforeTax": 41800000,
        "incomeBeforeTaxRatio": 0.0658371397,
        "incomeTaxExpense": 15400000,
        "netIncome": 26400000,
        "netIncomeRatio": 0.0415813514,
        "eps": 0.28,
        "epsdiluted": 0.28,
        "weightedAverageShsOut": 94285714,
        "weightedAverageShsOutDil": 94285714,
        "link": "https://www.sec.gov/Archives/edgar/data/14930/000001493094000007/0000014930-94-000007-index.html",
        "finalLink": "https://www.sec.gov/Archives/edgar/data/14930/"
    },
    {
        "date": "1993-12-31",
        "symbol": "BC",
        "reportedCurrency": "USD",
        "cik": "0000014930",
        "fillingDate": "1994-03-29",
        "acceptedDate": "1994-03-29 00:00:00",
        "calendarYear": "1993",
        "period": "Q4",
        "revenue": 535600000,
        "costOfRevenue": 365200000,
        "grossProfit": 170400000,
        "grossProfitRatio": 0.3181478715,
        "researchAndDevelopmentExpenses": 0,
        "generalAndAdministrativeExpenses": 0,
        "sellingAndMarketingExpenses": 0,
        "sellingGeneralAndAdministrativeExpenses": 123000000,
        "otherExpenses": 34000000,
        "operatingExpenses": 157000000,
        "costAndExpenses": 522200000,
        "interestIncome": 0,
        "interestExpense": 0,
        "depreciationAndAmortization": 34000000,
        "ebitda": 47400000,
        "ebitdaratio": 0.0884988798,
        "operatingIncome": 13400000,
        "operatingIncomeRatio": 0.0250186706,
        "totalOtherIncomeExpensesNet": -3500000,
        "incomeBeforeTax": 9900000,
        "incomeBeforeTaxRatio": 0.0184839432,
        "incomeTaxExpense": 2900000,
        "netIncome": -19800000,
        "netIncomeRatio": -0.0369678865,
        "eps": -0.21,
        "epsdiluted": -0.21,
        "weightedAverageShsOut": 94285714,
        "weightedAverageShsOutDil": 94285714,
        "link": "https://www.sec.gov/Archives/edgar/data/14930/000001493094000004/0000014930-94-000004-index.html",
        "finalLink": "https://www.sec.gov/Archives/edgar/data/14930/"
    },
    {
        "date": "1993-09-30",
        "symbol": "BC",
        "reportedCurrency": "USD",
        "cik": "0000014930",
        "fillingDate": "1993-09-30",
        "acceptedDate": "1993-09-29 20:00:00",
        "calendarYear": "1993",
        "period": "Q3",
        "revenue": 539400000,
        "costOfRevenue": 379400000,
        "grossProfit": 160000000,
        "grossProfitRatio": 0.2966258806,
        "researchAndDevelopmentExpenses": 0,
        "generalAndAdministrativeExpenses": 0,
        "sellingAndMarketingExpenses": 0,
        "sellingGeneralAndAdministrativeExpenses": 111900000,
        "otherExpenses": 25900000,
        "operatingExpenses": 137800000,
        "costAndExpenses": 517200000,
        "interestIncome": 0,
        "interestExpense": 0,
        "depreciationAndAmortization": 25900000,
        "ebitda": 48100000,
        "ebitdaratio": 0.0891731554,
        "operatingIncome": 22200000,
        "operatingIncomeRatio": 0.0411568409,
        "totalOtherIncomeExpensesNet": -3400000,
        "incomeBeforeTax": 18800000,
        "incomeBeforeTaxRatio": 0.034853541,
        "incomeTaxExpense": 3600000,
        "netIncome": 10600000,
        "netIncomeRatio": 0.0196514646,
        "eps": 0.11,
        "epsdiluted": 0.11,
        "weightedAverageShsOut": 96363636,
        "weightedAverageShsOutDil": 96363636,
        "link": "",
        "finalLink": ""
    },
    {
        "date": "1993-06-30",
        "symbol": "BC",
        "reportedCurrency": "USD",
        "cik": "0000014930",
        "fillingDate": "1993-06-30",
        "acceptedDate": "1993-06-29 20:00:00",
        "calendarYear": "1993",
        "period": "Q2",
        "revenue": 589000000,
        "costOfRevenue": 400400000,
        "grossProfit": 188600000,
        "grossProfitRatio": 0.3202037351,
        "researchAndDevelopmentExpenses": 0,
        "generalAndAdministrativeExpenses": 0,
        "sellingAndMarketingExpenses": 0,
        "sellingGeneralAndAdministrativeExpenses": 116900000,
        "otherExpenses": 29000000,
        "operatingExpenses": 145900000,
        "costAndExpenses": 546300000,
        "interestIncome": 0,
        "interestExpense": 0,
        "depreciationAndAmortization": 29000000,
        "ebitda": 71700000,
        "ebitdaratio": 0.1217317487,
        "operatingIncome": 42700000,
        "operatingIncomeRatio": 0.0724957555,
        "totalOtherIncomeExpensesNet": -2500000,
        "incomeBeforeTax": 40200000,
        "incomeBeforeTaxRatio": 0.0682512733,
        "incomeTaxExpense": 17700000,
        "netIncome": 23300000,
        "netIncomeRatio": 0.0395585739,
        "eps": 0.25,
        "epsdiluted": 0.25,
        "weightedAverageShsOut": 93200000,
        "weightedAverageShsOutDil": 93200000,
        "link": "",
        "finalLink": ""
    },
    {
        "date": "1993-03-31",
        "symbol": "BC",
        "reportedCurrency": "USD",
        "cik": "0000014930",
        "fillingDate": "1993-03-31",
        "acceptedDate": "1993-03-30 19:00:00",
        "calendarYear": "1993",
        "period": "Q1",
        "revenue": 542800000,
        "costOfRevenue": 373800000,
        "grossProfit": 169000000,
        "grossProfitRatio": 0.311348563,
        "researchAndDevelopmentExpenses": 0,
        "generalAndAdministrativeExpenses": 0,
        "sellingAndMarketingExpenses": 0,
        "sellingGeneralAndAdministrativeExpenses": 118600000,
        "otherExpenses": 28900000,
        "operatingExpenses": 147500000,
        "costAndExpenses": 521300000,
        "interestIncome": 0,
        "interestExpense": 0,
        "depreciationAndAmortization": 28900000,
        "ebitda": 50400000,
        "ebitdaratio": 0.0928518791,
        "operatingIncome": 21500000,
        "operatingIncomeRatio": 0.0396094326,
        "totalOtherIncomeExpensesNet": -3900000,
        "incomeBeforeTax": 17600000,
        "incomeBeforeTaxRatio": 0.0324244657,
        "incomeTaxExpense": 7800000,
        "netIncome": 9000000,
        "netIncomeRatio": 0.0165806927,
        "eps": 0.09,
        "epsdiluted": 0.09,
        "weightedAverageShsOut": 100000000,
        "weightedAverageShsOutDil": 100000000,
        "link": "",
        "finalLink": ""
    },
    {
        "date": "1992-12-31",
        "symbol": "BC",
        "reportedCurrency": "USD",
        "cik": "0000014930",
        "fillingDate": "1992-12-31",
        "acceptedDate": "1992-12-30 19:00:00",
        "calendarYear": "1992",
        "period": "Q4",
        "revenue": 341400000,
        "costOfRevenue": 217300000,
        "grossProfit": 124100000,
        "grossProfitRatio": 0.363503222,
        "researchAndDevelopmentExpenses": 0,
        "generalAndAdministrativeExpenses": 0,
        "sellingAndMarketingExpenses": 0,
        "sellingGeneralAndAdministrativeExpenses": 101400000,
        "otherExpenses": 23500000,
        "operatingExpenses": 124900000,
        "costAndExpenses": 342200000,
        "interestIncome": 0,
        "interestExpense": 0,
        "depreciationAndAmortization": 23500000,
        "ebitda": 22700000,
        "ebitdaratio": 0.0664909197,
        "operatingIncome": -800000,
        "operatingIncomeRatio": -0.0023432923,
        "totalOtherIncomeExpensesNet": -4200000,
        "incomeBeforeTax": -5000000,
        "incomeBeforeTaxRatio": -0.014645577,
        "incomeTaxExpense": -1800000,
        "netIncome": -69200000,
        "netIncomeRatio": -0.2026947862,
        "eps": -0.69,
        "epsdiluted": -0.69,
        "weightedAverageShsOut": 100000000,
        "weightedAverageShsOutDil": 100000000,
        "link": "",
        "finalLink": ""
    },
    {
        "date": "1992-09-30",
        "symbol": "BC",
        "reportedCurrency": "USD",
        "cik": "0000014930",
        "fillingDate": "1992-09-30",
        "acceptedDate": "1992-09-29 20:00:00",
        "calendarYear": "1992",
        "period": "Q3",
        "revenue": 545400000,
        "costOfRevenue": 391200000,
        "grossProfit": 154200000,
        "grossProfitRatio": 0.2827282728,
        "researchAndDevelopmentExpenses": 0,
        "generalAndAdministrativeExpenses": 0,
        "sellingAndMarketingExpenses": 0,
        "sellingGeneralAndAdministrativeExpenses": 104000000,
        "otherExpenses": 31200000,
        "operatingExpenses": 135200000,
        "costAndExpenses": 526400000,
        "interestIncome": 0,
        "interestExpense": 0,
        "depreciationAndAmortization": 31200000,
        "ebitda": 50200000,
        "ebitdaratio": 0.0920425376,
        "operatingIncome": 19000000,
        "operatingIncomeRatio": 0.034836817,
        "totalOtherIncomeExpensesNet": -3500000,
        "incomeBeforeTax": 15500000,
        "incomeBeforeTaxRatio": 0.0284195086,
        "incomeTaxExpense": 4300000,
        "netIncome": 11200000,
        "netIncomeRatio": 0.0205353869,
        "eps": 0.12,
        "epsdiluted": 0.12,
        "weightedAverageShsOut": 93333333,
        "weightedAverageShsOutDil": 93333333,
        "link": "",
        "finalLink": ""
    },
    {
        "date": "1992-06-30",
        "symbol": "BC",
        "reportedCurrency": "USD",
        "cik": "0000014930",
        "fillingDate": "1992-06-30",
        "acceptedDate": "1992-06-29 20:00:00",
        "calendarYear": "1992",
        "period": "Q2",
        "revenue": 584500000,
        "costOfRevenue": 408600000,
        "grossProfit": 175900000,
        "grossProfitRatio": 0.3009409752,
        "researchAndDevelopmentExpenses": 0,
        "generalAndAdministrativeExpenses": 0,
        "sellingAndMarketingExpenses": 0,
        "sellingGeneralAndAdministrativeExpenses": 109800000,
        "otherExpenses": 30400000,
        "operatingExpenses": 140200000,
        "costAndExpenses": 548800000,
        "interestIncome": 0,
        "interestExpense": 0,
        "depreciationAndAmortization": 30400000,
        "ebitda": 66100000,
        "ebitdaratio": 0.1130881095,
        "operatingIncome": 35700000,
        "operatingIncomeRatio": 0.0610778443,
        "totalOtherIncomeExpensesNet": -4000000,
        "incomeBeforeTax": 31700000,
        "incomeBeforeTaxRatio": 0.0542343884,
        "incomeTaxExpense": 12200000,
        "netIncome": 19500000,
        "netIncomeRatio": 0.0333618477,
        "eps": 0.21,
        "epsdiluted": 0.21,
        "weightedAverageShsOut": 92857143,
        "weightedAverageShsOutDil": 92857143,
        "link": "",
        "finalLink": ""
    },
    {
        "date": "1992-03-31",
        "symbol": "BC",
        "reportedCurrency": "USD",
        "cik": "0000014930",
        "fillingDate": "1992-03-31",
        "acceptedDate": "1992-03-30 19:00:00",
        "calendarYear": "1992",
        "period": "Q1",
        "revenue": 588100000,
        "costOfRevenue": 421100000,
        "grossProfit": 167000000,
        "grossProfitRatio": 0.283965312,
        "researchAndDevelopmentExpenses": 0,
        "generalAndAdministrativeExpenses": 0,
        "sellingAndMarketingExpenses": 0,
        "sellingGeneralAndAdministrativeExpenses": 110300000,
        "otherExpenses": 30800000,
        "operatingExpenses": 141100000,
        "costAndExpenses": 562200000,
        "interestIncome": 0,
        "interestExpense": 0,
        "depreciationAndAmortization": 30800000,
        "ebitda": 56700000,
        "ebitdaratio": 0.0964121748,
        "operatingIncome": 25900000,
        "operatingIncomeRatio": 0.0440401292,
        "totalOtherIncomeExpensesNet": -6100000,
        "incomeBeforeTax": 19800000,
        "incomeBeforeTaxRatio": 0.0336677436,
        "incomeTaxExpense": 7600000,
        "netIncome": 12200000,
        "netIncomeRatio": 0.0207447713,
        "eps": 0.14,
        "epsdiluted": 0.14,
        "weightedAverageShsOut": 87142857,
        "weightedAverageShsOutDil": 87142857,
        "link": "",
        "finalLink": ""
    },
    {
        "date": "1991-12-31",
        "symbol": "BC",
        "reportedCurrency": "USD",
        "cik": "0000014930",
        "fillingDate": "1991-12-31",
        "acceptedDate": "1991-12-30 19:00:00",
        "calendarYear": "1991",
        "period": "Q4",
        "revenue": 523500000,
        "costOfRevenue": 379200000,
        "grossProfit": 144300000,
        "grossProfitRatio": 0.2756446991,
        "researchAndDevelopmentExpenses": 0,
        "generalAndAdministrativeExpenses": 0,
        "sellingAndMarketingExpenses": 0,
        "sellingGeneralAndAdministrativeExpenses": 115400000,
        "otherExpenses": 32700000,
        "operatingExpenses": 148100000,
        "costAndExpenses": 527300000,
        "interestIncome": 0,
        "interestExpense": 0,
        "depreciationAndAmortization": 32700000,
        "ebitda": 28900000,
        "ebitdaratio": 0.0552053486,
        "operatingIncome": -3800000,
        "operatingIncomeRatio": -0.0072588348,
        "totalOtherIncomeExpensesNet": -4500000,
        "incomeBeforeTax": -8300000,
        "incomeBeforeTaxRatio": -0.0158548233,
        "incomeTaxExpense": 5400000,
        "netIncome": -13700000,
        "netIncomeRatio": -0.0261700096,
        "eps": -0.16,
        "epsdiluted": -0.16,
        "weightedAverageShsOut": 87142857,
        "weightedAverageShsOutDil": 87142857,
        "link": "",
        "finalLink": ""
    },
    {
        "date": "1991-09-30",
        "symbol": "BC",
        "reportedCurrency": "USD",
        "cik": "0000014930",
        "fillingDate": "1991-09-30",
        "acceptedDate": "1991-09-29 20:00:00",
        "calendarYear": "1991",
        "period": "Q3",
        "revenue": 525100000,
        "costOfRevenue": 373200000,
        "grossProfit": 151900000,
        "grossProfitRatio": 0.2892782327,
        "researchAndDevelopmentExpenses": 0,
        "generalAndAdministrativeExpenses": 0,
        "sellingAndMarketingExpenses": 0,
        "sellingGeneralAndAdministrativeExpenses": 101500000,
        "otherExpenses": 33000000,
        "operatingExpenses": 134500000,
        "costAndExpenses": 507700000,
        "interestIncome": 0,
        "interestExpense": 0,
        "depreciationAndAmortization": 33000000,
        "ebitda": 50400000,
        "ebitdaratio": 0.0959817178,
        "operatingIncome": 17400000,
        "operatingIncomeRatio": 0.0331365454,
        "totalOtherIncomeExpensesNet": -7000000,
        "incomeBeforeTax": 10400000,
        "incomeBeforeTaxRatio": 0.0198057513,
        "incomeTaxExpense": 2900000,
        "netIncome": 7500000,
        "netIncomeRatio": 0.0142829937,
        "eps": 0.08,
        "epsdiluted": 0.08,
        "weightedAverageShsOut": 93750000,
        "weightedAverageShsOutDil": 93750000,
        "link": "",
        "finalLink": ""
    },
    {
        "date": "1991-06-30",
        "symbol": "BC",
        "reportedCurrency": "USD",
        "cik": "0000014930",
        "fillingDate": "1991-06-30",
        "acceptedDate": "1991-06-29 20:00:00",
        "calendarYear": "1991",
        "period": "Q2",
        "revenue": 546700000,
        "costOfRevenue": 379900000,
        "grossProfit": 166800000,
        "grossProfitRatio": 0.3051033474,
        "researchAndDevelopmentExpenses": 0,
        "generalAndAdministrativeExpenses": 0,
        "sellingAndMarketingExpenses": 0,
        "sellingGeneralAndAdministrativeExpenses": 135900000,
        "otherExpenses": 33600000,
        "operatingExpenses": 169500000,
        "costAndExpenses": 549400000,
        "interestIncome": 0,
        "interestExpense": 0,
        "depreciationAndAmortization": 33600000,
        "ebitda": 30900000,
        "ebitdaratio": 0.0565209438,
        "operatingIncome": -2700000,
        "operatingIncomeRatio": -0.0049387232,
        "totalOtherIncomeExpensesNet": -5200000,
        "incomeBeforeTax": -7900000,
        "incomeBeforeTaxRatio": -0.0144503384,
        "incomeTaxExpense": 1100000,
        "netIncome": -9000000,
        "netIncomeRatio": -0.0164624108,
        "eps": -0.1,
        "epsdiluted": -0.1,
        "weightedAverageShsOut": 90000000,
        "weightedAverageShsOutDil": 90000000,
        "link": "",
        "finalLink": ""
    },
    {
        "date": "1991-03-31",
        "symbol": "BC",
        "reportedCurrency": "USD",
        "cik": "0000014930",
        "fillingDate": "1991-03-31",
        "acceptedDate": "1991-03-30 19:00:00",
        "calendarYear": "1991",
        "period": "Q1",
        "revenue": 493000000,
        "costOfRevenue": 361700000,
        "grossProfit": 131300000,
        "grossProfitRatio": 0.2663286004,
        "researchAndDevelopmentExpenses": 0,
        "generalAndAdministrativeExpenses": 0,
        "sellingAndMarketingExpenses": 0,
        "sellingGeneralAndAdministrativeExpenses": 108200000,
        "otherExpenses": 34100000,
        "operatingExpenses": 142300000,
        "costAndExpenses": 504000000,
        "interestIncome": 0,
        "interestExpense": 0,
        "depreciationAndAmortization": 34100000,
        "ebitda": 23100000,
        "ebitdaratio": 0.0468559838,
        "operatingIncome": -11000000,
        "operatingIncomeRatio": -0.0223123732,
        "totalOtherIncomeExpensesNet": -5400000,
        "incomeBeforeTax": -16400000,
        "incomeBeforeTaxRatio": -0.0332657201,
        "incomeTaxExpense": -7900000,
        "netIncome": -8500000,
        "netIncomeRatio": -0.0172413793,
        "eps": -0.1,
        "epsdiluted": -0.1,
        "weightedAverageShsOut": 85000000,
        "weightedAverageShsOutDil": 85000000,
        "link": "",
        "finalLink": ""
    },
    {
        "date": "1990-12-31",
        "symbol": "BC",
        "reportedCurrency": "USD",
        "cik": "0000014930",
        "fillingDate": "1990-12-31",
        "acceptedDate": "1990-12-30 19:00:00",
        "calendarYear": "1990",
        "period": "Q4",
        "revenue": 533700000,
        "costOfRevenue": 384400000,
        "grossProfit": 149300000,
        "grossProfitRatio": 0.2797451752,
        "researchAndDevelopmentExpenses": 0,
        "generalAndAdministrativeExpenses": 0,
        "sellingAndMarketingExpenses": 0,
        "sellingGeneralAndAdministrativeExpenses": 128700000,
        "otherExpenses": 38400000,
        "operatingExpenses": 167100000,
        "costAndExpenses": 551500000,
        "interestIncome": 0,
        "interestExpense": 0,
        "depreciationAndAmortization": 38400000,
        "ebitda": 20600000,
        "ebitdaratio": 0.0385984636,
        "operatingIncome": -17800000,
        "operatingIncomeRatio": -0.0333520705,
        "totalOtherIncomeExpensesNet": -9300000,
        "incomeBeforeTax": -27100000,
        "incomeBeforeTaxRatio": -0.0507775904,
        "incomeTaxExpense": -10000000,
        "netIncome": -17100000,
        "netIncomeRatio": -0.0320404722,
        "eps": -0.2,
        "epsdiluted": -0.2,
        "weightedAverageShsOut": 85000000,
        "weightedAverageShsOutDil": 85000000,
        "link": "",
        "finalLink": ""
    },
    {
        "date": "1990-09-30",
        "symbol": "BC",
        "reportedCurrency": "USD",
        "cik": "0000014930",
        "fillingDate": "1990-09-30",
        "acceptedDate": "1990-09-29 20:00:00",
        "calendarYear": "1990",
        "period": "Q3",
        "revenue": 587900000,
        "costOfRevenue": 421100000,
        "grossProfit": 166800000,
        "grossProfitRatio": 0.2837217214,
        "researchAndDevelopmentExpenses": 0,
        "generalAndAdministrativeExpenses": 0,
        "sellingAndMarketingExpenses": 0,
        "sellingGeneralAndAdministrativeExpenses": 114500000,
        "otherExpenses": 35100000,
        "operatingExpenses": 149600000,
        "costAndExpenses": 570700000,
        "interestIncome": 0,
        "interestExpense": 0,
        "depreciationAndAmortization": 35100000,
        "ebitda": 52300000,
        "ebitdaratio": 0.0889607076,
        "operatingIncome": 17200000,
        "operatingIncomeRatio": 0.0292566763,
        "totalOtherIncomeExpensesNet": 77000000,
        "incomeBeforeTax": 94200000,
        "incomeBeforeTaxRatio": 0.1602313319,
        "incomeTaxExpense": 40400000,
        "netIncome": 53800000,
        "netIncomeRatio": 0.0915121619,
        "eps": 0.61,
        "epsdiluted": 0.61,
        "weightedAverageShsOut": 88196721,
        "weightedAverageShsOutDil": 88196721,
        "link": "",
        "finalLink": ""
    },
    {
        "date": "1990-06-30",
        "symbol": "BC",
        "reportedCurrency": "USD",
        "cik": "0000014930",
        "fillingDate": "1990-06-30",
        "acceptedDate": "1990-06-29 20:00:00",
        "calendarYear": "1990",
        "period": "Q2",
        "revenue": 670400000,
        "costOfRevenue": 474600000,
        "grossProfit": 195800000,
        "grossProfitRatio": 0.2920644391,
        "researchAndDevelopmentExpenses": 0,
        "generalAndAdministrativeExpenses": 0,
        "sellingAndMarketingExpenses": 0,
        "sellingGeneralAndAdministrativeExpenses": 120600000,
        "otherExpenses": 35600000,
        "operatingExpenses": 156200000,
        "costAndExpenses": 630800000,
        "interestIncome": 0,
        "interestExpense": 0,
        "depreciationAndAmortization": 35600000,
        "ebitda": 75200000,
        "ebitdaratio": 0.1121718377,
        "operatingIncome": 39600000,
        "operatingIncomeRatio": 0.0590692124,
        "totalOtherIncomeExpensesNet": -7900000,
        "incomeBeforeTax": 31700000,
        "incomeBeforeTaxRatio": 0.0472852029,
        "incomeTaxExpense": 12200000,
        "netIncome": 19500000,
        "netIncomeRatio": 0.0290871122,
        "eps": 0.22,
        "epsdiluted": 0.22,
        "weightedAverageShsOut": 88636364,
        "weightedAverageShsOutDil": 88636364,
        "link": "",
        "finalLink": ""
    },
    {
        "date": "1990-03-31",
        "symbol": "BC",
        "reportedCurrency": "USD",
        "cik": "0000014930",
        "fillingDate": "1990-03-31",
        "acceptedDate": "1990-03-30 19:00:00",
        "calendarYear": "1990",
        "period": "Q1",
        "revenue": 685600000,
        "costOfRevenue": 488400000,
        "grossProfit": 197200000,
        "grossProfitRatio": 0.2876312719,
        "researchAndDevelopmentExpenses": 0,
        "generalAndAdministrativeExpenses": 0,
        "sellingAndMarketingExpenses": 0,
        "sellingGeneralAndAdministrativeExpenses": 126400000,
        "otherExpenses": 36500000,
        "operatingExpenses": 162900000,
        "costAndExpenses": 651300000,
        "interestIncome": 0,
        "interestExpense": 0,
        "depreciationAndAmortization": 36500000,
        "ebitda": 70800000,
        "ebitdaratio": 0.1032672112,
        "operatingIncome": 34300000,
        "operatingIncomeRatio": 0.0500291715,
        "totalOtherIncomeExpensesNet": -10400000,
        "incomeBeforeTax": 23900000,
        "incomeBeforeTaxRatio": 0.0348599767,
        "incomeTaxExpense": 9200000,
        "netIncome": 14700000,
        "netIncomeRatio": 0.0214410735,
        "eps": 0.17,
        "epsdiluted": 0.17,
        "weightedAverageShsOut": 86470588,
        "weightedAverageShsOutDil": 86470588,
        "link": "",
        "finalLink": ""
    },
    {
        "date": "1989-12-31",
        "symbol": "BC",
        "reportedCurrency": "USD",
        "cik": "0000014930",
        "fillingDate": "1989-12-31",
        "acceptedDate": "1989-12-30 19:00:00",
        "calendarYear": "1989",
        "period": "Q4",
        "revenue": 635400000,
        "costOfRevenue": 464600000,
        "grossProfit": 170800000,
        "grossProfitRatio": 0.2688070507,
        "researchAndDevelopmentExpenses": 0,
        "generalAndAdministrativeExpenses": 0,
        "sellingAndMarketingExpenses": 0,
        "sellingGeneralAndAdministrativeExpenses": 125200000,
        "otherExpenses": 41200000,
        "operatingExpenses": 166400000,
        "costAndExpenses": 631000000,
        "interestIncome": 0,
        "interestExpense": 0,
        "depreciationAndAmortization": 41200000,
        "ebitda": 45600000,
        "ebitdaratio": 0.0717658168,
        "operatingIncome": 4400000,
        "operatingIncomeRatio": 0.0069247718,
        "totalOtherIncomeExpensesNet": -14800000,
        "incomeBeforeTax": -10400000,
        "incomeBeforeTaxRatio": -0.0163676424,
        "incomeTaxExpense": -4500000,
        "netIncome": -5900000,
        "netIncomeRatio": -0.0092854895,
        "eps": -0.0682,
        "epsdiluted": -0.0682,
        "weightedAverageShsOut": 86470588,
        "weightedAverageShsOutDil": 86470588,
        "link": "",
        "finalLink": ""
    },
    {
        "date": "1989-09-30",
        "symbol": "BC",
        "reportedCurrency": "USD",
        "cik": "0000014930",
        "fillingDate": "1989-09-30",
        "acceptedDate": "1989-09-29 20:00:00",
        "calendarYear": "1989",
        "period": "Q3",
        "revenue": 627700000,
        "costOfRevenue": 474200000,
        "grossProfit": 153500000,
        "grossProfitRatio": 0.2445435718,
        "researchAndDevelopmentExpenses": 0,
        "generalAndAdministrativeExpenses": 0,
        "sellingAndMarketingExpenses": 0,
        "sellingGeneralAndAdministrativeExpenses": 229200000,
        "otherExpenses": 39500000,
        "operatingExpenses": 268700000,
        "costAndExpenses": 742900000,
        "interestIncome": 0,
        "interestExpense": 0,
        "depreciationAndAmortization": 39500000,
        "ebitda": -75700000,
        "ebitdaratio": -0.1205990123,
        "operatingIncome": -115200000,
        "operatingIncomeRatio": -0.1835271627,
        "totalOtherIncomeExpensesNet": -13600000,
        "incomeBeforeTax": -128800000,
        "incomeBeforeTaxRatio": -0.2051935638,
        "incomeTaxExpense": -25700000,
        "netIncome": -103100000,
        "netIncomeRatio": -0.1642504381,
        "eps": -1.17,
        "epsdiluted": -1.17,
        "weightedAverageShsOut": 88119658,
        "weightedAverageShsOutDil": 88119658,
        "link": "",
        "finalLink": ""
    },
    {
        "date": "1989-06-30",
        "symbol": "BC",
        "reportedCurrency": "USD",
        "cik": "0000014930",
        "fillingDate": "1989-06-30",
        "acceptedDate": "1989-06-29 20:00:00",
        "calendarYear": "1989",
        "period": "Q2",
        "revenue": 771900000,
        "costOfRevenue": 547900000,
        "grossProfit": 224000000,
        "grossProfitRatio": 0.2901930302,
        "researchAndDevelopmentExpenses": 0,
        "generalAndAdministrativeExpenses": 0,
        "sellingAndMarketingExpenses": 0,
        "sellingGeneralAndAdministrativeExpenses": 136100000,
        "otherExpenses": 39900000,
        "operatingExpenses": 176000000,
        "costAndExpenses": 723900000,
        "interestIncome": 0,
        "interestExpense": 0,
        "depreciationAndAmortization": 39900000,
        "ebitda": 87900000,
        "ebitdaratio": 0.1138748543,
        "operatingIncome": 48000000,
        "operatingIncomeRatio": 0.0621842208,
        "totalOtherIncomeExpensesNet": -14400000,
        "incomeBeforeTax": 33600000,
        "incomeBeforeTaxRatio": 0.0435289545,
        "incomeTaxExpense": 13100000,
        "netIncome": 20500000,
        "netIncomeRatio": 0.0265578443,
        "eps": 0.23,
        "epsdiluted": 0.23,
        "weightedAverageShsOut": 89130435,
        "weightedAverageShsOutDil": 89130435,
        "link": "",
        "finalLink": ""
    },
    {
        "date": "1989-03-31",
        "symbol": "BC",
        "reportedCurrency": "USD",
        "cik": "0000014930",
        "fillingDate": "1989-03-31",
        "acceptedDate": "1989-03-30 19:00:00",
        "calendarYear": "1989",
        "period": "Q1",
        "revenue": 791100000,
        "costOfRevenue": 0,
        "grossProfit": 791100000,
        "grossProfitRatio": 1,
        "researchAndDevelopmentExpenses": 0,
        "generalAndAdministrativeExpenses": 0,
        "sellingAndMarketingExpenses": 0,
        "sellingGeneralAndAdministrativeExpenses": 0,
        "otherExpenses": 0,
        "operatingExpenses": 0,
        "costAndExpenses": 0,
        "interestIncome": 0,
        "interestExpense": 0,
        "depreciationAndAmortization": 0,
        "ebitda": 791100000,
        "ebitdaratio": 1,
        "operatingIncome": 791100000,
        "operatingIncomeRatio": 1,
        "totalOtherIncomeExpensesNet": 0,
        "incomeBeforeTax": 791100000,
        "incomeBeforeTaxRatio": 1,
        "incomeTaxExpense": 0,
        "netIncome": 17200000,
        "netIncomeRatio": 0.0217418784,
        "eps": 0.2,
        "epsdiluted": 0.2,
        "weightedAverageShsOut": 86960000,
        "weightedAverageShsOutDil": 86960000,
        "link": "",
        "finalLink": ""
    },
    {
        "date": "1988-12-31",
        "symbol": "BC",
        "reportedCurrency": "USD",
        "cik": "0000014930",
        "fillingDate": "1988-12-31",
        "acceptedDate": "1988-12-30 19:00:00",
        "calendarYear": "1988",
        "period": "Q4",
        "revenue": 752000000,
        "costOfRevenue": 0,
        "grossProfit": 752000000,
        "grossProfitRatio": 1,
        "researchAndDevelopmentExpenses": 0,
        "generalAndAdministrativeExpenses": 0,
        "sellingAndMarketingExpenses": 0,
        "sellingGeneralAndAdministrativeExpenses": 0,
        "otherExpenses": 2957700000,
        "operatingExpenses": 2957700000,
        "costAndExpenses": 2957700000,
        "interestIncome": 0,
        "interestExpense": 0,
        "depreciationAndAmortization": 0,
        "ebitda": -2205700000,
        "ebitdaratio": -2.9331117021,
        "operatingIncome": -2205700000,
        "operatingIncomeRatio": -2.9331117021,
        "totalOtherIncomeExpensesNet": 0,
        "incomeBeforeTax": -2205700000,
        "incomeBeforeTaxRatio": -2.9331117021,
        "incomeTaxExpense": 0,
        "netIncome": 17000000,
        "netIncomeRatio": 0.022606383,
        "eps": 0.2,
        "epsdiluted": 0.2,
        "weightedAverageShsOut": 86600000,
        "weightedAverageShsOutDil": 86960000,
        "link": "",
        "finalLink": ""
    },
    {
        "date": "1988-09-30",
        "symbol": "BC",
        "reportedCurrency": "USD",
        "cik": "0000014930",
        "fillingDate": "1988-09-30",
        "acceptedDate": "1988-09-29 20:00:00",
        "calendarYear": "1988",
        "period": "Q3",
        "revenue": 767900000,
        "costOfRevenue": 0,
        "grossProfit": 767900000,
        "grossProfitRatio": 1,
        "researchAndDevelopmentExpenses": 0,
        "generalAndAdministrativeExpenses": 0,
        "sellingAndMarketingExpenses": 0,
        "sellingGeneralAndAdministrativeExpenses": 0,
        "otherExpenses": 0,
        "operatingExpenses": 0,
        "costAndExpenses": 0,
        "interestIncome": 0,
        "interestExpense": 0,
        "depreciationAndAmortization": 0,
        "ebitda": 767900000,
        "ebitdaratio": 1,
        "operatingIncome": 767900000,
        "operatingIncomeRatio": 1,
        "totalOtherIncomeExpensesNet": 0,
        "incomeBeforeTax": 767900000,
        "incomeBeforeTaxRatio": 1,
        "incomeTaxExpense": 0,
        "netIncome": 43200000,
        "netIncomeRatio": 0.0562573252,
        "eps": 0.5,
        "epsdiluted": 0.5,
        "weightedAverageShsOut": 86675000,
        "weightedAverageShsOutDil": 86675000,
        "link": "",
        "finalLink": ""
    },
    {
        "date": "1988-06-30",
        "symbol": "BC",
        "reportedCurrency": "USD",
        "cik": "0000014930",
        "fillingDate": "1988-06-30",
        "acceptedDate": "1988-06-29 20:00:00",
        "calendarYear": "1988",
        "period": "Q2",
        "revenue": 889000000,
        "costOfRevenue": 0,
        "grossProfit": 889000000,
        "grossProfitRatio": 1,
        "researchAndDevelopmentExpenses": 0,
        "generalAndAdministrativeExpenses": 0,
        "sellingAndMarketingExpenses": 0,
        "sellingGeneralAndAdministrativeExpenses": 0,
        "otherExpenses": 0,
        "operatingExpenses": 0,
        "costAndExpenses": 0,
        "interestIncome": 0,
        "interestExpense": 0,
        "depreciationAndAmortization": 0,
        "ebitda": 889000000,
        "ebitdaratio": 1,
        "operatingIncome": 889000000,
        "operatingIncomeRatio": 1,
        "totalOtherIncomeExpensesNet": 0,
        "incomeBeforeTax": 889000000,
        "incomeBeforeTaxRatio": 1,
        "incomeTaxExpense": 0,
        "netIncome": 78900000,
        "netIncomeRatio": 0.0887514061,
        "eps": 0.9,
        "epsdiluted": 0.9,
        "weightedAverageShsOut": 89200000,
        "weightedAverageShsOutDil": 89200000,
        "link": "",
        "finalLink": ""
    },
    {
        "date": "1988-03-31",
        "symbol": "BC",
        "reportedCurrency": "USD",
        "cik": "0000014930",
        "fillingDate": "1988-03-31",
        "acceptedDate": "1988-03-30 19:00:00",
        "calendarYear": "1988",
        "period": "Q1",
        "revenue": 873100000,
        "costOfRevenue": 0,
        "grossProfit": 873100000,
        "grossProfitRatio": 1,
        "researchAndDevelopmentExpenses": 0,
        "generalAndAdministrativeExpenses": 0,
        "sellingAndMarketingExpenses": 0,
        "sellingGeneralAndAdministrativeExpenses": 0,
        "otherExpenses": 0,
        "operatingExpenses": 0,
        "costAndExpenses": 0,
        "interestIncome": 0,
        "interestExpense": 0,
        "depreciationAndAmortization": 0,
        "ebitda": 873100000,
        "ebitdaratio": 1,
        "operatingIncome": 873100000,
        "operatingIncomeRatio": 1,
        "totalOtherIncomeExpensesNet": 0,
        "incomeBeforeTax": 873100000,
        "incomeBeforeTaxRatio": 1,
        "incomeTaxExpense": 0,
        "netIncome": 54000000,
        "netIncomeRatio": 0.0618485855,
        "eps": 0.6,
        "epsdiluted": 0.6,
        "weightedAverageShsOut": 89182000,
        "weightedAverageShsOutDil": 89182000,
        "link": "",
        "finalLink": ""
    },
    {
        "date": "1987-12-31",
        "symbol": "BC",
        "reportedCurrency": "USD",
        "cik": "0000014930",
        "fillingDate": "1987-12-31",
        "acceptedDate": "1987-12-30 19:00:00",
        "calendarYear": "1987",
        "period": "Q4",
        "revenue": 798400000,
        "costOfRevenue": 0,
        "grossProfit": 798400000,
        "grossProfitRatio": 1,
        "researchAndDevelopmentExpenses": 0,
        "generalAndAdministrativeExpenses": 0,
        "sellingAndMarketingExpenses": 0,
        "sellingGeneralAndAdministrativeExpenses": 0,
        "otherExpenses": 2746700000,
        "operatingExpenses": 2746700000,
        "costAndExpenses": 2746700000,
        "interestIncome": 0,
        "interestExpense": 0,
        "depreciationAndAmortization": 0,
        "ebitda": -1948300000,
        "ebitdaratio": -2.440255511,
        "operatingIncome": -1948300000,
        "operatingIncomeRatio": -2.440255511,
        "totalOtherIncomeExpensesNet": 0,
        "incomeBeforeTax": -1948300000,
        "incomeBeforeTaxRatio": -2.440255511,
        "incomeTaxExpense": 0,
        "netIncome": 33800000,
        "netIncomeRatio": 0.0423346693,
        "eps": 0.38,
        "epsdiluted": 0.38,
        "weightedAverageShsOut": 89182000,
        "weightedAverageShsOutDil": 89182000,
        "link": "",
        "finalLink": ""
    },
    {
        "date": "1987-09-30",
        "symbol": "BC",
        "reportedCurrency": "USD",
        "cik": "0000014930",
        "fillingDate": "1987-09-30",
        "acceptedDate": "1987-09-29 20:00:00",
        "calendarYear": "1987",
        "period": "Q3",
        "revenue": 766500000,
        "costOfRevenue": 0,
        "grossProfit": 766500000,
        "grossProfitRatio": 1,
        "researchAndDevelopmentExpenses": 0,
        "generalAndAdministrativeExpenses": 0,
        "sellingAndMarketingExpenses": 0,
        "sellingGeneralAndAdministrativeExpenses": 0,
        "otherExpenses": 0,
        "operatingExpenses": 0,
        "costAndExpenses": 0,
        "interestIncome": 0,
        "interestExpense": 0,
        "depreciationAndAmortization": 0,
        "ebitda": 766500000,
        "ebitdaratio": 1,
        "operatingIncome": 766500000,
        "operatingIncomeRatio": 1,
        "totalOtherIncomeExpensesNet": 0,
        "incomeBeforeTax": 766500000,
        "incomeBeforeTaxRatio": 1,
        "incomeTaxExpense": 0,
        "netIncome": 42800000,
        "netIncomeRatio": 0.0558382257,
        "eps": 0.48,
        "epsdiluted": 0.48,
        "weightedAverageShsOut": 89182000,
        "weightedAverageShsOutDil": 89182000,
        "link": "",
        "finalLink": ""
    },
    {
        "date": "1987-06-30",
        "symbol": "BC",
        "reportedCurrency": "USD",
        "cik": "0000014930",
        "fillingDate": "1987-06-30",
        "acceptedDate": "1987-06-29 20:00:00",
        "calendarYear": "1987",
        "period": "Q2",
        "revenue": 819400000,
        "costOfRevenue": 0,
        "grossProfit": 819400000,
        "grossProfitRatio": 1,
        "researchAndDevelopmentExpenses": 0,
        "generalAndAdministrativeExpenses": 0,
        "sellingAndMarketingExpenses": 0,
        "sellingGeneralAndAdministrativeExpenses": 0,
        "otherExpenses": 0,
        "operatingExpenses": 0,
        "costAndExpenses": 0,
        "interestIncome": 0,
        "interestExpense": 0,
        "depreciationAndAmortization": 0,
        "ebitda": 819400000,
        "ebitdaratio": 1,
        "operatingIncome": 819400000,
        "operatingIncomeRatio": 1,
        "totalOtherIncomeExpensesNet": 0,
        "incomeBeforeTax": 819400000,
        "incomeBeforeTaxRatio": 1,
        "incomeTaxExpense": 0,
        "netIncome": 57500000,
        "netIncomeRatio": 0.0701732975,
        "eps": 0.65,
        "epsdiluted": 0.65,
        "weightedAverageShsOut": 88532000,
        "weightedAverageShsOutDil": 88532000,
        "link": "",
        "finalLink": ""
    },
    {
        "date": "1987-03-31",
        "symbol": "BC",
        "reportedCurrency": "USD",
        "cik": "0000014930",
        "fillingDate": "1987-03-31",
        "acceptedDate": "1987-03-30 19:00:00",
        "calendarYear": "1987",
        "period": "Q1",
        "revenue": 702100000,
        "costOfRevenue": 0,
        "grossProfit": 702100000,
        "grossProfitRatio": 1,
        "researchAndDevelopmentExpenses": 0,
        "generalAndAdministrativeExpenses": 0,
        "sellingAndMarketingExpenses": 0,
        "sellingGeneralAndAdministrativeExpenses": 0,
        "otherExpenses": 0,
        "operatingExpenses": 0,
        "costAndExpenses": 0,
        "interestIncome": 0,
        "interestExpense": 0,
        "depreciationAndAmortization": 0,
        "ebitda": 702100000,
        "ebitdaratio": 1,
        "operatingIncome": 702100000,
        "operatingIncomeRatio": 1,
        "totalOtherIncomeExpensesNet": 0,
        "incomeBeforeTax": 702100000,
        "incomeBeforeTaxRatio": 1,
        "incomeTaxExpense": 0,
        "netIncome": 34700000,
        "netIncomeRatio": 0.0494231591,
        "eps": 0.39,
        "epsdiluted": 0.39,
        "weightedAverageShsOut": 84070000,
        "weightedAverageShsOutDil": 84070000,
        "link": "",
        "finalLink": ""
    },
    {
        "date": "1986-12-31",
        "symbol": "BC",
        "reportedCurrency": "USD",
        "cik": "0000014930",
        "fillingDate": "1986-12-31",
        "acceptedDate": "1986-12-30 19:00:00",
        "calendarYear": "1986",
        "period": "Q4",
        "revenue": 471300000,
        "costOfRevenue": 0,
        "grossProfit": 471300000,
        "grossProfitRatio": 1,
        "researchAndDevelopmentExpenses": 0,
        "generalAndAdministrativeExpenses": 0,
        "sellingAndMarketingExpenses": 0,
        "sellingGeneralAndAdministrativeExpenses": 0,
        "otherExpenses": 1529800000,
        "operatingExpenses": 1529800000,
        "costAndExpenses": 1529800000,
        "interestIncome": 0,
        "interestExpense": 0,
        "depreciationAndAmortization": 0,
        "ebitda": -1058500000,
        "ebitdaratio": -2.2459155527,
        "operatingIncome": -1058500000,
        "operatingIncomeRatio": -2.2459155527,
        "totalOtherIncomeExpensesNet": 0,
        "incomeBeforeTax": -1058500000,
        "incomeBeforeTaxRatio": -2.2459155527,
        "incomeTaxExpense": 0,
        "netIncome": 25500000,
        "netIncomeRatio": 0.0541056652,
        "eps": 0.31,
        "epsdiluted": 0.31,
        "weightedAverageShsOut": 84070000,
        "weightedAverageShsOutDil": 84070000,
        "link": "",
        "finalLink": ""
    },
    {
        "date": "1986-09-30",
        "symbol": "BC",
        "reportedCurrency": "USD",
        "cik": "0000014930",
        "fillingDate": "1986-09-30",
        "acceptedDate": "1986-09-29 20:00:00",
        "calendarYear": "1986",
        "period": "Q3",
        "revenue": 390700000,
        "costOfRevenue": 0,
        "grossProfit": 390700000,
        "grossProfitRatio": 1,
        "researchAndDevelopmentExpenses": 0,
        "generalAndAdministrativeExpenses": 0,
        "sellingAndMarketingExpenses": 0,
        "sellingGeneralAndAdministrativeExpenses": 0,
        "otherExpenses": 0,
        "operatingExpenses": 0,
        "costAndExpenses": 0,
        "interestIncome": 0,
        "interestExpense": 0,
        "depreciationAndAmortization": 0,
        "ebitda": 390700000,
        "ebitdaratio": 1,
        "operatingIncome": 390700000,
        "operatingIncomeRatio": 1,
        "totalOtherIncomeExpensesNet": 0,
        "incomeBeforeTax": 390700000,
        "incomeBeforeTaxRatio": 1,
        "incomeTaxExpense": 0,
        "netIncome": 27400000,
        "netIncomeRatio": 0.0701305349,
        "eps": 0.33,
        "epsdiluted": 0.33,
        "weightedAverageShsOut": 84070000,
        "weightedAverageShsOutDil": 84070000,
        "link": "",
        "finalLink": ""
    },
    {
        "date": "1986-06-30",
        "symbol": "BC",
        "reportedCurrency": "USD",
        "cik": "0000014930",
        "fillingDate": "1986-06-30",
        "acceptedDate": "1986-06-29 20:00:00",
        "calendarYear": "1986",
        "period": "Q2",
        "revenue": 458700000,
        "costOfRevenue": 0,
        "grossProfit": 458700000,
        "grossProfitRatio": 1,
        "researchAndDevelopmentExpenses": 0,
        "generalAndAdministrativeExpenses": 0,
        "sellingAndMarketingExpenses": 0,
        "sellingGeneralAndAdministrativeExpenses": 0,
        "otherExpenses": 0,
        "operatingExpenses": 0,
        "costAndExpenses": 0,
        "interestIncome": 0,
        "interestExpense": 0,
        "depreciationAndAmortization": 0,
        "ebitda": 458700000,
        "ebitdaratio": 1,
        "operatingIncome": 458700000,
        "operatingIncomeRatio": 1,
        "totalOtherIncomeExpensesNet": 0,
        "incomeBeforeTax": 458700000,
        "incomeBeforeTaxRatio": 1,
        "incomeTaxExpense": 0,
        "netIncome": 33600000,
        "netIncomeRatio": 0.0732504905,
        "eps": 0.4,
        "epsdiluted": 0.4,
        "weightedAverageShsOut": 83980000,
        "weightedAverageShsOutDil": 83980000,
        "link": "",
        "finalLink": ""
    },
    {
        "date": "1986-03-31",
        "symbol": "BC",
        "reportedCurrency": "USD",
        "cik": "0000014930",
        "fillingDate": "1986-03-31",
        "acceptedDate": "1986-03-30 19:00:00",
        "calendarYear": "1986",
        "period": "Q1",
        "revenue": 396800000,
        "costOfRevenue": 0,
        "grossProfit": 396800000,
        "grossProfitRatio": 1,
        "researchAndDevelopmentExpenses": 0,
        "generalAndAdministrativeExpenses": 0,
        "sellingAndMarketingExpenses": 0,
        "sellingGeneralAndAdministrativeExpenses": 0,
        "otherExpenses": 0,
        "operatingExpenses": 0,
        "costAndExpenses": 0,
        "interestIncome": 0,
        "interestExpense": 0,
        "depreciationAndAmortization": 0,
        "ebitda": 396800000,
        "ebitdaratio": 1,
        "operatingIncome": 396800000,
        "operatingIncomeRatio": 1,
        "totalOtherIncomeExpensesNet": 0,
        "incomeBeforeTax": 396800000,
        "incomeBeforeTaxRatio": 1,
        "incomeTaxExpense": 0,
        "netIncome": 23800000,
        "netIncomeRatio": 0.0599798387,
        "eps": 0.29,
        "epsdiluted": 0.29,
        "weightedAverageShsOut": 83980000,
        "weightedAverageShsOutDil": 83980000,
        "link": "",
        "finalLink": ""
    },
    {
        "date": "1985-12-31",
        "symbol": "BC",
        "reportedCurrency": "USD",
        "cik": "0000014930",
        "fillingDate": "1985-12-31",
        "acceptedDate": "1985-12-30 19:00:00",
        "calendarYear": "1985",
        "period": "Q4",
        "revenue": 388500000,
        "costOfRevenue": 0,
        "grossProfit": 388500000,
        "grossProfitRatio": 1,
        "researchAndDevelopmentExpenses": 0,
        "generalAndAdministrativeExpenses": 0,
        "sellingAndMarketingExpenses": 0,
        "sellingGeneralAndAdministrativeExpenses": 0,
        "otherExpenses": 1374800000,
        "operatingExpenses": 1374800000,
        "costAndExpenses": 1374800000,
        "interestIncome": 0,
        "interestExpense": 0,
        "depreciationAndAmortization": 0,
        "ebitda": -986300000,
        "ebitdaratio": -2.5387387387,
        "operatingIncome": -986300000,
        "operatingIncomeRatio": -2.5387387387,
        "totalOtherIncomeExpensesNet": 0,
        "incomeBeforeTax": -986300000,
        "incomeBeforeTaxRatio": -2.5387387387,
        "incomeTaxExpense": 0,
        "netIncome": 22900000,
        "netIncomeRatio": 0.0589446589,
        "eps": 0.27,
        "epsdiluted": 0.27,
        "weightedAverageShsOut": 83980000,
        "weightedAverageShsOutDil": 83980000,
        "link": "",
        "finalLink": ""
    },
    {
        "date": "1985-09-30",
        "symbol": "BC",
        "reportedCurrency": "USD",
        "cik": "0000014930",
        "fillingDate": "1985-09-30",
        "acceptedDate": "1985-09-29 20:00:00",
        "calendarYear": "1985",
        "period": "Q3",
        "revenue": 384400000,
        "costOfRevenue": 0,
        "grossProfit": 384400000,
        "grossProfitRatio": 1,
        "researchAndDevelopmentExpenses": 0,
        "generalAndAdministrativeExpenses": 0,
        "sellingAndMarketingExpenses": 0,
        "sellingGeneralAndAdministrativeExpenses": 0,
        "otherExpenses": 0,
        "operatingExpenses": 0,
        "costAndExpenses": 0,
        "interestIncome": 0,
        "interestExpense": 0,
        "depreciationAndAmortization": 0,
        "ebitda": 384400000,
        "ebitdaratio": 1,
        "operatingIncome": 384400000,
        "operatingIncomeRatio": 1,
        "totalOtherIncomeExpensesNet": 0,
        "incomeBeforeTax": 384400000,
        "incomeBeforeTaxRatio": 1,
        "incomeTaxExpense": 0,
        "netIncome": 24000000,
        "netIncomeRatio": 0.0624349636,
        "eps": 0.28,
        "epsdiluted": 0.28,
        "weightedAverageShsOut": 86108000,
        "weightedAverageShsOutDil": 86108000,
        "link": "",
        "finalLink": ""
    }
]