[
    {
        "date": "2025-06-30",
        "symbol": "BEAM",
        "reportedCurrency": "USD",
        "cik": "0001745999",
        "fillingDate": "2025-08-05",
        "acceptedDate": "2025-08-05 07:14:07",
        "calendarYear": "2025",
        "period": "Q2",
        "revenue": 8466000,
        "costOfRevenue": 5538000,
        "grossProfit": 2928000,
        "grossProfitRatio": 0.3458540043,
        "researchAndDevelopmentExpenses": 101758000,
        "generalAndAdministrativeExpenses": 26859000,
        "sellingAndMarketingExpenses": 0,
        "sellingGeneralAndAdministrativeExpenses": 21321000,
        "otherExpenses": 0,
        "operatingExpenses": 123079000,
        "costAndExpenses": 128616999,
        "interestIncome": 12326000,
        "interestExpense": 12326000,
        "depreciationAndAmortization": 5538000,
        "ebitda": -96753000,
        "ebitdaratio": -11.4284195606,
        "operatingIncome": -120151000,
        "operatingIncomeRatio": -14.1921804867,
        "totalOtherIncomeExpensesNet": 17860000,
        "incomeBeforeTax": -102291000,
        "incomeBeforeTaxRatio": -12.0825655563,
        "incomeTaxExpense": 0,
        "netIncome": -102291000,
        "netIncomeRatio": -12.0825655563,
        "eps": -1.0029,
        "epsdiluted": -1.0029,
        "weightedAverageShsOut": 101995184,
        "weightedAverageShsOutDil": 101995184,
        "link": "https://www.sec.gov/Archives/edgar/data/1745999/000095017025102393/0000950170-25-102393-index.htm",
        "finalLink": "https://www.sec.gov/Archives/edgar/data/1745999/000095017025102393/beam-20250630.htm"
    },
    {
        "date": "2025-03-31",
        "symbol": "BEAM",
        "reportedCurrency": "USD",
        "cik": "0001745999",
        "fillingDate": "2025-05-06",
        "acceptedDate": "2025-05-06 07:30:14",
        "calendarYear": "2025",
        "period": "Q1",
        "revenue": 7470000,
        "costOfRevenue": 0,
        "grossProfit": 7470000,
        "grossProfitRatio": 1,
        "researchAndDevelopmentExpenses": 98816000,
        "generalAndAdministrativeExpenses": 27940000,
        "sellingAndMarketingExpenses": 0,
        "sellingGeneralAndAdministrativeExpenses": 27940000,
        "otherExpenses": 0,
        "operatingExpenses": 126756000,
        "costAndExpenses": 126756000,
        "interestIncome": 0,
        "interestExpense": 0,
        "depreciationAndAmortization": 5528000,
        "ebitda": -113758000,
        "ebitdaratio": -15.228647925,
        "operatingIncome": -119286000,
        "operatingIncomeRatio": -15.9686746988,
        "totalOtherIncomeExpensesNet": 10016000,
        "incomeBeforeTax": -109270000,
        "incomeBeforeTaxRatio": -14.6278447122,
        "incomeTaxExpense": 0,
        "netIncome": -109270000,
        "netIncomeRatio": -14.6278447122,
        "eps": -1.24,
        "epsdiluted": -1.24,
        "weightedAverageShsOut": 87975000,
        "weightedAverageShsOutDil": 87975000,
        "link": "https://www.sec.gov/Archives/edgar/data/1745999/000095017025063966/0000950170-25-063966-index.htm",
        "finalLink": "https://www.sec.gov/Archives/edgar/data/1745999/000095017025063966/beam-20250331.htm"
    },
    {
        "date": "2024-12-31",
        "symbol": "BEAM",
        "reportedCurrency": "USD",
        "cik": "0001745999",
        "fillingDate": "2025-02-25",
        "acceptedDate": "2025-02-25 07:30:30",
        "calendarYear": "2024",
        "period": "Q4",
        "revenue": 30067000,
        "costOfRevenue": 0,
        "grossProfit": -16969000,
        "grossProfitRatio": -0.5643729005,
        "researchAndDevelopmentExpenses": 101444000,
        "generalAndAdministrativeExpenses": 28660000,
        "sellingAndMarketingExpenses": 0,
        "sellingGeneralAndAdministrativeExpenses": 28660000,
        "otherExpenses": 0,
        "operatingExpenses": 130104000,
        "costAndExpenses": 130104000,
        "interestIncome": 10928000,
        "interestExpense": 0,
        "depreciationAndAmortization": 5443000,
        "ebitda": -84926000,
        "ebitdaratio": -2.824558486,
        "operatingIncome": -100037000,
        "operatingIncomeRatio": -3.3271360628,
        "totalOtherIncomeExpensesNet": 9683000,
        "incomeBeforeTax": -90354000,
        "incomeBeforeTaxRatio": -3.0050886354,
        "incomeTaxExpense": 0,
        "netIncome": -90354000,
        "netIncomeRatio": -3.0050886354,
        "eps": -1.09,
        "epsdiluted": -1.09,
        "weightedAverageShsOut": 82824000,
        "weightedAverageShsOutDil": 82824000,
        "link": "https://www.sec.gov/Archives/edgar/data/1745999/000095017025026076/0000950170-25-026076-index.htm",
        "finalLink": "https://www.sec.gov/Archives/edgar/data/1745999/000095017025026076/beam-20241231.htm"
    },
    {
        "date": "2024-09-30",
        "symbol": "BEAM",
        "reportedCurrency": "USD",
        "cik": "0001745999",
        "fillingDate": "2024-11-05",
        "acceptedDate": "2024-11-05 09:06:00",
        "calendarYear": "2024",
        "period": "Q3",
        "revenue": 14269000,
        "costOfRevenue": 0,
        "grossProfit": 8794000,
        "grossProfitRatio": 0.6163010723,
        "researchAndDevelopmentExpenses": 94258000,
        "generalAndAdministrativeExpenses": 26515000,
        "sellingAndMarketingExpenses": 0,
        "sellingGeneralAndAdministrativeExpenses": 26515000,
        "otherExpenses": 0,
        "operatingExpenses": 120773000,
        "costAndExpenses": 120773000,
        "interestIncome": 12127000,
        "interestExpense": 0,
        "depreciationAndAmortization": 5475000,
        "ebitda": -101029000,
        "ebitdaratio": -7.0803139673,
        "operatingIncome": -106504000,
        "operatingIncomeRatio": -7.4640128951,
        "totalOtherIncomeExpensesNet": 9836000,
        "incomeBeforeTax": -96668000,
        "incomeBeforeTaxRatio": -6.7746863831,
        "incomeTaxExpense": 0,
        "netIncome": -96668000,
        "netIncomeRatio": -6.7746863831,
        "eps": -1.17,
        "epsdiluted": -1.17,
        "weightedAverageShsOut": 82410000,
        "weightedAverageShsOutDil": 82410000,
        "link": "https://www.sec.gov/Archives/edgar/data/1745999/000095017024121104/0000950170-24-121104-index.htm",
        "finalLink": "https://www.sec.gov/Archives/edgar/data/1745999/000095017024121104/beam-20240930.htm"
    },
    {
        "date": "2024-06-30",
        "symbol": "BEAM",
        "reportedCurrency": "USD",
        "cik": "0001745999",
        "fillingDate": "2024-08-06",
        "acceptedDate": "2024-08-06 08:55:36",
        "calendarYear": "2024",
        "period": "Q2",
        "revenue": 11772000,
        "costOfRevenue": 5576000,
        "grossProfit": 6196000,
        "grossProfitRatio": 0.5263336731,
        "researchAndDevelopmentExpenses": 87041000,
        "generalAndAdministrativeExpenses": 29626000,
        "sellingAndMarketingExpenses": -5576000,
        "sellingGeneralAndAdministrativeExpenses": 24050000,
        "otherExpenses": 0,
        "operatingExpenses": 111091000,
        "costAndExpenses": 116667000,
        "interestIncome": 0,
        "interestExpense": 14190000,
        "depreciationAndAmortization": 5576000,
        "ebitda": -99319000,
        "ebitdaratio": -8.4368841318,
        "operatingIncome": -104895000,
        "operatingIncomeRatio": -8.9105504587,
        "totalOtherIncomeExpensesNet": 13883000,
        "incomeBeforeTax": -91012000,
        "incomeBeforeTaxRatio": -7.7312266395,
        "incomeTaxExpense": 39000,
        "netIncome": -91051000,
        "netIncomeRatio": -7.7345395855,
        "eps": -1.11,
        "epsdiluted": -1.11,
        "weightedAverageShsOut": 82312467,
        "weightedAverageShsOutDil": 82312467,
        "link": "https://www.sec.gov/Archives/edgar/data/1745999/000095017024091242/0000950170-24-091242-index.htm",
        "finalLink": "https://www.sec.gov/Archives/edgar/data/1745999/000095017024091242/beam-20240630.htm"
    },
    {
        "date": "2024-03-31",
        "symbol": "BEAM",
        "reportedCurrency": "USD",
        "cik": "0001745999",
        "fillingDate": "2024-03-31",
        "acceptedDate": "2024-03-29 20:00:00",
        "calendarYear": "2024",
        "period": "Q1",
        "revenue": 7410000,
        "costOfRevenue": 5431000,
        "grossProfit": 1979000,
        "grossProfitRatio": 0.267071525,
        "researchAndDevelopmentExpenses": 84818000,
        "generalAndAdministrativeExpenses": 26724000,
        "sellingAndMarketingExpenses": -5431000,
        "sellingGeneralAndAdministrativeExpenses": 21293000,
        "otherExpenses": 0,
        "operatingExpenses": 106111000,
        "costAndExpenses": 111542000,
        "interestIncome": 11849000,
        "interestExpense": 0,
        "depreciationAndAmortization": 5431000,
        "ebitda": -98701000,
        "ebitdaratio": -13.3199730094,
        "operatingIncome": -104132000,
        "operatingIncomeRatio": -14.0529014845,
        "totalOtherIncomeExpensesNet": 5463000,
        "incomeBeforeTax": -98669000,
        "incomeBeforeTaxRatio": -13.3156545209,
        "incomeTaxExpense": 0,
        "netIncome": -98669000,
        "netIncomeRatio": -13.3156545209,
        "eps": -1.21,
        "epsdiluted": -1.21,
        "weightedAverageShsOut": 81698633,
        "weightedAverageShsOutDil": 81698633,
        "link": null,
        "finalLink": null
    },
    {
        "date": "2023-12-31",
        "symbol": "BEAM",
        "reportedCurrency": "USD",
        "cik": "0001745999",
        "fillingDate": "2024-02-27",
        "acceptedDate": "2024-02-27 07:22:28",
        "calendarYear": "2023",
        "period": "Q4",
        "revenue": 316192000,
        "costOfRevenue": 5362000,
        "grossProfit": 310830000,
        "grossProfitRatio": 0.9830419492,
        "researchAndDevelopmentExpenses": 140077000,
        "generalAndAdministrativeExpenses": 43257000,
        "sellingAndMarketingExpenses": -5362000,
        "sellingGeneralAndAdministrativeExpenses": 37895000,
        "otherExpenses": 0,
        "operatingExpenses": 177972000,
        "costAndExpenses": 183334000,
        "interestIncome": 12064000,
        "interestExpense": 0,
        "depreciationAndAmortization": 5362000,
        "ebitda": 138220000,
        "ebitdaratio": 0.4371394596,
        "operatingIncome": 132858000,
        "operatingIncomeRatio": 0.4201814088,
        "totalOtherIncomeExpensesNet": 11305000,
        "incomeBeforeTax": 144163000,
        "incomeBeforeTaxRatio": 0.4559350015,
        "incomeTaxExpense": 1366000,
        "netIncome": 142797000,
        "netIncomeRatio": 0.4516148416,
        "eps": 1.77,
        "epsdiluted": 1.73,
        "weightedAverageShsOut": 80858517,
        "weightedAverageShsOutDil": 82702302,
        "link": "https://www.sec.gov/Archives/edgar/data/1745999/000095017024020622/0000950170-24-020622-index.htm",
        "finalLink": "https://www.sec.gov/Archives/edgar/data/1745999/000095017024020622/beam-20231231.htm"
    },
    {
        "date": "2023-09-30",
        "symbol": "BEAM",
        "reportedCurrency": "USD",
        "cik": "0001745999",
        "fillingDate": "2023-11-08",
        "acceptedDate": "2023-11-08 07:30:30",
        "calendarYear": "2023",
        "period": "Q3",
        "revenue": 17193000,
        "costOfRevenue": 7475000,
        "grossProfit": 9718000,
        "grossProfitRatio": 0.5652300355,
        "researchAndDevelopmentExpenses": 100050000,
        "generalAndAdministrativeExpenses": 25410000,
        "sellingAndMarketingExpenses": 0,
        "sellingGeneralAndAdministrativeExpenses": 25410000,
        "otherExpenses": 0,
        "operatingExpenses": 125460000,
        "costAndExpenses": 125460000,
        "interestIncome": 12698000,
        "interestExpense": 0,
        "depreciationAndAmortization": 7475000,
        "ebitda": -103080000,
        "ebitdaratio": -5.9954632699,
        "operatingIncome": -108267000,
        "operatingIncomeRatio": -6.2971558192,
        "totalOtherIncomeExpensesNet": 12179000,
        "incomeBeforeTax": -96088000,
        "incomeBeforeTaxRatio": -5.5887861339,
        "incomeTaxExpense": 0,
        "netIncome": -96088000,
        "netIncomeRatio": -5.5887861339,
        "eps": -1.22,
        "epsdiluted": -1.22,
        "weightedAverageShsOut": 79024647,
        "weightedAverageShsOutDil": 79024647,
        "link": "https://www.sec.gov/Archives/edgar/data/1745999/000095017023060683/0000950170-23-060683-index.htm",
        "finalLink": "https://www.sec.gov/Archives/edgar/data/1745999/000095017023060683/beam-20230930.htm"
    },
    {
        "date": "2023-06-30",
        "symbol": "BEAM",
        "reportedCurrency": "USD",
        "cik": "0001745999",
        "fillingDate": "2023-08-08",
        "acceptedDate": "2023-08-08 07:30:55",
        "calendarYear": "2023",
        "period": "Q2",
        "revenue": 20116000,
        "costOfRevenue": 7291000,
        "grossProfit": 12825000,
        "grossProfitRatio": 0.6375521973,
        "researchAndDevelopmentExpenses": 97608000,
        "generalAndAdministrativeExpenses": 24656000,
        "sellingAndMarketingExpenses": 0,
        "sellingGeneralAndAdministrativeExpenses": 24656000,
        "otherExpenses": 0,
        "operatingExpenses": 122264000,
        "costAndExpenses": 122264000,
        "interestIncome": 11953000,
        "interestExpense": 11953000,
        "depreciationAndAmortization": 7291000,
        "ebitda": -97332000,
        "ebitdaratio": -4.8385364884,
        "operatingIncome": -102148000,
        "operatingIncomeRatio": -5.0779479022,
        "totalOtherIncomeExpensesNet": 19372000,
        "incomeBeforeTax": -82776000,
        "incomeBeforeTaxRatio": -4.1149333864,
        "incomeTaxExpense": 0,
        "netIncome": -82776000,
        "netIncomeRatio": -4.1149333864,
        "eps": -1.08,
        "epsdiluted": -1.08,
        "weightedAverageShsOut": 76335175,
        "weightedAverageShsOutDil": 76335175,
        "link": "https://www.sec.gov/Archives/edgar/data/1745999/000095017023039364/0000950170-23-039364-index.htm",
        "finalLink": "https://www.sec.gov/Archives/edgar/data/1745999/000095017023039364/beam-20230630.htm"
    },
    {
        "date": "2023-03-31",
        "symbol": "BEAM",
        "reportedCurrency": "USD",
        "cik": "0001745999",
        "fillingDate": "2023-05-10",
        "acceptedDate": "2023-05-10 07:31:14",
        "calendarYear": "2023",
        "period": "Q1",
        "revenue": 24208000,
        "costOfRevenue": 7001000,
        "grossProfit": 17207000,
        "grossProfitRatio": 0.7107980833,
        "researchAndDevelopmentExpenses": 99646000,
        "generalAndAdministrativeExpenses": 23490000,
        "sellingAndMarketingExpenses": 0,
        "sellingGeneralAndAdministrativeExpenses": 23490000,
        "otherExpenses": 0,
        "operatingExpenses": 123136000,
        "costAndExpenses": 123136000,
        "interestIncome": 9961000,
        "interestExpense": 9961000,
        "depreciationAndAmortization": 7001000,
        "ebitda": -94281000,
        "ebitdaratio": -3.8946216127,
        "operatingIncome": -98928000,
        "operatingIncomeRatio": -4.0865829478,
        "totalOtherIncomeExpensesNet": 2468000,
        "incomeBeforeTax": -96460000,
        "incomeBeforeTaxRatio": -3.9846331791,
        "incomeTaxExpense": -12429000,
        "netIncome": -84031000,
        "netIncomeRatio": -3.4712078652,
        "eps": -1.16,
        "epsdiluted": -1.16,
        "weightedAverageShsOut": 72273829,
        "weightedAverageShsOutDil": 72273829,
        "link": "https://www.sec.gov/Archives/edgar/data/1745999/000095017023020090/0000950170-23-020090-index.htm",
        "finalLink": "https://www.sec.gov/Archives/edgar/data/1745999/000095017023020090/beam-20230331.htm"
    },
    {
        "date": "2022-12-31",
        "symbol": "BEAM",
        "reportedCurrency": "USD",
        "cik": "0001745999",
        "fillingDate": "2023-02-28",
        "acceptedDate": "2023-02-28 07:31:07",
        "calendarYear": "2022",
        "period": "Q4",
        "revenue": 20037000,
        "costOfRevenue": 6187000,
        "grossProfit": 13850000,
        "grossProfitRatio": 0.6912212407,
        "researchAndDevelopmentExpenses": 86341000,
        "generalAndAdministrativeExpenses": 22681000,
        "sellingAndMarketingExpenses": 0,
        "sellingGeneralAndAdministrativeExpenses": 22681000,
        "otherExpenses": 0,
        "operatingExpenses": 109022000,
        "costAndExpenses": 109022000,
        "interestIncome": 7611000,
        "interestExpense": 7611000,
        "depreciationAndAmortization": 6187000,
        "ebitda": -85041000,
        "ebitdaratio": -4.2441982333,
        "operatingIncome": -88985000,
        "operatingIncomeRatio": -4.4410340869,
        "totalOtherIncomeExpensesNet": 51636000,
        "incomeBeforeTax": -37349000,
        "incomeBeforeTaxRatio": -1.864001597,
        "incomeTaxExpense": 1000000,
        "netIncome": -38349000,
        "netIncomeRatio": -1.9139092679,
        "eps": -0.54,
        "epsdiluted": -0.54,
        "weightedAverageShsOut": 70777542,
        "weightedAverageShsOutDil": 70777542,
        "link": "https://www.sec.gov/Archives/edgar/data/1745999/000095017023004866/0000950170-23-004866-index.htm",
        "finalLink": "https://www.sec.gov/Archives/edgar/data/1745999/000095017023004866/beam-20221231.htm"
    },
    {
        "date": "2022-09-30",
        "symbol": "BEAM",
        "reportedCurrency": "USD",
        "cik": "0001745999",
        "fillingDate": "2022-11-07",
        "acceptedDate": "2022-11-07 07:31:12",
        "calendarYear": "2022",
        "period": "Q3",
        "revenue": 15799000,
        "costOfRevenue": 85287000,
        "grossProfit": -69488000,
        "grossProfitRatio": -4.398253054,
        "researchAndDevelopmentExpenses": 85287000,
        "generalAndAdministrativeExpenses": 21815000,
        "sellingAndMarketingExpenses": 0,
        "sellingGeneralAndAdministrativeExpenses": 21815000,
        "otherExpenses": 0,
        "operatingExpenses": 107102000,
        "costAndExpenses": 107102000,
        "interestIncome": 4982000,
        "interestExpense": 0,
        "depreciationAndAmortization": 3473000,
        "ebitda": -87830000,
        "ebitdaratio": -5.5592126084,
        "operatingIncome": -91303000,
        "operatingIncomeRatio": -5.7790366479,
        "totalOtherIncomeExpensesNet": 9638000,
        "incomeBeforeTax": -107165000,
        "incomeBeforeTaxRatio": -6.783024242,
        "incomeTaxExpense": 2410000,
        "netIncome": -109575000,
        "netIncomeRatio": -6.9355655421,
        "eps": -1.56,
        "epsdiluted": -1.56,
        "weightedAverageShsOut": 70343196,
        "weightedAverageShsOutDil": 70343196,
        "link": "https://www.sec.gov/Archives/edgar/data/1745999/000095017022022322/0000950170-22-022322-index.htm",
        "finalLink": "https://www.sec.gov/Archives/edgar/data/1745999/000095017022022322/beam-20220930.htm"
    },
    {
        "date": "2022-06-30",
        "symbol": "BEAM",
        "reportedCurrency": "USD",
        "cik": "0001745999",
        "fillingDate": "2022-08-09",
        "acceptedDate": "2022-08-09 07:31:25",
        "calendarYear": "2022",
        "period": "Q2",
        "revenue": 16652000,
        "costOfRevenue": 5515000,
        "grossProfit": 11137000,
        "grossProfitRatio": 0.6688085515,
        "researchAndDevelopmentExpenses": 74556000,
        "generalAndAdministrativeExpenses": 24062000,
        "sellingAndMarketingExpenses": 0,
        "sellingGeneralAndAdministrativeExpenses": 24062000,
        "otherExpenses": 0,
        "operatingExpenses": 98618000,
        "costAndExpenses": 98618000,
        "interestIncome": 0,
        "interestExpense": 2060000,
        "depreciationAndAmortization": 5515000,
        "ebitda": -78548000,
        "ebitdaratio": -4.7170309873,
        "operatingIncome": -81966000,
        "operatingIncomeRatio": -4.9222916166,
        "totalOtherIncomeExpensesNet": 10016000,
        "incomeBeforeTax": -71950000,
        "incomeBeforeTaxRatio": -4.320802306,
        "incomeTaxExpense": -23450000,
        "netIncome": -48500000,
        "netIncomeRatio": -2.9125630555,
        "eps": -0.69,
        "epsdiluted": -0.69,
        "weightedAverageShsOut": 70210227,
        "weightedAverageShsOutDil": 70210227,
        "link": "https://www.sec.gov/Archives/edgar/data/1745999/000095017022015755/0000950170-22-015755-index.htm",
        "finalLink": "https://www.sec.gov/Archives/edgar/data/1745999/000095017022015755/beam-20220630.htm"
    },
    {
        "date": "2022-03-31",
        "symbol": "BEAM",
        "reportedCurrency": "USD",
        "cik": "0001745999",
        "fillingDate": "2022-05-09",
        "acceptedDate": "2022-05-09 07:33:18",
        "calendarYear": "2022",
        "period": "Q1",
        "revenue": 8432000,
        "costOfRevenue": 5259000,
        "grossProfit": 3173000,
        "grossProfitRatio": 0.3763045541,
        "researchAndDevelopmentExpenses": 65410000,
        "generalAndAdministrativeExpenses": 19247000,
        "sellingAndMarketingExpenses": 0,
        "sellingGeneralAndAdministrativeExpenses": 19247000,
        "otherExpenses": 0,
        "operatingExpenses": 84657000,
        "costAndExpenses": 84657000,
        "interestIncome": 0,
        "interestExpense": 644000,
        "depreciationAndAmortization": 5259000,
        "ebitda": -72913000,
        "ebitdaratio": -8.6471774194,
        "operatingIncome": -76225000,
        "operatingIncomeRatio": -9.0399667932,
        "totalOtherIncomeExpensesNet": 7011000,
        "incomeBeforeTax": -69214000,
        "incomeBeforeTaxRatio": -8.2084914611,
        "incomeTaxExpense": -14022000,
        "netIncome": -55192000,
        "netIncomeRatio": -6.545540797,
        "eps": -0.8,
        "epsdiluted": -0.8,
        "weightedAverageShsOut": 68703864,
        "weightedAverageShsOutDil": 68703864,
        "link": "https://www.sec.gov/Archives/edgar/data/1745999/000095017022008238/0000950170-22-008238-index.htm",
        "finalLink": "https://www.sec.gov/Archives/edgar/data/1745999/000095017022008238/beam-20220331.htm"
    },
    {
        "date": "2021-12-31",
        "symbol": "BEAM",
        "reportedCurrency": "USD",
        "cik": "0001745999",
        "fillingDate": "2022-02-28",
        "acceptedDate": "2022-02-28 07:31:52",
        "calendarYear": "2021",
        "period": "Q4",
        "revenue": 51069000,
        "costOfRevenue": 5018000,
        "grossProfit": 46051000,
        "grossProfitRatio": 0.9017407821,
        "researchAndDevelopmentExpenses": 96781000,
        "generalAndAdministrativeExpenses": 17772000,
        "sellingAndMarketingExpenses": 0,
        "sellingGeneralAndAdministrativeExpenses": 17772000,
        "otherExpenses": 0,
        "operatingExpenses": 114553000,
        "costAndExpenses": 114553000,
        "interestIncome": 0,
        "interestExpense": 0,
        "depreciationAndAmortization": 5018000,
        "ebitda": -59689000,
        "ebitdaratio": -1.1687912432,
        "operatingIncome": -63484000,
        "operatingIncomeRatio": -1.2431024692,
        "totalOtherIncomeExpensesNet": -1223000,
        "incomeBeforeTax": -64707000,
        "incomeBeforeTaxRatio": -1.2670504611,
        "incomeTaxExpense": -134000,
        "netIncome": -64573000,
        "netIncomeRatio": -1.2644265601,
        "eps": -0.95,
        "epsdiluted": -0.95,
        "weightedAverageShsOut": 67988717,
        "weightedAverageShsOutDil": 67988717,
        "link": "https://www.sec.gov/Archives/edgar/data/1745999/000095017022002166/0000950170-22-002166-index.htm",
        "finalLink": "https://www.sec.gov/Archives/edgar/data/1745999/000095017022002166/beam-20211231.htm"
    },
    {
        "date": "2021-09-30",
        "symbol": "BEAM",
        "reportedCurrency": "USD",
        "cik": "0001745999",
        "fillingDate": "2021-11-08",
        "acceptedDate": "2021-11-08 08:31:03",
        "calendarYear": "2021",
        "period": "Q3",
        "revenue": 763000,
        "costOfRevenue": 54623000,
        "grossProfit": -53860000,
        "grossProfitRatio": -70.5897771953,
        "researchAndDevelopmentExpenses": 54623000,
        "generalAndAdministrativeExpenses": 15774000,
        "sellingAndMarketingExpenses": 0,
        "sellingGeneralAndAdministrativeExpenses": 15774000,
        "otherExpenses": 0,
        "operatingExpenses": 70397000,
        "costAndExpenses": 70397000,
        "interestIncome": 0,
        "interestExpense": 9000,
        "depreciationAndAmortization": 3822000,
        "ebitda": -67884000,
        "ebitdaratio": -88.9698558322,
        "operatingIncome": -69634000,
        "operatingIncomeRatio": -91.2634338139,
        "totalOtherIncomeExpensesNet": 41516000,
        "incomeBeforeTax": -28118000,
        "incomeBeforeTaxRatio": -36.8519003932,
        "incomeTaxExpense": 0,
        "netIncome": -28118000,
        "netIncomeRatio": -36.8519003932,
        "eps": -0.42,
        "epsdiluted": -0.42,
        "weightedAverageShsOut": 66377611,
        "weightedAverageShsOutDil": 66377611,
        "link": "https://www.sec.gov/Archives/edgar/data/1745999/000095017021003317/0000950170-21-003317-index.htm",
        "finalLink": "https://www.sec.gov/Archives/edgar/data/1745999/000095017021003317/beam-20210930.htm"
    },
    {
        "date": "2021-06-30",
        "symbol": "BEAM",
        "reportedCurrency": "USD",
        "cik": "0001745999",
        "fillingDate": "2021-08-10",
        "acceptedDate": "2021-08-10 07:46:47",
        "calendarYear": "2021",
        "period": "Q2",
        "revenue": 6000,
        "costOfRevenue": 45577000,
        "grossProfit": -45571000,
        "grossProfitRatio": -7595.1666666667,
        "researchAndDevelopmentExpenses": 45577000,
        "generalAndAdministrativeExpenses": 13403000,
        "sellingAndMarketingExpenses": 0,
        "sellingGeneralAndAdministrativeExpenses": 13403000,
        "otherExpenses": 0,
        "operatingExpenses": 58980000,
        "costAndExpenses": 58980000,
        "interestIncome": 0,
        "interestExpense": 52000,
        "depreciationAndAmortization": 3869000,
        "ebitda": -57305000,
        "ebitdaratio": -9550.8333333333,
        "operatingIncome": -58974000,
        "operatingIncomeRatio": -9829,
        "totalOtherIncomeExpensesNet": -17279000,
        "incomeBeforeTax": -76253000,
        "incomeBeforeTaxRatio": -12708.8333333333,
        "incomeTaxExpense": 0,
        "netIncome": -76253000,
        "netIncomeRatio": -12708.8333333333,
        "eps": -1.23,
        "epsdiluted": -1.23,
        "weightedAverageShsOut": 62210239,
        "weightedAverageShsOutDil": 62210239,
        "link": "https://www.sec.gov/Archives/edgar/data/1745999/000095017021001110/0000950170-21-001110-index.htm",
        "finalLink": "https://www.sec.gov/Archives/edgar/data/1745999/000095017021001110/beam-20210630.htm"
    },
    {
        "date": "2021-03-31",
        "symbol": "BEAM",
        "reportedCurrency": "USD",
        "cik": "0001745999",
        "fillingDate": "2021-05-11",
        "acceptedDate": "2021-05-11 16:16:05",
        "calendarYear": "2021",
        "period": "Q1",
        "revenue": 6000,
        "costOfRevenue": 190106000,
        "grossProfit": -190100000,
        "grossProfitRatio": -31683.3333333333,
        "researchAndDevelopmentExpenses": 190106000,
        "generalAndAdministrativeExpenses": 10273000,
        "sellingAndMarketingExpenses": 0,
        "sellingGeneralAndAdministrativeExpenses": 10273000,
        "otherExpenses": -305000,
        "operatingExpenses": 200379000,
        "costAndExpenses": 200379000,
        "interestIncome": 0,
        "interestExpense": 0,
        "depreciationAndAmortization": 3759000,
        "ebitda": -197801000,
        "ebitdaratio": -32966.8333333333,
        "operatingIncome": -200373000,
        "operatingIncomeRatio": -33395.5,
        "totalOtherIncomeExpensesNet": -1187000,
        "incomeBeforeTax": -201560000,
        "incomeBeforeTaxRatio": -33593.3333333333,
        "incomeTaxExpense": 882000,
        "netIncome": -201560000,
        "netIncomeRatio": -33593.3333333333,
        "eps": -3.35,
        "epsdiluted": -3.35,
        "weightedAverageShsOut": 60210120,
        "weightedAverageShsOutDil": 60210120,
        "link": "https://www.sec.gov/Archives/edgar/data/1745999/000156459021026555/0001564590-21-026555-index.htm",
        "finalLink": "https://www.sec.gov/Archives/edgar/data/1745999/000156459021026555/beam-10q_20210331.htm"
    },
    {
        "date": "2020-12-31",
        "symbol": "BEAM",
        "reportedCurrency": "USD",
        "cik": "0001745999",
        "fillingDate": "2021-03-15",
        "acceptedDate": "2021-03-15 17:01:37",
        "calendarYear": "2020",
        "period": "Q4",
        "revenue": 6000,
        "costOfRevenue": 38028000,
        "grossProfit": -38022000,
        "grossProfitRatio": -6337,
        "researchAndDevelopmentExpenses": 32451000,
        "generalAndAdministrativeExpenses": 8354000,
        "sellingAndMarketingExpenses": 0,
        "sellingGeneralAndAdministrativeExpenses": 8354000,
        "otherExpenses": 0,
        "operatingExpenses": 40805000,
        "costAndExpenses": 40805000,
        "interestIncome": 35000,
        "interestExpense": 1568000,
        "depreciationAndAmortization": 1272000,
        "ebitda": -39527000,
        "ebitdaratio": -6587.8333333333,
        "operatingIncome": -40799000,
        "operatingIncomeRatio": -6799.8333333333,
        "totalOtherIncomeExpensesNet": -54665000,
        "incomeBeforeTax": -95464000,
        "incomeBeforeTaxRatio": -15910.6666666667,
        "incomeTaxExpense": 0,
        "netIncome": -95464000,
        "netIncomeRatio": -15910.6666666667,
        "eps": -1.59,
        "epsdiluted": -1.59,
        "weightedAverageShsOut": 60210120,
        "weightedAverageShsOutDil": 60210120,
        "link": "https://www.sec.gov/Archives/edgar/data/1745999/000156459021013190/0001564590-21-013190-index.htm",
        "finalLink": "https://www.sec.gov/Archives/edgar/data/1745999/000156459021013190/beam-10k_20201231.htm"
    },
    {
        "date": "2020-09-30",
        "symbol": "BEAM",
        "reportedCurrency": "USD",
        "cik": "0001745999",
        "fillingDate": "2020-11-10",
        "acceptedDate": "2020-11-10 06:49:38",
        "calendarYear": "2020",
        "period": "Q3",
        "revenue": 6000,
        "costOfRevenue": 27826000,
        "grossProfit": -27820000,
        "grossProfitRatio": -4636.6666666667,
        "researchAndDevelopmentExpenses": 29825000,
        "generalAndAdministrativeExpenses": 7502000,
        "sellingAndMarketingExpenses": 0,
        "sellingGeneralAndAdministrativeExpenses": 7502000,
        "otherExpenses": 0,
        "operatingExpenses": 37327000,
        "costAndExpenses": 37327000,
        "interestIncome": 169000,
        "interestExpense": 169000,
        "depreciationAndAmortization": 1218000,
        "ebitda": -36103000,
        "ebitdaratio": -6017.1666666667,
        "operatingIncome": -37321000,
        "operatingIncomeRatio": -6220.1666666667,
        "totalOtherIncomeExpensesNet": 2869000,
        "incomeBeforeTax": -34452000,
        "incomeBeforeTaxRatio": -5742,
        "incomeTaxExpense": 0,
        "netIncome": -34452000,
        "netIncomeRatio": -5742,
        "eps": -0.69,
        "epsdiluted": -0.69,
        "weightedAverageShsOut": 50087747,
        "weightedAverageShsOutDil": 50087747,
        "link": "https://www.sec.gov/Archives/edgar/data/1745999/000156459020052723/0001564590-20-052723-index.htm",
        "finalLink": "https://www.sec.gov/Archives/edgar/data/1745999/000156459020052723/beam-10q_20200930.htm"
    },
    {
        "date": "2020-06-30",
        "symbol": "BEAM",
        "reportedCurrency": "USD",
        "cik": "0001745999",
        "fillingDate": "2020-08-12",
        "acceptedDate": "2020-08-12 07:45:38",
        "calendarYear": "2020",
        "period": "Q2",
        "revenue": 6000,
        "costOfRevenue": 19354000,
        "grossProfit": -19348000,
        "grossProfitRatio": -3224.6666666667,
        "researchAndDevelopmentExpenses": 19354000,
        "generalAndAdministrativeExpenses": 6937000,
        "sellingAndMarketingExpenses": 0,
        "sellingGeneralAndAdministrativeExpenses": 6937000,
        "otherExpenses": 0,
        "operatingExpenses": 26291000,
        "costAndExpenses": 26291000,
        "interestIncome": 767000,
        "interestExpense": 517000,
        "depreciationAndAmortization": 1145000,
        "ebitda": -25140000,
        "ebitdaratio": -4190,
        "operatingIncome": -26285000,
        "operatingIncomeRatio": -4380.8333333333,
        "totalOtherIncomeExpensesNet": -7933000,
        "incomeBeforeTax": -34218000,
        "incomeBeforeTaxRatio": -5703,
        "incomeTaxExpense": 0,
        "netIncome": -34218000,
        "netIncomeRatio": -5703,
        "eps": -0.69,
        "epsdiluted": -0.69,
        "weightedAverageShsOut": 49430138,
        "weightedAverageShsOutDil": 49430138,
        "link": "https://www.sec.gov/Archives/edgar/data/1745999/000156459020039490/0001564590-20-039490-index.htm",
        "finalLink": "https://www.sec.gov/Archives/edgar/data/1745999/000156459020039490/beam-10q_20200630.htm"
    },
    {
        "date": "2020-03-31",
        "symbol": "BEAM",
        "reportedCurrency": "USD",
        "cik": "0001745999",
        "fillingDate": "2020-05-12",
        "acceptedDate": "2020-05-12 16:14:31",
        "calendarYear": "2020",
        "period": "Q1",
        "revenue": 6000,
        "costOfRevenue": 21549000,
        "grossProfit": -21543000,
        "grossProfitRatio": -3590.5,
        "researchAndDevelopmentExpenses": 21549000,
        "generalAndAdministrativeExpenses": 6812000,
        "sellingAndMarketingExpenses": 0,
        "sellingGeneralAndAdministrativeExpenses": 6812000,
        "otherExpenses": 0,
        "operatingExpenses": 28361000,
        "costAndExpenses": 28361000,
        "interestIncome": 597000,
        "interestExpense": 0,
        "depreciationAndAmortization": 1100000,
        "ebitda": -27255000,
        "ebitdaratio": -4542.5,
        "operatingIncome": -28355000,
        "operatingIncomeRatio": -4725.8333333333,
        "totalOtherIncomeExpensesNet": -2103000,
        "incomeBeforeTax": -30458000,
        "incomeBeforeTaxRatio": -5076.3333333333,
        "incomeTaxExpense": 0,
        "netIncome": -30458000,
        "netIncomeRatio": -5076.3333333333,
        "eps": -0.99,
        "epsdiluted": -0.99,
        "weightedAverageShsOut": 30725077,
        "weightedAverageShsOutDil": 30725077,
        "link": "https://www.sec.gov/Archives/edgar/data/1745999/000156459020024664/0001564590-20-024664-index.htm",
        "finalLink": "https://www.sec.gov/Archives/edgar/data/1745999/000156459020024664/beam-10q_20200331.htm"
    },
    {
        "date": "2019-12-31",
        "symbol": "BEAM",
        "reportedCurrency": "USD",
        "cik": "0001745999",
        "fillingDate": "2020-03-30",
        "acceptedDate": "2020-03-30 17:26:08",
        "calendarYear": "2019",
        "period": "Q4",
        "revenue": 6000,
        "costOfRevenue": 19131000,
        "grossProfit": -19125000,
        "grossProfitRatio": -3187.5,
        "researchAndDevelopmentExpenses": 20217000,
        "generalAndAdministrativeExpenses": 6160000,
        "sellingAndMarketingExpenses": 0,
        "sellingGeneralAndAdministrativeExpenses": 6160000,
        "otherExpenses": -64000,
        "operatingExpenses": 26377000,
        "costAndExpenses": 26377000,
        "interestIncome": 504000,
        "interestExpense": 119000,
        "depreciationAndAmortization": 1002000,
        "ebitda": -25844000,
        "ebitdaratio": -4307.3333333333,
        "operatingIncome": -26371000,
        "operatingIncomeRatio": -4395.1666666667,
        "totalOtherIncomeExpensesNet": -1479000,
        "incomeBeforeTax": -27850000,
        "incomeBeforeTaxRatio": -4641.6666666667,
        "incomeTaxExpense": 55000,
        "netIncome": -27850000,
        "netIncomeRatio": -4641.6666666667,
        "eps": -0.91,
        "epsdiluted": -0.91,
        "weightedAverageShsOut": 30725077,
        "weightedAverageShsOutDil": 30725077,
        "link": "https://www.sec.gov/Archives/edgar/data/1745999/000156459020014308/0001564590-20-014308-index.htm",
        "finalLink": "https://www.sec.gov/Archives/edgar/data/1745999/000156459020014308/beam-10k_20191231.htm"
    },
    {
        "date": "2019-09-30",
        "symbol": "BEAM",
        "reportedCurrency": "USD",
        "cik": "0001745999",
        "fillingDate": "2019-09-30",
        "acceptedDate": "2019-09-29 20:00:00",
        "calendarYear": "2019",
        "period": "Q3",
        "revenue": 6000,
        "costOfRevenue": 11368000,
        "grossProfit": -11362000,
        "grossProfitRatio": -1893.6666666667,
        "researchAndDevelopmentExpenses": 12543000,
        "generalAndAdministrativeExpenses": 5487000,
        "sellingAndMarketingExpenses": 0,
        "sellingGeneralAndAdministrativeExpenses": 5487000,
        "otherExpenses": -2000,
        "operatingExpenses": 18030000,
        "costAndExpenses": 18030000,
        "interestIncome": 689000,
        "interestExpense": 70000,
        "depreciationAndAmortization": 908000,
        "ebitda": -17116000,
        "ebitdaratio": -2852.6666666667,
        "operatingIncome": -18024000,
        "operatingIncomeRatio": -3004,
        "totalOtherIncomeExpensesNet": -981000,
        "incomeBeforeTax": -19005000,
        "incomeBeforeTaxRatio": -3167.5,
        "incomeTaxExpense": 0,
        "netIncome": -19005000,
        "netIncomeRatio": -3167.5,
        "eps": -0.54,
        "epsdiluted": -0.54,
        "weightedAverageShsOut": 35137576,
        "weightedAverageShsOutDil": 35137576,
        "link": "",
        "finalLink": ""
    },
    {
        "date": "2019-06-30",
        "symbol": "BEAM",
        "reportedCurrency": "USD",
        "cik": "0001745999",
        "fillingDate": "2019-06-30",
        "acceptedDate": "2019-06-29 20:00:00",
        "calendarYear": "2019",
        "period": "Q2",
        "revenue": 6000,
        "costOfRevenue": 11212000,
        "grossProfit": -11206000,
        "grossProfitRatio": -1867.6666666667,
        "researchAndDevelopmentExpenses": 12680000,
        "generalAndAdministrativeExpenses": 4977000,
        "sellingAndMarketingExpenses": 0,
        "sellingGeneralAndAdministrativeExpenses": 4977000,
        "otherExpenses": 0,
        "operatingExpenses": 17657000,
        "costAndExpenses": 17657000,
        "interestIncome": 790000,
        "interestExpense": 0,
        "depreciationAndAmortization": 858000,
        "ebitda": -16793000,
        "ebitdaratio": -2798.8333333333,
        "operatingIncome": -17651000,
        "operatingIncomeRatio": -2941.8333333333,
        "totalOtherIncomeExpensesNet": -210000,
        "incomeBeforeTax": -17861000,
        "incomeBeforeTaxRatio": -2976.8333333333,
        "incomeTaxExpense": 0,
        "netIncome": -17861000,
        "netIncomeRatio": -2976.8333333333,
        "eps": -0.51,
        "epsdiluted": -0.51,
        "weightedAverageShsOut": 35137576,
        "weightedAverageShsOutDil": 35137576,
        "link": "",
        "finalLink": ""
    },
    {
        "date": "2019-03-31",
        "symbol": "BEAM",
        "reportedCurrency": "USD",
        "cik": "0001745999",
        "fillingDate": "2019-03-31",
        "acceptedDate": "2019-03-31 00:00:00",
        "calendarYear": "2019",
        "period": "Q1",
        "revenue": 0,
        "costOfRevenue": 8672000,
        "grossProfit": -8672000,
        "grossProfitRatio": 0,
        "researchAndDevelopmentExpenses": 9179000,
        "generalAndAdministrativeExpenses": 3929000,
        "sellingAndMarketingExpenses": 0,
        "sellingGeneralAndAdministrativeExpenses": 3929000,
        "otherExpenses": 0,
        "operatingExpenses": 13108000,
        "costAndExpenses": 13108000,
        "interestIncome": 498000,
        "interestExpense": 0,
        "depreciationAndAmortization": 735000,
        "ebitda": -12373000,
        "ebitdaratio": 0,
        "operatingIncome": -13108000,
        "operatingIncomeRatio": 0,
        "totalOtherIncomeExpensesNet": -502000,
        "incomeBeforeTax": -13610000,
        "incomeBeforeTaxRatio": 0,
        "incomeTaxExpense": 0,
        "netIncome": -13610000,
        "netIncomeRatio": 0,
        "eps": -0.39,
        "epsdiluted": -0.39,
        "weightedAverageShsOut": 35137576,
        "weightedAverageShsOutDil": 35137576,
        "link": "",
        "finalLink": ""
    },
    {
        "date": "2018-12-31",
        "symbol": "BEAM",
        "reportedCurrency": "USD",
        "cik": "0001745999",
        "fillingDate": "2018-12-31",
        "acceptedDate": "2018-12-30 19:00:00",
        "calendarYear": "2018",
        "period": "Q4",
        "revenue": 0,
        "costOfRevenue": 8849000,
        "grossProfit": -8849000,
        "grossProfitRatio": 0,
        "researchAndDevelopmentExpenses": 9852000,
        "generalAndAdministrativeExpenses": 3711000,
        "sellingAndMarketingExpenses": 0,
        "sellingGeneralAndAdministrativeExpenses": 3711000,
        "otherExpenses": -5648000,
        "operatingExpenses": 13563000,
        "costAndExpenses": 13563000,
        "interestIncome": 217000,
        "interestExpense": 0,
        "depreciationAndAmortization": 533000,
        "ebitda": -24661000,
        "ebitdaratio": 0,
        "operatingIncome": -13563000,
        "operatingIncomeRatio": 0,
        "totalOtherIncomeExpensesNet": -11631000,
        "incomeBeforeTax": -25194000,
        "incomeBeforeTaxRatio": 0,
        "incomeTaxExpense": 0,
        "netIncome": -25194000,
        "netIncomeRatio": 0,
        "eps": -0.72,
        "epsdiluted": -0.72,
        "weightedAverageShsOut": 35137576,
        "weightedAverageShsOutDil": 35137576,
        "link": "",
        "finalLink": ""
    },
    {
        "date": "2018-09-30",
        "symbol": "BEAM",
        "reportedCurrency": "USD",
        "cik": "0001745999",
        "fillingDate": "2018-09-30",
        "acceptedDate": "2018-09-29 20:00:00",
        "calendarYear": "2018",
        "period": "Q3",
        "revenue": 0,
        "costOfRevenue": 6127000,
        "grossProfit": -6127000,
        "grossProfitRatio": 0,
        "researchAndDevelopmentExpenses": 9854000,
        "generalAndAdministrativeExpenses": 2834000,
        "sellingAndMarketingExpenses": 0,
        "sellingGeneralAndAdministrativeExpenses": 2834000,
        "otherExpenses": -4004000,
        "operatingExpenses": 12688000,
        "costAndExpenses": 12688000,
        "interestIncome": 75000,
        "interestExpense": 0,
        "depreciationAndAmortization": 64000,
        "ebitda": -71087000,
        "ebitdaratio": 0,
        "operatingIncome": -12688000,
        "operatingIncomeRatio": 0,
        "totalOtherIncomeExpensesNet": -58463000,
        "incomeBeforeTax": -71151000,
        "incomeBeforeTaxRatio": 0,
        "incomeTaxExpense": 0,
        "netIncome": -69800000,
        "netIncomeRatio": 0,
        "eps": -1.99,
        "epsdiluted": -1.99,
        "weightedAverageShsOut": 35137576,
        "weightedAverageShsOutDil": 35137576,
        "link": "",
        "finalLink": ""
    },
    {
        "date": "2018-06-30",
        "symbol": "BEAM",
        "reportedCurrency": "USD",
        "cik": "0001745999",
        "fillingDate": "2018-06-30",
        "acceptedDate": "2018-06-29 20:00:00",
        "calendarYear": "2018",
        "period": "Q2",
        "revenue": 0,
        "costOfRevenue": 6502000,
        "grossProfit": -6502000,
        "grossProfitRatio": 0,
        "researchAndDevelopmentExpenses": 7083500,
        "generalAndAdministrativeExpenses": 2661500,
        "sellingAndMarketingExpenses": 0,
        "sellingGeneralAndAdministrativeExpenses": 2661500,
        "otherExpenses": 0,
        "operatingExpenses": 3694500,
        "costAndExpenses": 10196500,
        "interestIncome": 0,
        "interestExpense": 0,
        "depreciationAndAmortization": 26500,
        "ebitda": -9718500,
        "ebitdaratio": 0,
        "operatingIncome": -9745000,
        "operatingIncomeRatio": 0,
        "totalOtherIncomeExpensesNet": -451500,
        "incomeBeforeTax": -10196500,
        "incomeBeforeTaxRatio": 0,
        "incomeTaxExpense": 0,
        "netIncome": -10308500,
        "netIncomeRatio": 0,
        "eps": -8.11,
        "epsdiluted": -8.11,
        "weightedAverageShsOut": 1270721,
        "weightedAverageShsOutDil": 1270721,
        "link": null,
        "finalLink": null
    },
    {
        "date": "2018-03-31",
        "symbol": "BEAM",
        "reportedCurrency": "USD",
        "cik": "0001745999",
        "fillingDate": "2018-03-31",
        "acceptedDate": "2018-03-30 20:00:00",
        "calendarYear": "2018",
        "period": "Q1",
        "revenue": 0,
        "costOfRevenue": 6502000,
        "grossProfit": -6502000,
        "grossProfitRatio": 0,
        "researchAndDevelopmentExpenses": 7083500,
        "generalAndAdministrativeExpenses": 2661500,
        "sellingAndMarketingExpenses": 0,
        "sellingGeneralAndAdministrativeExpenses": 2661500,
        "otherExpenses": 0,
        "operatingExpenses": 3694500,
        "costAndExpenses": 10196500,
        "interestIncome": 0,
        "interestExpense": 0,
        "depreciationAndAmortization": 26500,
        "ebitda": -9718500,
        "ebitdaratio": 0,
        "operatingIncome": -9745000,
        "operatingIncomeRatio": 0,
        "totalOtherIncomeExpensesNet": -451500,
        "incomeBeforeTax": -10196500,
        "incomeBeforeTaxRatio": 0,
        "incomeTaxExpense": 0,
        "netIncome": -10308500,
        "netIncomeRatio": 0,
        "eps": -8.11,
        "epsdiluted": -8.11,
        "weightedAverageShsOut": 1270721,
        "weightedAverageShsOutDil": 1270721,
        "link": null,
        "finalLink": null
    }
]