[
    {
        "date": "2019-09-30",
        "symbol": "BVSN",
        "reportedCurrency": "USD",
        "cik": "0000920448",
        "fillingDate": "2019-11-19",
        "acceptedDate": "2019-11-19 16:24:35",
        "calendarYear": "2019",
        "period": "Q3",
        "revenue": 708000,
        "costOfRevenue": 87000,
        "grossProfit": 621000,
        "grossProfitRatio": 0.8771186441,
        "researchAndDevelopmentExpenses": 322000,
        "generalAndAdministrativeExpenses": 659000,
        "sellingAndMarketingExpenses": 6000,
        "sellingGeneralAndAdministrativeExpenses": 665000,
        "otherExpenses": 1.1641532182693481e-10,
        "operatingExpenses": 987000,
        "costAndExpenses": 1074000,
        "interestIncome": 0,
        "interestExpense": 4000,
        "depreciationAndAmortization": 1000,
        "ebitda": 1666000,
        "ebitdaratio": 2.3531073446,
        "operatingIncome": -366000,
        "operatingIncomeRatio": -0.5169491525,
        "totalOtherIncomeExpensesNet": -186000,
        "incomeBeforeTax": -552000,
        "incomeBeforeTaxRatio": -0.7796610169,
        "incomeTaxExpense": -2000,
        "netIncome": 1663000,
        "netIncomeRatio": 2.3488700565,
        "eps": 0.33,
        "epsdiluted": 0.33,
        "weightedAverageShsOut": 5034000,
        "weightedAverageShsOutDil": 5034000,
        "link": "https://www.sec.gov/Archives/edgar/data/920448/000156276219000314/0001562762-19-000314-index.htm",
        "finalLink": "https://www.sec.gov/Archives/edgar/data/920448/000156276219000314/bvsn-20190930x10q.htm"
    },
    {
        "date": "2019-06-30",
        "symbol": "BVSN",
        "reportedCurrency": "USD",
        "cik": "0000920448",
        "fillingDate": "2019-08-15",
        "acceptedDate": "2019-08-15 16:31:02",
        "calendarYear": "2019",
        "period": "Q2",
        "revenue": 1589000,
        "costOfRevenue": 148000,
        "grossProfit": 1441000,
        "grossProfitRatio": 0.9068596602,
        "researchAndDevelopmentExpenses": 215000,
        "generalAndAdministrativeExpenses": 1123000,
        "sellingAndMarketingExpenses": 293000,
        "sellingGeneralAndAdministrativeExpenses": 1416000,
        "otherExpenses": 0,
        "operatingExpenses": 1631000,
        "costAndExpenses": 1779000,
        "interestIncome": 0,
        "interestExpense": 8000,
        "depreciationAndAmortization": -16999.999999999996,
        "ebitda": -566000,
        "ebitdaratio": -0.3561988672,
        "operatingIncome": -190000,
        "operatingIncomeRatio": -0.1195720579,
        "totalOtherIncomeExpensesNet": 24000,
        "incomeBeforeTax": -166000,
        "incomeBeforeTaxRatio": -0.104468219,
        "incomeTaxExpense": 17000,
        "netIncome": -574000,
        "netIncomeRatio": -0.3612334802,
        "eps": -0.11,
        "epsdiluted": -0.11,
        "weightedAverageShsOut": 5035500,
        "weightedAverageShsOutDil": 5035500,
        "link": "https://www.sec.gov/Archives/edgar/data/920448/000156276219000218/0001562762-19-000218-index.htm",
        "finalLink": "https://www.sec.gov/Archives/edgar/data/920448/000156276219000218/bvsn-20190630x10q.htm"
    },
    {
        "date": "2019-03-31",
        "symbol": "BVSN",
        "reportedCurrency": "USD",
        "cik": "0000920448",
        "fillingDate": "2019-05-15",
        "acceptedDate": "2019-05-15 16:18:11",
        "calendarYear": "2019",
        "period": "Q1",
        "revenue": 1068000,
        "costOfRevenue": 273000,
        "grossProfit": 795000,
        "grossProfitRatio": 0.7443820225,
        "researchAndDevelopmentExpenses": 661000,
        "generalAndAdministrativeExpenses": 610000,
        "sellingAndMarketingExpenses": 302000,
        "sellingGeneralAndAdministrativeExpenses": 912000,
        "otherExpenses": 0,
        "operatingExpenses": 1573000,
        "costAndExpenses": 1846000,
        "interestIncome": 0,
        "interestExpense": 10000,
        "depreciationAndAmortization": 22000,
        "ebitda": -253000,
        "ebitdaratio": -0.2368913858,
        "operatingIncome": -778000,
        "operatingIncomeRatio": -0.7284644195,
        "totalOtherIncomeExpensesNet": -81000,
        "incomeBeforeTax": -859000,
        "incomeBeforeTaxRatio": -0.8043071161,
        "incomeTaxExpense": 4000,
        "netIncome": -289000,
        "netIncomeRatio": -0.2705992509,
        "eps": -0.0578,
        "epsdiluted": -0.0578,
        "weightedAverageShsOut": 5002000,
        "weightedAverageShsOutDil": 5002000,
        "link": "https://www.sec.gov/Archives/edgar/data/920448/000156276219000129/0001562762-19-000129-index.htm",
        "finalLink": "https://www.sec.gov/Archives/edgar/data/920448/000156276219000129/bvsn-20190331x10q.htm"
    },
    {
        "date": "2018-12-31",
        "symbol": "BVSN",
        "reportedCurrency": "USD",
        "cik": "0000920448",
        "fillingDate": "2019-04-01",
        "acceptedDate": "2019-04-01 16:22:11",
        "calendarYear": "2018",
        "period": "Q4",
        "revenue": 1241000,
        "costOfRevenue": 353000,
        "grossProfit": 888000,
        "grossProfitRatio": 0.7155519742,
        "researchAndDevelopmentExpenses": 1235000,
        "generalAndAdministrativeExpenses": 1016000,
        "sellingAndMarketingExpenses": 291000,
        "sellingGeneralAndAdministrativeExpenses": 1307000,
        "otherExpenses": 0,
        "operatingExpenses": 2542000,
        "costAndExpenses": 2895000,
        "interestIncome": 0,
        "interestExpense": 18000,
        "depreciationAndAmortization": 17000,
        "ebitda": -1632000,
        "ebitdaratio": -1.3150684932,
        "operatingIncome": -1654000,
        "operatingIncomeRatio": -1.3327961322,
        "totalOtherIncomeExpensesNet": -13000,
        "incomeBeforeTax": -1667000,
        "incomeBeforeTaxRatio": -1.3432715552,
        "incomeTaxExpense": -35000,
        "netIncome": -1632000,
        "netIncomeRatio": -1.3150684932,
        "eps": -0.33,
        "epsdiluted": -0.33,
        "weightedAverageShsOut": 4997000,
        "weightedAverageShsOutDil": 4997000,
        "link": "https://www.sec.gov/Archives/edgar/data/920448/000156276219000093/0001562762-19-000093-index.htm",
        "finalLink": "https://www.sec.gov/Archives/edgar/data/920448/000156276219000093/bvsn-20181231x10k.htm"
    },
    {
        "date": "2018-09-30",
        "symbol": "BVSN",
        "reportedCurrency": "USD",
        "cik": "0000920448",
        "fillingDate": "2018-11-14",
        "acceptedDate": "2018-11-14 16:19:16",
        "calendarYear": "2018",
        "period": "Q3",
        "revenue": 743000,
        "costOfRevenue": 132000,
        "grossProfit": 611000,
        "grossProfitRatio": 0.8223418573,
        "researchAndDevelopmentExpenses": 235000,
        "generalAndAdministrativeExpenses": 258000,
        "sellingAndMarketingExpenses": 508000,
        "sellingGeneralAndAdministrativeExpenses": 766000,
        "otherExpenses": 0,
        "operatingExpenses": 1001000,
        "costAndExpenses": 1133000,
        "interestIncome": 0,
        "interestExpense": 13000,
        "depreciationAndAmortization": -10000,
        "ebitda": -1711000,
        "ebitdaratio": -2.3028263795,
        "operatingIncome": -390000,
        "operatingIncomeRatio": -0.5248990579,
        "totalOtherIncomeExpensesNet": -59000,
        "incomeBeforeTax": -449000,
        "incomeBeforeTaxRatio": -0.6043068641,
        "incomeTaxExpense": 2000,
        "netIncome": -1716000,
        "netIncomeRatio": -2.3095558546,
        "eps": -0.34,
        "epsdiluted": -0.34,
        "weightedAverageShsOut": 4998000,
        "weightedAverageShsOutDil": 4998000,
        "link": "https://www.sec.gov/Archives/edgar/data/920448/000092044818000061/0000920448-18-000061-index.htm",
        "finalLink": "https://www.sec.gov/Archives/edgar/data/920448/000092044818000061/bvsn-20180930x10q.htm"
    },
    {
        "date": "2018-06-30",
        "symbol": "BVSN",
        "reportedCurrency": "USD",
        "cik": "0000920448",
        "fillingDate": "2018-08-14",
        "acceptedDate": "2018-08-14 16:45:25",
        "calendarYear": "2018",
        "period": "Q2",
        "revenue": 600000,
        "costOfRevenue": -200000,
        "grossProfit": 800000,
        "grossProfitRatio": 1.3333333333,
        "researchAndDevelopmentExpenses": -400000,
        "generalAndAdministrativeExpenses": 236000,
        "sellingAndMarketingExpenses": 464000,
        "sellingGeneralAndAdministrativeExpenses": 700000,
        "otherExpenses": 5.820766091346741e-11,
        "operatingExpenses": 300000,
        "costAndExpenses": 100000,
        "interestIncome": 0,
        "interestExpense": 0,
        "depreciationAndAmortization": -2700000,
        "ebitda": -2200000,
        "ebitdaratio": -3.6666666667,
        "operatingIncome": 500000,
        "operatingIncomeRatio": 0.8333333333,
        "totalOtherIncomeExpensesNet": -300000,
        "incomeBeforeTax": 200000,
        "incomeBeforeTaxRatio": 0.3333333333,
        "incomeTaxExpense": 2400000,
        "netIncome": -2200000,
        "netIncomeRatio": -3.6666666667,
        "eps": -0.43,
        "epsdiluted": -0.43,
        "weightedAverageShsOut": 5100000,
        "weightedAverageShsOutDil": 5100000,
        "link": "https://www.sec.gov/Archives/edgar/data/920448/000092044818000045/0000920448-18-000045-index.htm",
        "finalLink": "https://www.sec.gov/Archives/edgar/data/920448/000092044818000045/bvsn-20180630x10q.htm"
    },
    {
        "date": "2018-03-31",
        "symbol": "BVSN",
        "reportedCurrency": "USD",
        "cik": "0000920448",
        "fillingDate": "2018-05-15",
        "acceptedDate": "2018-05-15 16:18:35",
        "calendarYear": "2018",
        "period": "Q1",
        "revenue": 1600000,
        "costOfRevenue": 600000,
        "grossProfit": 1000000,
        "grossProfitRatio": 0.625,
        "researchAndDevelopmentExpenses": 1400000,
        "generalAndAdministrativeExpenses": 734000,
        "sellingAndMarketingExpenses": 566000,
        "sellingGeneralAndAdministrativeExpenses": 1300000,
        "otherExpenses": -4.656612873077393e-10,
        "operatingExpenses": 2700000,
        "costAndExpenses": 3300000,
        "interestIncome": 0,
        "interestExpense": 0,
        "depreciationAndAmortization": 10000,
        "ebitda": -1490000,
        "ebitdaratio": -0.93125,
        "operatingIncome": -1700000,
        "operatingIncomeRatio": -1.0625,
        "totalOtherIncomeExpensesNet": 200000,
        "incomeBeforeTax": -1500000,
        "incomeBeforeTaxRatio": -0.9375,
        "incomeTaxExpense": 0,
        "netIncome": -1500000,
        "netIncomeRatio": -0.9375,
        "eps": -0.3,
        "epsdiluted": -0.3,
        "weightedAverageShsOut": 5000000,
        "weightedAverageShsOutDil": 5000000,
        "link": "https://www.sec.gov/Archives/edgar/data/920448/000092044818000037/0000920448-18-000037-index.htm",
        "finalLink": "https://www.sec.gov/Archives/edgar/data/920448/000092044818000037/bvsn-20180331x10q.htm"
    },
    {
        "date": "2017-12-31",
        "symbol": "BVSN",
        "reportedCurrency": "USD",
        "cik": "0000920448",
        "fillingDate": "2018-04-02",
        "acceptedDate": "2018-04-02 16:32:07",
        "calendarYear": "2017",
        "period": "Q4",
        "revenue": 1500000,
        "costOfRevenue": 800000,
        "grossProfit": 700000,
        "grossProfitRatio": 0.4666666667,
        "researchAndDevelopmentExpenses": 1600000,
        "generalAndAdministrativeExpenses": 1067000,
        "sellingAndMarketingExpenses": 733000,
        "sellingGeneralAndAdministrativeExpenses": 1800000,
        "otherExpenses": -100000,
        "operatingExpenses": 3300000,
        "costAndExpenses": 4100000,
        "interestIncome": 0,
        "interestExpense": 0,
        "depreciationAndAmortization": -81800000,
        "ebitda": -84500000,
        "ebitdaratio": -56.3333333333,
        "operatingIncome": -2700000,
        "operatingIncomeRatio": -1.8,
        "totalOtherIncomeExpensesNet": 100000,
        "incomeBeforeTax": -2600000,
        "incomeBeforeTaxRatio": -1.7333333333,
        "incomeTaxExpense": -82100000,
        "netIncome": -2400000,
        "netIncomeRatio": -1.6,
        "eps": -0.48,
        "epsdiluted": -0.48,
        "weightedAverageShsOut": 5000000,
        "weightedAverageShsOutDil": 5000000,
        "link": "https://www.sec.gov/Archives/edgar/data/920448/000092044818000020/0000920448-18-000020-index.htm",
        "finalLink": "https://www.sec.gov/Archives/edgar/data/920448/000092044818000020/bvsn-20171231x10k.htm"
    },
    {
        "date": "2017-09-30",
        "symbol": "BVSN",
        "reportedCurrency": "USD",
        "cik": "0000920448",
        "fillingDate": "2017-11-13",
        "acceptedDate": "2017-11-13 16:24:32",
        "calendarYear": "2017",
        "period": "Q3",
        "revenue": 1500000,
        "costOfRevenue": 700000,
        "grossProfit": 800000,
        "grossProfitRatio": 0.5333333333,
        "researchAndDevelopmentExpenses": 1700000,
        "generalAndAdministrativeExpenses": 826000,
        "sellingAndMarketingExpenses": 974000,
        "sellingGeneralAndAdministrativeExpenses": 1800000,
        "otherExpenses": 0,
        "operatingExpenses": 3500000,
        "costAndExpenses": 4200000,
        "interestIncome": 0,
        "interestExpense": 0,
        "depreciationAndAmortization": 9999.999999999998,
        "ebitda": -2490000,
        "ebitdaratio": -1.66,
        "operatingIncome": -2700000,
        "operatingIncomeRatio": -1.8,
        "totalOtherIncomeExpensesNet": 200000,
        "incomeBeforeTax": -2500000,
        "incomeBeforeTaxRatio": -1.6666666667,
        "incomeTaxExpense": 0,
        "netIncome": -2500000,
        "netIncomeRatio": -1.6666666667,
        "eps": -0.5,
        "epsdiluted": -0.5,
        "weightedAverageShsOut": 5000000,
        "weightedAverageShsOutDil": 5000000,
        "link": "https://www.sec.gov/Archives/edgar/data/920448/000092044817000071/0000920448-17-000071-index.htm",
        "finalLink": "https://www.sec.gov/Archives/edgar/data/920448/000092044817000071/bvsn-20170930x10q.htm"
    },
    {
        "date": "2017-06-30",
        "symbol": "BVSN",
        "reportedCurrency": "USD",
        "cik": "0000920448",
        "fillingDate": "2017-08-14",
        "acceptedDate": "2017-08-14 16:56:00",
        "calendarYear": "2017",
        "period": "Q2",
        "revenue": 1600000,
        "costOfRevenue": 800000,
        "grossProfit": 800000,
        "grossProfitRatio": 0.5,
        "researchAndDevelopmentExpenses": 1700000,
        "generalAndAdministrativeExpenses": 788000,
        "sellingAndMarketingExpenses": 1012000,
        "sellingGeneralAndAdministrativeExpenses": 1800000,
        "otherExpenses": 0,
        "operatingExpenses": 3500000,
        "costAndExpenses": 4300000,
        "interestIncome": 0,
        "interestExpense": 0,
        "depreciationAndAmortization": 10000,
        "ebitda": -2390000,
        "ebitdaratio": -1.49375,
        "operatingIncome": -2600000,
        "operatingIncomeRatio": -1.625,
        "totalOtherIncomeExpensesNet": 200000,
        "incomeBeforeTax": -2400000,
        "incomeBeforeTaxRatio": -1.5,
        "incomeTaxExpense": 0,
        "netIncome": -2400000,
        "netIncomeRatio": -1.5,
        "eps": -0.48,
        "epsdiluted": -0.48,
        "weightedAverageShsOut": 5000000,
        "weightedAverageShsOutDil": 5000000,
        "link": "https://www.sec.gov/Archives/edgar/data/920448/000092044817000065/0000920448-17-000065-index.htm",
        "finalLink": "https://www.sec.gov/Archives/edgar/data/920448/000092044817000065/bvsn-20170630x10q.htm"
    },
    {
        "date": "2017-03-31",
        "symbol": "BVSN",
        "reportedCurrency": "USD",
        "cik": "0000920448",
        "fillingDate": "2017-05-12",
        "acceptedDate": "2017-05-12 16:49:57",
        "calendarYear": "2017",
        "period": "Q1",
        "revenue": 1800000,
        "costOfRevenue": 800000,
        "grossProfit": 1000000,
        "grossProfitRatio": 0.5555555556,
        "researchAndDevelopmentExpenses": 1700000,
        "generalAndAdministrativeExpenses": 1043000,
        "sellingAndMarketingExpenses": 957000,
        "sellingGeneralAndAdministrativeExpenses": 2000000,
        "otherExpenses": 0,
        "operatingExpenses": 3700000,
        "costAndExpenses": 4500000,
        "interestIncome": 0,
        "interestExpense": 0,
        "depreciationAndAmortization": 10000,
        "ebitda": -2590000,
        "ebitdaratio": -1.4388888889,
        "operatingIncome": -2700000,
        "operatingIncomeRatio": -1.5,
        "totalOtherIncomeExpensesNet": 100000,
        "incomeBeforeTax": -2600000,
        "incomeBeforeTaxRatio": -1.4444444444,
        "incomeTaxExpense": 0,
        "netIncome": -2600000,
        "netIncomeRatio": -1.4444444444,
        "eps": -0.52,
        "epsdiluted": -0.52,
        "weightedAverageShsOut": 5000000,
        "weightedAverageShsOutDil": 5000000,
        "link": "https://www.sec.gov/Archives/edgar/data/920448/000092044817000044/0000920448-17-000044-index.htm",
        "finalLink": "https://www.sec.gov/Archives/edgar/data/920448/000092044817000044/bvsn-20170331x10q.htm"
    },
    {
        "date": "2016-12-31",
        "symbol": "BVSN",
        "reportedCurrency": "USD",
        "cik": "0000920448",
        "fillingDate": "2017-03-30",
        "acceptedDate": "2017-03-30 17:04:28",
        "calendarYear": "2016",
        "period": "Q4",
        "revenue": 2100000,
        "costOfRevenue": 800000,
        "grossProfit": 1300000,
        "grossProfitRatio": 0.619047619,
        "researchAndDevelopmentExpenses": 1700000,
        "generalAndAdministrativeExpenses": 828000,
        "sellingAndMarketingExpenses": 872000,
        "sellingGeneralAndAdministrativeExpenses": 1700000,
        "otherExpenses": 4.656612873077393e-10,
        "operatingExpenses": 3400000,
        "costAndExpenses": 4200000,
        "interestIncome": 0,
        "interestExpense": 0,
        "depreciationAndAmortization": 10000,
        "ebitda": -2390000,
        "ebitdaratio": -1.1380952381,
        "operatingIncome": -2100000,
        "operatingIncomeRatio": -1,
        "totalOtherIncomeExpensesNet": -300000,
        "incomeBeforeTax": -2400000,
        "incomeBeforeTaxRatio": -1.1428571429,
        "incomeTaxExpense": 0,
        "netIncome": -2400000,
        "netIncomeRatio": -1.1428571429,
        "eps": -0.48,
        "epsdiluted": -0.48,
        "weightedAverageShsOut": 5000000,
        "weightedAverageShsOutDil": 5000000,
        "link": "https://www.sec.gov/Archives/edgar/data/920448/000092044817000021/0000920448-17-000021-index.htm",
        "finalLink": "https://www.sec.gov/Archives/edgar/data/920448/000092044817000021/bvsn-20161231x10k.htm"
    },
    {
        "date": "2016-09-30",
        "symbol": "BVSN",
        "reportedCurrency": "USD",
        "cik": "0000920448",
        "fillingDate": "2016-11-10",
        "acceptedDate": "2016-11-10 17:06:05",
        "calendarYear": "2016",
        "period": "Q3",
        "revenue": 2000000,
        "costOfRevenue": 900000,
        "grossProfit": 1100000,
        "grossProfitRatio": 0.55,
        "researchAndDevelopmentExpenses": 1700000,
        "generalAndAdministrativeExpenses": 872000,
        "sellingAndMarketingExpenses": 928000,
        "sellingGeneralAndAdministrativeExpenses": 1800000,
        "otherExpenses": 4.656612873077393e-10,
        "operatingExpenses": 3500000,
        "costAndExpenses": 4400000,
        "interestIncome": 0,
        "interestExpense": 0,
        "depreciationAndAmortization": 9999.999999999998,
        "ebitda": -2390000,
        "ebitdaratio": -1.195,
        "operatingIncome": -2500000,
        "operatingIncomeRatio": -1.25,
        "totalOtherIncomeExpensesNet": 100000,
        "incomeBeforeTax": -2400000,
        "incomeBeforeTaxRatio": -1.2,
        "incomeTaxExpense": 0,
        "netIncome": -2400000,
        "netIncomeRatio": -1.2,
        "eps": -0.49,
        "epsdiluted": -0.49,
        "weightedAverageShsOut": 4900000,
        "weightedAverageShsOutDil": 4900000,
        "link": "https://www.sec.gov/Archives/edgar/data/920448/000092044816000204/0000920448-16-000204-index.htm",
        "finalLink": "https://www.sec.gov/Archives/edgar/data/920448/000092044816000204/bvsn-20160930x10q.htm"
    },
    {
        "date": "2016-06-30",
        "symbol": "BVSN",
        "reportedCurrency": "USD",
        "cik": "0000920448",
        "fillingDate": "2016-08-12",
        "acceptedDate": "2016-08-12 17:29:14",
        "calendarYear": "2016",
        "period": "Q2",
        "revenue": 1900000,
        "costOfRevenue": 900000,
        "grossProfit": 1000000,
        "grossProfitRatio": 0.5263157895,
        "researchAndDevelopmentExpenses": 1700000,
        "generalAndAdministrativeExpenses": 1000000,
        "sellingAndMarketingExpenses": 1100000,
        "sellingGeneralAndAdministrativeExpenses": 2100000,
        "otherExpenses": -100000.00000000047,
        "operatingExpenses": 3700000,
        "costAndExpenses": 4600000,
        "interestIncome": 0,
        "interestExpense": 0,
        "depreciationAndAmortization": 10000,
        "ebitda": -2590000,
        "ebitdaratio": -1.3631578947,
        "operatingIncome": -2700000,
        "operatingIncomeRatio": -1.4210526316,
        "totalOtherIncomeExpensesNet": 100000,
        "incomeBeforeTax": -2600000,
        "incomeBeforeTaxRatio": -1.3684210526,
        "incomeTaxExpense": 0,
        "netIncome": -2600000,
        "netIncomeRatio": -1.3684210526,
        "eps": -0.53,
        "epsdiluted": -0.53,
        "weightedAverageShsOut": 4900000,
        "weightedAverageShsOutDil": 4900000,
        "link": "https://www.sec.gov/Archives/edgar/data/920448/000092044816000186/0000920448-16-000186-index.htm",
        "finalLink": "https://www.sec.gov/Archives/edgar/data/920448/000092044816000186/bvsn-20160630x10q.htm"
    },
    {
        "date": "2016-03-31",
        "symbol": "BVSN",
        "reportedCurrency": "USD",
        "cik": "0000920448",
        "fillingDate": "2016-05-16",
        "acceptedDate": "2016-05-16 17:23:42",
        "calendarYear": "2016",
        "period": "Q1",
        "revenue": 2000000,
        "costOfRevenue": 800000,
        "grossProfit": 1200000,
        "grossProfitRatio": 0.6,
        "researchAndDevelopmentExpenses": 1700000,
        "generalAndAdministrativeExpenses": 949000,
        "sellingAndMarketingExpenses": 1151000,
        "sellingGeneralAndAdministrativeExpenses": 2100000,
        "otherExpenses": 100000,
        "operatingExpenses": 3900000,
        "costAndExpenses": 4700000,
        "interestIncome": 0,
        "interestExpense": 0,
        "depreciationAndAmortization": 10000,
        "ebitda": -2090000,
        "ebitdaratio": -1.045,
        "operatingIncome": -2700000,
        "operatingIncomeRatio": -1.35,
        "totalOtherIncomeExpensesNet": 700000,
        "incomeBeforeTax": -2000000,
        "incomeBeforeTaxRatio": -1,
        "incomeTaxExpense": 700000,
        "netIncome": -2100000,
        "netIncomeRatio": -1.05,
        "eps": -0.43,
        "epsdiluted": -0.43,
        "weightedAverageShsOut": 4900000,
        "weightedAverageShsOutDil": 4900000,
        "link": "https://www.sec.gov/Archives/edgar/data/920448/000092044816000151/0000920448-16-000151-index.htm",
        "finalLink": "https://www.sec.gov/Archives/edgar/data/920448/000092044816000151/bvsn-20160331x10q.htm"
    },
    {
        "date": "2015-12-31",
        "symbol": "BVSN",
        "reportedCurrency": "USD",
        "cik": "0000920448",
        "fillingDate": "2016-04-14",
        "acceptedDate": "2016-04-14 17:23:33",
        "calendarYear": "2015",
        "period": "Q4",
        "revenue": 2700000,
        "costOfRevenue": 1200000,
        "grossProfit": 1500000,
        "grossProfitRatio": 0.5555555556,
        "researchAndDevelopmentExpenses": 1800000,
        "generalAndAdministrativeExpenses": 893000,
        "sellingAndMarketingExpenses": 1207000,
        "sellingGeneralAndAdministrativeExpenses": 2100000,
        "otherExpenses": -4.656612873077393e-10,
        "operatingExpenses": 3900000,
        "costAndExpenses": 5100000,
        "interestIncome": 0,
        "interestExpense": 0,
        "depreciationAndAmortization": 20000,
        "ebitda": -3280000,
        "ebitdaratio": -1.2148148148,
        "operatingIncome": -2400000,
        "operatingIncomeRatio": -0.8888888889,
        "totalOtherIncomeExpensesNet": -900000,
        "incomeBeforeTax": -3300000,
        "incomeBeforeTaxRatio": -1.2222222222,
        "incomeTaxExpense": 0,
        "netIncome": -3300000,
        "netIncomeRatio": -1.2222222222,
        "eps": -0.67,
        "epsdiluted": -0.67,
        "weightedAverageShsOut": 4900000,
        "weightedAverageShsOutDil": 4900000,
        "link": "https://www.sec.gov/Archives/edgar/data/920448/000092044816000127/0000920448-16-000127-index.htm",
        "finalLink": "https://www.sec.gov/Archives/edgar/data/920448/000092044816000127/bvsn-20151231x10k.htm"
    },
    {
        "date": "2015-09-30",
        "symbol": "BVSN",
        "reportedCurrency": "USD",
        "cik": "0000920448",
        "fillingDate": "2015-11-16",
        "acceptedDate": "2015-11-16 13:46:05",
        "calendarYear": "2015",
        "period": "Q3",
        "revenue": 2100000,
        "costOfRevenue": 700000,
        "grossProfit": 1400000,
        "grossProfitRatio": 0.6666666667,
        "researchAndDevelopmentExpenses": 1800000,
        "generalAndAdministrativeExpenses": 863000,
        "sellingAndMarketingExpenses": 1237000,
        "sellingGeneralAndAdministrativeExpenses": 2100000,
        "otherExpenses": -100000,
        "operatingExpenses": 3800000,
        "costAndExpenses": 4500000,
        "interestIncome": 0,
        "interestExpense": 0,
        "depreciationAndAmortization": 9999.999999999995,
        "ebitda": -2090000,
        "ebitdaratio": -0.9952380952,
        "operatingIncome": -2500000,
        "operatingIncomeRatio": -1.1904761905,
        "totalOtherIncomeExpensesNet": 400000,
        "incomeBeforeTax": -2100000,
        "incomeBeforeTaxRatio": -1,
        "incomeTaxExpense": 0,
        "netIncome": -2100000,
        "netIncomeRatio": -1,
        "eps": -0.43,
        "epsdiluted": -0.43,
        "weightedAverageShsOut": 4900000,
        "weightedAverageShsOutDil": 4900000,
        "link": "https://www.sec.gov/Archives/edgar/data/920448/000092044815000102/0000920448-15-000102-index.htm",
        "finalLink": "https://www.sec.gov/Archives/edgar/data/920448/000092044815000102/bvsn-20150930x10q.htm"
    },
    {
        "date": "2015-06-30",
        "symbol": "BVSN",
        "reportedCurrency": "USD",
        "cik": "0000920448",
        "fillingDate": "2015-08-14",
        "acceptedDate": "2015-08-14 15:33:28",
        "calendarYear": "2015",
        "period": "Q2",
        "revenue": 2200000,
        "costOfRevenue": 900000,
        "grossProfit": 1300000,
        "grossProfitRatio": 0.5909090909,
        "researchAndDevelopmentExpenses": 1800000,
        "generalAndAdministrativeExpenses": 895000,
        "sellingAndMarketingExpenses": 1305000,
        "sellingGeneralAndAdministrativeExpenses": 2200000,
        "otherExpenses": -100000,
        "operatingExpenses": 3900000,
        "costAndExpenses": 4800000,
        "interestIncome": 0,
        "interestExpense": 0,
        "depreciationAndAmortization": 20000,
        "ebitda": -2480000,
        "ebitdaratio": -1.1272727273,
        "operatingIncome": -2600000,
        "operatingIncomeRatio": -1.1818181818,
        "totalOtherIncomeExpensesNet": 100000,
        "incomeBeforeTax": -2500000,
        "incomeBeforeTaxRatio": -1.1363636364,
        "incomeTaxExpense": 0,
        "netIncome": -2500000,
        "netIncomeRatio": -1.1363636364,
        "eps": -0.52,
        "epsdiluted": -0.52,
        "weightedAverageShsOut": 4800000,
        "weightedAverageShsOutDil": 4800000,
        "link": "https://www.sec.gov/Archives/edgar/data/920448/000092044815000083/0000920448-15-000083-index.htm",
        "finalLink": "https://www.sec.gov/Archives/edgar/data/920448/000092044815000083/bvsn-20150630x10q.htm"
    },
    {
        "date": "2015-03-31",
        "symbol": "BVSN",
        "reportedCurrency": "USD",
        "cik": "0000920448",
        "fillingDate": "2015-05-08",
        "acceptedDate": "2015-05-08 15:04:07",
        "calendarYear": "2015",
        "period": "Q1",
        "revenue": 2500000,
        "costOfRevenue": 800000,
        "grossProfit": 1700000,
        "grossProfitRatio": 0.68,
        "researchAndDevelopmentExpenses": 1900000,
        "generalAndAdministrativeExpenses": 860000,
        "sellingAndMarketingExpenses": 1140000,
        "sellingGeneralAndAdministrativeExpenses": 2000000,
        "otherExpenses": -100000,
        "operatingExpenses": 3800000,
        "costAndExpenses": 4600000,
        "interestIncome": 0,
        "interestExpense": 0,
        "depreciationAndAmortization": 30000,
        "ebitda": -3570000,
        "ebitdaratio": -1.428,
        "operatingIncome": -2200000,
        "operatingIncomeRatio": -0.88,
        "totalOtherIncomeExpensesNet": -1300000,
        "incomeBeforeTax": -3500000,
        "incomeBeforeTaxRatio": -1.4,
        "incomeTaxExpense": -1300000,
        "netIncome": -3600000,
        "netIncomeRatio": -1.44,
        "eps": -0.75,
        "epsdiluted": -0.75,
        "weightedAverageShsOut": 4800000,
        "weightedAverageShsOutDil": 4800000,
        "link": "https://www.sec.gov/Archives/edgar/data/920448/000092044815000041/0000920448-15-000041-index.htm",
        "finalLink": "https://www.sec.gov/Archives/edgar/data/920448/000092044815000041/bvsn-20150331x10q.htm"
    },
    {
        "date": "2014-12-31",
        "symbol": "BVSN",
        "reportedCurrency": "USD",
        "cik": "0000920448",
        "fillingDate": "2015-03-13",
        "acceptedDate": "2015-03-13 15:17:20",
        "calendarYear": "2014",
        "period": "Q4",
        "revenue": 4300000,
        "costOfRevenue": 1000000,
        "grossProfit": 3300000,
        "grossProfitRatio": 0.7674418605,
        "researchAndDevelopmentExpenses": 1900000,
        "generalAndAdministrativeExpenses": 970000,
        "sellingAndMarketingExpenses": 1130000,
        "sellingGeneralAndAdministrativeExpenses": 2100000,
        "otherExpenses": 0,
        "operatingExpenses": 4000000,
        "costAndExpenses": 5000000,
        "interestIncome": 0,
        "interestExpense": 0,
        "depreciationAndAmortization": 30000,
        "ebitda": -1470000,
        "ebitdaratio": -0.3418604651,
        "operatingIncome": -700000,
        "operatingIncomeRatio": -0.1627906977,
        "totalOtherIncomeExpensesNet": -800000,
        "incomeBeforeTax": -1500000,
        "incomeBeforeTaxRatio": -0.3488372093,
        "incomeTaxExpense": 100000,
        "netIncome": -1600000,
        "netIncomeRatio": -0.3720930233,
        "eps": -0.33,
        "epsdiluted": -0.33,
        "weightedAverageShsOut": 4800000,
        "weightedAverageShsOutDil": 4800000,
        "link": "https://www.sec.gov/Archives/edgar/data/920448/000092044815000022/0000920448-15-000022-index.htm",
        "finalLink": "https://www.sec.gov/Archives/edgar/data/920448/000092044815000022/bvsn-20141231x10k.htm"
    },
    {
        "date": "2014-09-30",
        "symbol": "BVSN",
        "reportedCurrency": "USD",
        "cik": "0000920448",
        "fillingDate": "2014-11-06",
        "acceptedDate": "2014-11-06 13:48:17",
        "calendarYear": "2014",
        "period": "Q3",
        "revenue": 3100000,
        "costOfRevenue": 1100000,
        "grossProfit": 2000000,
        "grossProfitRatio": 0.6451612903,
        "researchAndDevelopmentExpenses": 1800000,
        "generalAndAdministrativeExpenses": 974000,
        "sellingAndMarketingExpenses": 1226000,
        "sellingGeneralAndAdministrativeExpenses": 2200000,
        "otherExpenses": 100000,
        "operatingExpenses": 4100000,
        "costAndExpenses": 5200000,
        "interestIncome": 0,
        "interestExpense": 0,
        "depreciationAndAmortization": 30000,
        "ebitda": -3270000,
        "ebitdaratio": -1.0548387097,
        "operatingIncome": -2100000,
        "operatingIncomeRatio": -0.6774193548,
        "totalOtherIncomeExpensesNet": -1100000,
        "incomeBeforeTax": -3200000,
        "incomeBeforeTaxRatio": -1.0322580645,
        "incomeTaxExpense": -1100000,
        "netIncome": -3300000,
        "netIncomeRatio": -1.064516129,
        "eps": -0.69,
        "epsdiluted": -0.69,
        "weightedAverageShsOut": 4800000,
        "weightedAverageShsOutDil": 4800000,
        "link": "https://www.sec.gov/Archives/edgar/data/920448/000092044814000074/0000920448-14-000074-index.htm",
        "finalLink": "https://www.sec.gov/Archives/edgar/data/920448/000092044814000074/bvsn-20140930x10q.htm"
    },
    {
        "date": "2014-06-30",
        "symbol": "BVSN",
        "reportedCurrency": "USD",
        "cik": "0000920448",
        "fillingDate": "2014-08-08",
        "acceptedDate": "2014-08-08 14:44:14",
        "calendarYear": "2014",
        "period": "Q2",
        "revenue": 3200000,
        "costOfRevenue": 1400000,
        "grossProfit": 1800000,
        "grossProfitRatio": 0.5625,
        "researchAndDevelopmentExpenses": 1800000,
        "generalAndAdministrativeExpenses": 849000,
        "sellingAndMarketingExpenses": 1351000,
        "sellingGeneralAndAdministrativeExpenses": 2200000,
        "otherExpenses": 0,
        "operatingExpenses": 4000000,
        "costAndExpenses": 5400000,
        "interestIncome": 0,
        "interestExpense": 0,
        "depreciationAndAmortization": 30000,
        "ebitda": -2270000,
        "ebitdaratio": -0.709375,
        "operatingIncome": -2200000,
        "operatingIncomeRatio": -0.6875,
        "totalOtherIncomeExpensesNet": -100000,
        "incomeBeforeTax": -2300000,
        "incomeBeforeTaxRatio": -0.71875,
        "incomeTaxExpense": 0,
        "netIncome": -2300000,
        "netIncomeRatio": -0.71875,
        "eps": -0.48,
        "epsdiluted": -0.48,
        "weightedAverageShsOut": 4800000,
        "weightedAverageShsOutDil": 4800000,
        "link": "https://www.sec.gov/Archives/edgar/data/920448/000092044814000059/0000920448-14-000059-index.htm",
        "finalLink": "https://www.sec.gov/Archives/edgar/data/920448/000092044814000059/bvsn-20140630x10q.htm"
    },
    {
        "date": "2014-03-31",
        "symbol": "BVSN",
        "reportedCurrency": "USD",
        "cik": "0000920448",
        "fillingDate": "2014-05-14",
        "acceptedDate": "2014-05-14 14:57:09",
        "calendarYear": "2014",
        "period": "Q1",
        "revenue": 3000000,
        "costOfRevenue": 1000000,
        "grossProfit": 2000000,
        "grossProfitRatio": 0.6666666667,
        "researchAndDevelopmentExpenses": 1800000,
        "generalAndAdministrativeExpenses": 993000,
        "sellingAndMarketingExpenses": 1507000,
        "sellingGeneralAndAdministrativeExpenses": 2500000,
        "otherExpenses": 100000,
        "operatingExpenses": 4400000,
        "costAndExpenses": 5400000,
        "interestIncome": 0,
        "interestExpense": 0,
        "depreciationAndAmortization": 30000,
        "ebitda": -2270000,
        "ebitdaratio": -0.7566666667,
        "operatingIncome": -2400000,
        "operatingIncomeRatio": -0.8,
        "totalOtherIncomeExpensesNet": 100000,
        "incomeBeforeTax": -2300000,
        "incomeBeforeTaxRatio": -0.7666666667,
        "incomeTaxExpense": 0,
        "netIncome": -2300000,
        "netIncomeRatio": -0.7666666667,
        "eps": -0.48,
        "epsdiluted": -0.48,
        "weightedAverageShsOut": 4800000,
        "weightedAverageShsOutDil": 4800000,
        "link": "https://www.sec.gov/Archives/edgar/data/920448/000092044814000038/0000920448-14-000038-index.htm",
        "finalLink": "https://www.sec.gov/Archives/edgar/data/920448/000092044814000038/bvsn-20140331x10q.htm"
    },
    {
        "date": "2013-12-31",
        "symbol": "BVSN",
        "reportedCurrency": "USD",
        "cik": "0000920448",
        "fillingDate": "2014-03-14",
        "acceptedDate": "2014-03-14 15:25:30",
        "calendarYear": "2013",
        "period": "Q4",
        "revenue": 3700000,
        "costOfRevenue": 1300000,
        "grossProfit": 2400000,
        "grossProfitRatio": 0.6486486486,
        "researchAndDevelopmentExpenses": 1700000,
        "generalAndAdministrativeExpenses": 853000,
        "sellingAndMarketingExpenses": 1347000,
        "sellingGeneralAndAdministrativeExpenses": 2200000,
        "otherExpenses": 4.656612873077393e-10,
        "operatingExpenses": 3900000,
        "costAndExpenses": 5200000,
        "interestIncome": 0,
        "interestExpense": 0,
        "depreciationAndAmortization": 20000,
        "ebitda": -1280000,
        "ebitdaratio": -0.3459459459,
        "operatingIncome": -1500000,
        "operatingIncomeRatio": -0.4054054054,
        "totalOtherIncomeExpensesNet": 200000,
        "incomeBeforeTax": -1300000,
        "incomeBeforeTaxRatio": -0.3513513514,
        "incomeTaxExpense": 0,
        "netIncome": -1300000,
        "netIncomeRatio": -0.3513513514,
        "eps": -0.28,
        "epsdiluted": -0.28,
        "weightedAverageShsOut": 4700000,
        "weightedAverageShsOutDil": 4700000,
        "link": "https://www.sec.gov/Archives/edgar/data/920448/000092044814000019/0000920448-14-000019-index.htm",
        "finalLink": "https://www.sec.gov/Archives/edgar/data/920448/000092044814000019/bvsn-20131231x10k.htm"
    },
    {
        "date": "2013-09-30",
        "symbol": "BVSN",
        "reportedCurrency": "USD",
        "cik": "0000920448",
        "fillingDate": "2013-11-08",
        "acceptedDate": "2013-11-08 16:25:59",
        "calendarYear": "2013",
        "period": "Q3",
        "revenue": 4000000,
        "costOfRevenue": 1300000,
        "grossProfit": 2700000,
        "grossProfitRatio": 0.675,
        "researchAndDevelopmentExpenses": 1800000,
        "generalAndAdministrativeExpenses": 884000,
        "sellingAndMarketingExpenses": 1316000,
        "sellingGeneralAndAdministrativeExpenses": 2200000,
        "otherExpenses": 0,
        "operatingExpenses": 4000000,
        "costAndExpenses": 5300000,
        "interestIncome": 0,
        "interestExpense": 0,
        "depreciationAndAmortization": 39999,
        "ebitda": -660000,
        "ebitdaratio": -0.165,
        "operatingIncome": -1300000,
        "operatingIncomeRatio": -0.325,
        "totalOtherIncomeExpensesNet": 500000,
        "incomeBeforeTax": -800000,
        "incomeBeforeTaxRatio": -0.2,
        "incomeTaxExpense": 0,
        "netIncome": -800000,
        "netIncomeRatio": -0.2,
        "eps": -0.17,
        "epsdiluted": -0.17,
        "weightedAverageShsOut": 4700000,
        "weightedAverageShsOutDil": 4700000,
        "link": "https://www.sec.gov/Archives/edgar/data/920448/000092044813000060/0000920448-13-000060-index.htm",
        "finalLink": "https://www.sec.gov/Archives/edgar/data/920448/000092044813000060/bvsn-20130930x10q.htm"
    },
    {
        "date": "2013-06-30",
        "symbol": "BVSN",
        "reportedCurrency": "USD",
        "cik": "0000920448",
        "fillingDate": "2013-08-09",
        "acceptedDate": "2013-08-09 14:26:17",
        "calendarYear": "2013",
        "period": "Q2",
        "revenue": 4100000,
        "costOfRevenue": 1100000,
        "grossProfit": 3000000,
        "grossProfitRatio": 0.7317073171,
        "researchAndDevelopmentExpenses": 1800000,
        "generalAndAdministrativeExpenses": 994000,
        "sellingAndMarketingExpenses": 1506000,
        "sellingGeneralAndAdministrativeExpenses": 2500000,
        "otherExpenses": 100000,
        "operatingExpenses": 4400000,
        "costAndExpenses": 5500000,
        "interestIncome": 0,
        "interestExpense": 0,
        "depreciationAndAmortization": 40000,
        "ebitda": -1060000,
        "ebitdaratio": -0.2585365854,
        "operatingIncome": -1400000,
        "operatingIncomeRatio": -0.3414634146,
        "totalOtherIncomeExpensesNet": 300000,
        "incomeBeforeTax": -1100000,
        "incomeBeforeTaxRatio": -0.2682926829,
        "incomeTaxExpense": 0,
        "netIncome": -1100000,
        "netIncomeRatio": -0.2682926829,
        "eps": -0.23,
        "epsdiluted": -0.23,
        "weightedAverageShsOut": 4700000,
        "weightedAverageShsOutDil": 4700000,
        "link": "https://www.sec.gov/Archives/edgar/data/920448/000092044813000050/0000920448-13-000050-index.htm",
        "finalLink": "https://www.sec.gov/Archives/edgar/data/920448/000092044813000050/bvsn-20130630x10q.htm"
    },
    {
        "date": "2013-03-31",
        "symbol": "BVSN",
        "reportedCurrency": "USD",
        "cik": "0000920448",
        "fillingDate": "2013-05-10",
        "acceptedDate": "2013-05-10 13:23:34",
        "calendarYear": "2013",
        "period": "Q1",
        "revenue": 3800000,
        "costOfRevenue": 1200000,
        "grossProfit": 2600000,
        "grossProfitRatio": 0.6842105263,
        "researchAndDevelopmentExpenses": 1700000,
        "generalAndAdministrativeExpenses": 1052000,
        "sellingAndMarketingExpenses": 1448000,
        "sellingGeneralAndAdministrativeExpenses": 2500000,
        "otherExpenses": 0,
        "operatingExpenses": 4200000,
        "costAndExpenses": 5400000,
        "interestIncome": 0,
        "interestExpense": -500000,
        "depreciationAndAmortization": 30000,
        "ebitda": -2570000,
        "ebitdaratio": -0.6763157895,
        "operatingIncome": -1600000,
        "operatingIncomeRatio": -0.4210526316,
        "totalOtherIncomeExpensesNet": -500000,
        "incomeBeforeTax": -2100000,
        "incomeBeforeTaxRatio": -0.5526315789,
        "incomeTaxExpense": 0,
        "netIncome": -2100000,
        "netIncomeRatio": -0.5526315789,
        "eps": -0.45,
        "epsdiluted": -0.45,
        "weightedAverageShsOut": 4700000,
        "weightedAverageShsOutDil": 4700000,
        "link": "https://www.sec.gov/Archives/edgar/data/920448/000092044813000036/0000920448-13-000036-index.htm",
        "finalLink": "https://www.sec.gov/Archives/edgar/data/920448/000092044813000036/bvsn-20130331x10q.htm"
    },
    {
        "date": "2012-12-31",
        "symbol": "BVSN",
        "reportedCurrency": "USD",
        "cik": "0000920448",
        "fillingDate": "2013-03-15",
        "acceptedDate": "2013-03-15 16:30:47",
        "calendarYear": "2012",
        "period": "Q4",
        "revenue": 4100000,
        "costOfRevenue": 1300000,
        "grossProfit": 2800000,
        "grossProfitRatio": 0.6829268293,
        "researchAndDevelopmentExpenses": 1600000,
        "generalAndAdministrativeExpenses": 955000,
        "sellingAndMarketingExpenses": 1545000,
        "sellingGeneralAndAdministrativeExpenses": 2500000,
        "otherExpenses": 100000,
        "operatingExpenses": 4200000,
        "costAndExpenses": 5500000,
        "interestIncome": 0,
        "interestExpense": 100000,
        "depreciationAndAmortization": 39999,
        "ebitda": -960000,
        "ebitdaratio": -0.2341463415,
        "operatingIncome": -1400000,
        "operatingIncomeRatio": -0.3414634146,
        "totalOtherIncomeExpensesNet": 300000,
        "incomeBeforeTax": -1100000,
        "incomeBeforeTaxRatio": -0.2682926829,
        "incomeTaxExpense": 0,
        "netIncome": -1100000,
        "netIncomeRatio": -0.2682926829,
        "eps": -0.23,
        "epsdiluted": -0.23,
        "weightedAverageShsOut": 4700000,
        "weightedAverageShsOutDil": 4700000,
        "link": "https://www.sec.gov/Archives/edgar/data/920448/000092044813000020/0000920448-13-000020-index.htm",
        "finalLink": "https://www.sec.gov/Archives/edgar/data/920448/000092044813000020/bvsn-20121231x10k.htm"
    },
    {
        "date": "2012-09-30",
        "symbol": "BVSN",
        "reportedCurrency": "USD",
        "cik": "0000920448",
        "fillingDate": "2012-11-08",
        "acceptedDate": "2012-11-08 15:47:35",
        "calendarYear": "2012",
        "period": "Q3",
        "revenue": 3600000,
        "costOfRevenue": 1200000,
        "grossProfit": 2400000,
        "grossProfitRatio": 0.6666666667,
        "researchAndDevelopmentExpenses": 1600000,
        "generalAndAdministrativeExpenses": 936000,
        "sellingAndMarketingExpenses": 1264000,
        "sellingGeneralAndAdministrativeExpenses": 2200000,
        "otherExpenses": -100000,
        "operatingExpenses": 3700000,
        "costAndExpenses": 4900000,
        "interestIncome": 0,
        "interestExpense": 100000,
        "depreciationAndAmortization": 30000,
        "ebitda": 130000,
        "ebitdaratio": 0.0361111111,
        "operatingIncome": -1300000,
        "operatingIncomeRatio": -0.3611111111,
        "totalOtherIncomeExpensesNet": 1200000,
        "incomeBeforeTax": -100000,
        "incomeBeforeTaxRatio": -0.0277777778,
        "incomeTaxExpense": 0,
        "netIncome": -100000,
        "netIncomeRatio": -0.0277777778,
        "eps": -0.0213,
        "epsdiluted": -0.0213,
        "weightedAverageShsOut": 4700000,
        "weightedAverageShsOutDil": 4700000,
        "link": "https://www.sec.gov/Archives/edgar/data/920448/000092044812000068/0000920448-12-000068-index.htm",
        "finalLink": "https://www.sec.gov/Archives/edgar/data/920448/000092044812000068/bvsn-20120930x10q.htm"
    },
    {
        "date": "2012-06-30",
        "symbol": "BVSN",
        "reportedCurrency": "USD",
        "cik": "0000920448",
        "fillingDate": "2012-08-10",
        "acceptedDate": "2012-08-10 15:32:08",
        "calendarYear": "2012",
        "period": "Q2",
        "revenue": 3600000,
        "costOfRevenue": 1200000,
        "grossProfit": 2400000,
        "grossProfitRatio": 0.6666666667,
        "researchAndDevelopmentExpenses": 1600000,
        "generalAndAdministrativeExpenses": 1057000,
        "sellingAndMarketingExpenses": 1543000,
        "sellingGeneralAndAdministrativeExpenses": 2600000,
        "otherExpenses": 0,
        "operatingExpenses": 4200000,
        "costAndExpenses": 5400000,
        "interestIncome": 0,
        "interestExpense": 100000,
        "depreciationAndAmortization": 20000,
        "ebitda": -2380000,
        "ebitdaratio": -0.6611111111,
        "operatingIncome": -1800000,
        "operatingIncomeRatio": -0.5,
        "totalOtherIncomeExpensesNet": -600000,
        "incomeBeforeTax": -2400000,
        "incomeBeforeTaxRatio": -0.6666666667,
        "incomeTaxExpense": -500000,
        "netIncome": -2500000,
        "netIncomeRatio": -0.6944444444,
        "eps": -0.54,
        "epsdiluted": -0.54,
        "weightedAverageShsOut": 4600000,
        "weightedAverageShsOutDil": 4600000,
        "link": "https://www.sec.gov/Archives/edgar/data/920448/000092044812000050/0000920448-12-000050-index.htm",
        "finalLink": "https://www.sec.gov/Archives/edgar/data/920448/000092044812000050/form10q.htm"
    },
    {
        "date": "2012-03-31",
        "symbol": "BVSN",
        "reportedCurrency": "USD",
        "cik": "0000920448",
        "fillingDate": "2012-05-10",
        "acceptedDate": "2012-05-10 15:05:33",
        "calendarYear": "2012",
        "period": "Q1",
        "revenue": 3800000,
        "costOfRevenue": 1300000,
        "grossProfit": 2500000,
        "grossProfitRatio": 0.6578947368,
        "researchAndDevelopmentExpenses": 1600000,
        "generalAndAdministrativeExpenses": 1091000,
        "sellingAndMarketingExpenses": 1509000,
        "sellingGeneralAndAdministrativeExpenses": 2600000,
        "otherExpenses": 0,
        "operatingExpenses": 4200000,
        "costAndExpenses": 5500000,
        "interestIncome": 0,
        "interestExpense": 300000,
        "depreciationAndAmortization": 30000,
        "ebitda": -970000,
        "ebitdaratio": -0.2552631579,
        "operatingIncome": -1700000,
        "operatingIncomeRatio": -0.4473684211,
        "totalOtherIncomeExpensesNet": 300000,
        "incomeBeforeTax": -1400000,
        "incomeBeforeTaxRatio": -0.3684210526,
        "incomeTaxExpense": 600000,
        "netIncome": -1300000,
        "netIncomeRatio": -0.3421052632,
        "eps": -0.28,
        "epsdiluted": -0.28,
        "weightedAverageShsOut": 4600000,
        "weightedAverageShsOutDil": 4600000,
        "link": "https://www.sec.gov/Archives/edgar/data/920448/000092044812000035/0000920448-12-000035-index.htm",
        "finalLink": "https://www.sec.gov/Archives/edgar/data/920448/000092044812000035/form10q.htm"
    },
    {
        "date": "2011-12-31",
        "symbol": "BVSN",
        "reportedCurrency": "USD",
        "cik": "0000920448",
        "fillingDate": "2012-03-08",
        "acceptedDate": "2012-03-08 16:07:14",
        "calendarYear": "2011",
        "period": "Q4",
        "revenue": 4200000,
        "costOfRevenue": 1300000,
        "grossProfit": 2900000,
        "grossProfitRatio": 0.6904761905,
        "researchAndDevelopmentExpenses": 1300000,
        "generalAndAdministrativeExpenses": 888000,
        "sellingAndMarketingExpenses": 1512000,
        "sellingGeneralAndAdministrativeExpenses": 2400000,
        "otherExpenses": 300000,
        "operatingExpenses": 4000000,
        "costAndExpenses": 5300000,
        "interestIncome": 0,
        "interestExpense": 100000,
        "depreciationAndAmortization": 30000,
        "ebitda": -1670000,
        "ebitdaratio": -0.3976190476,
        "operatingIncome": -1100000,
        "operatingIncomeRatio": -0.2619047619,
        "totalOtherIncomeExpensesNet": -700000,
        "incomeBeforeTax": -1800000,
        "incomeBeforeTaxRatio": -0.4285714286,
        "incomeTaxExpense": 0,
        "netIncome": -1800000,
        "netIncomeRatio": -0.4285714286,
        "eps": -0.4,
        "epsdiluted": -0.4,
        "weightedAverageShsOut": 4500000,
        "weightedAverageShsOutDil": 4500000,
        "link": "https://www.sec.gov/Archives/edgar/data/920448/000092044812000014/0000920448-12-000014-index.htm",
        "finalLink": "https://www.sec.gov/Archives/edgar/data/920448/000092044812000014/form10-k.htm"
    },
    {
        "date": "2011-09-30",
        "symbol": "BVSN",
        "reportedCurrency": "USD",
        "cik": "0000920448",
        "fillingDate": "2011-11-14",
        "acceptedDate": "2011-11-10 17:46:59",
        "calendarYear": "2011",
        "period": "Q3",
        "revenue": 4200000,
        "costOfRevenue": 1500000,
        "grossProfit": 2700000,
        "grossProfitRatio": 0.6428571429,
        "researchAndDevelopmentExpenses": 1500000,
        "generalAndAdministrativeExpenses": 968000,
        "sellingAndMarketingExpenses": 1332000,
        "sellingGeneralAndAdministrativeExpenses": 2300000,
        "otherExpenses": 0,
        "operatingExpenses": 3800000,
        "costAndExpenses": 5300000,
        "interestIncome": 0,
        "interestExpense": 100000,
        "depreciationAndAmortization": 39999,
        "ebitda": -1460000,
        "ebitdaratio": -0.3476190476,
        "operatingIncome": -1100000,
        "operatingIncomeRatio": -0.2619047619,
        "totalOtherIncomeExpensesNet": -500000,
        "incomeBeforeTax": -1600000,
        "incomeBeforeTaxRatio": -0.380952381,
        "incomeTaxExpense": 0,
        "netIncome": -1600000,
        "netIncomeRatio": -0.380952381,
        "eps": -0.36,
        "epsdiluted": -0.36,
        "weightedAverageShsOut": 4500000,
        "weightedAverageShsOutDil": 4500000,
        "link": "https://www.sec.gov/Archives/edgar/data/920448/000092044811000045/0000920448-11-000045-index.htm",
        "finalLink": "https://www.sec.gov/Archives/edgar/data/920448/000092044811000045/form10q.htm"
    },
    {
        "date": "2011-06-30",
        "symbol": "BVSN",
        "reportedCurrency": "USD",
        "cik": "0000920448",
        "fillingDate": "2011-08-11",
        "acceptedDate": "2011-08-11 16:00:11",
        "calendarYear": "2011",
        "period": "Q2",
        "revenue": 4000000,
        "costOfRevenue": 1500000,
        "grossProfit": 2500000,
        "grossProfitRatio": 0.625,
        "researchAndDevelopmentExpenses": 1700000,
        "generalAndAdministrativeExpenses": -605000,
        "sellingAndMarketingExpenses": 3105000,
        "sellingGeneralAndAdministrativeExpenses": 2500000,
        "otherExpenses": 300000,
        "operatingExpenses": 4500000,
        "costAndExpenses": 6000000,
        "interestIncome": 0,
        "interestExpense": -1341000,
        "depreciationAndAmortization": 40000,
        "ebitda": -2801000,
        "ebitdaratio": -0.70025,
        "operatingIncome": -2000000,
        "operatingIncomeRatio": -0.5,
        "totalOtherIncomeExpensesNet": 500000,
        "incomeBeforeTax": -1500000,
        "incomeBeforeTaxRatio": -0.375,
        "incomeTaxExpense": 0,
        "netIncome": -1500000,
        "netIncomeRatio": -0.375,
        "eps": -0.33,
        "epsdiluted": -0.33,
        "weightedAverageShsOut": 4500000,
        "weightedAverageShsOutDil": 4500000,
        "link": "https://www.sec.gov/Archives/edgar/data/920448/000092044811000036/0000920448-11-000036-index.htm",
        "finalLink": "https://www.sec.gov/Archives/edgar/data/920448/000092044811000036/form10q.htm"
    },
    {
        "date": "2011-03-31",
        "symbol": "BVSN",
        "reportedCurrency": "USD",
        "cik": "0000920448",
        "fillingDate": "2011-05-09",
        "acceptedDate": "2011-05-09 15:03:52",
        "calendarYear": "2011",
        "period": "Q1",
        "revenue": 5100000,
        "costOfRevenue": 1700000,
        "grossProfit": 3400000,
        "grossProfitRatio": 0.6666666667,
        "researchAndDevelopmentExpenses": 1900000,
        "generalAndAdministrativeExpenses": 1185000,
        "sellingAndMarketingExpenses": 1615000,
        "sellingGeneralAndAdministrativeExpenses": 2800000,
        "otherExpenses": 100000,
        "operatingExpenses": 4800000,
        "costAndExpenses": 6500000,
        "interestIncome": 0,
        "interestExpense": 100000,
        "depreciationAndAmortization": 40000,
        "ebitda": -260000,
        "ebitdaratio": -0.0509803922,
        "operatingIncome": -1300000,
        "operatingIncomeRatio": -0.2549019608,
        "totalOtherIncomeExpensesNet": 900000,
        "incomeBeforeTax": -400000,
        "incomeBeforeTaxRatio": -0.0784313725,
        "incomeTaxExpense": 0,
        "netIncome": -400000,
        "netIncomeRatio": -0.0784313725,
        "eps": -0.0889,
        "epsdiluted": -0.0889,
        "weightedAverageShsOut": 4500000,
        "weightedAverageShsOutDil": 4500000,
        "link": "https://www.sec.gov/Archives/edgar/data/920448/000092044811000018/0000920448-11-000018-index.htm",
        "finalLink": "https://www.sec.gov/Archives/edgar/data/920448/000092044811000018/form10q.htm"
    },
    {
        "date": "2010-12-31",
        "symbol": "BVSN",
        "reportedCurrency": "USD",
        "cik": "0000920448",
        "fillingDate": "2011-03-04",
        "acceptedDate": "2011-03-04 16:30:31",
        "calendarYear": "2010",
        "period": "Q4",
        "revenue": 5100000,
        "costOfRevenue": 1600000,
        "grossProfit": 3500000,
        "grossProfitRatio": 0.6862745098,
        "researchAndDevelopmentExpenses": 1500000,
        "generalAndAdministrativeExpenses": 797000,
        "sellingAndMarketingExpenses": 1703000,
        "sellingGeneralAndAdministrativeExpenses": 2500000,
        "otherExpenses": 100000,
        "operatingExpenses": 4100000,
        "costAndExpenses": 5700000,
        "interestIncome": 0,
        "interestExpense": 100000,
        "depreciationAndAmortization": 40000,
        "ebitda": 340000,
        "ebitdaratio": 0.0666666667,
        "operatingIncome": -600000,
        "operatingIncomeRatio": -0.1176470588,
        "totalOtherIncomeExpensesNet": 800000,
        "incomeBeforeTax": 200000,
        "incomeBeforeTaxRatio": 0.0392156863,
        "incomeTaxExpense": -100000,
        "netIncome": 300000,
        "netIncomeRatio": 0.0588235294,
        "eps": 0.0667,
        "epsdiluted": 0.0667,
        "weightedAverageShsOut": 4500000,
        "weightedAverageShsOutDil": 4500000,
        "link": "https://www.sec.gov/Archives/edgar/data/920448/000092044811000006/0000920448-11-000006-index.htm",
        "finalLink": "https://www.sec.gov/Archives/edgar/data/920448/000092044811000006/form10-k.htm"
    },
    {
        "date": "2010-09-30",
        "symbol": "BVSN",
        "reportedCurrency": "USD",
        "cik": "0000920448",
        "fillingDate": "2010-11-09",
        "acceptedDate": "2010-11-09 16:18:27",
        "calendarYear": "2010",
        "period": "Q3",
        "revenue": 5200000,
        "costOfRevenue": 1600000,
        "grossProfit": 3600000,
        "grossProfitRatio": 0.6923076923,
        "researchAndDevelopmentExpenses": 1700000,
        "generalAndAdministrativeExpenses": 1113000,
        "sellingAndMarketingExpenses": 1887000,
        "sellingGeneralAndAdministrativeExpenses": 3000000,
        "otherExpenses": 200000,
        "operatingExpenses": 4900000,
        "costAndExpenses": 6500000,
        "interestIncome": 0,
        "interestExpense": 100000,
        "depreciationAndAmortization": 39999,
        "ebitda": 1840000,
        "ebitdaratio": 0.3538461538,
        "operatingIncome": -1300000,
        "operatingIncomeRatio": -0.25,
        "totalOtherIncomeExpensesNet": 3000000,
        "incomeBeforeTax": 1700000,
        "incomeBeforeTaxRatio": 0.3269230769,
        "incomeTaxExpense": 200000,
        "netIncome": 1500000,
        "netIncomeRatio": 0.2884615385,
        "eps": 0.33,
        "epsdiluted": 0.33,
        "weightedAverageShsOut": 4500000,
        "weightedAverageShsOutDil": 4500000,
        "link": "https://www.sec.gov/Archives/edgar/data/920448/000092044810000032/0000920448-10-000032-index.htm",
        "finalLink": "https://www.sec.gov/Archives/edgar/data/920448/000092044810000032/form10q.htm"
    },
    {
        "date": "2010-06-30",
        "symbol": "BVSN",
        "reportedCurrency": "USD",
        "cik": "0000920448",
        "fillingDate": "2010-08-06",
        "acceptedDate": "2010-08-06 15:03:27",
        "calendarYear": "2010",
        "period": "Q2",
        "revenue": 5700000,
        "costOfRevenue": 1600000,
        "grossProfit": 4100000,
        "grossProfitRatio": 0.7192982456,
        "researchAndDevelopmentExpenses": 1900000,
        "generalAndAdministrativeExpenses": 1146000,
        "sellingAndMarketingExpenses": 1854000,
        "sellingGeneralAndAdministrativeExpenses": 3000000,
        "otherExpenses": 200000,
        "operatingExpenses": 5100000,
        "costAndExpenses": 6700000,
        "interestIncome": 0,
        "interestExpense": 100000,
        "depreciationAndAmortization": 40000,
        "ebitda": -2160000,
        "ebitdaratio": -0.3789473684,
        "operatingIncome": -1000000,
        "operatingIncomeRatio": -0.1754385965,
        "totalOtherIncomeExpensesNet": -1300000,
        "incomeBeforeTax": -2300000,
        "incomeBeforeTaxRatio": -0.4035087719,
        "incomeTaxExpense": 100000,
        "netIncome": -2400000,
        "netIncomeRatio": -0.4210526316,
        "eps": -0.53,
        "epsdiluted": -0.53,
        "weightedAverageShsOut": 4500000,
        "weightedAverageShsOutDil": 4500000,
        "link": "https://www.sec.gov/Archives/edgar/data/920448/000092044810000025/0000920448-10-000025-index.htm",
        "finalLink": "https://www.sec.gov/Archives/edgar/data/920448/000092044810000025/form10q.htm"
    },
    {
        "date": "2010-03-31",
        "symbol": "BVSN",
        "reportedCurrency": "USD",
        "cik": "0000920448",
        "fillingDate": "2010-05-07",
        "acceptedDate": "2010-05-07 16:36:57",
        "calendarYear": "2010",
        "period": "Q1",
        "revenue": 5900000,
        "costOfRevenue": 1600000,
        "grossProfit": 4300000,
        "grossProfitRatio": 0.7288135593,
        "researchAndDevelopmentExpenses": 2100000,
        "generalAndAdministrativeExpenses": 1348000,
        "sellingAndMarketingExpenses": 1652000,
        "sellingGeneralAndAdministrativeExpenses": 3000000,
        "otherExpenses": 600000,
        "operatingExpenses": 5700000,
        "costAndExpenses": 7300000,
        "interestIncome": 0,
        "interestExpense": 100000,
        "depreciationAndAmortization": 40000,
        "ebitda": -2160000,
        "ebitdaratio": -0.3661016949,
        "operatingIncome": -1400000,
        "operatingIncomeRatio": -0.2372881356,
        "totalOtherIncomeExpensesNet": -900000,
        "incomeBeforeTax": -2300000,
        "incomeBeforeTaxRatio": -0.3898305085,
        "incomeTaxExpense": 0,
        "netIncome": -2300000,
        "netIncomeRatio": -0.3898305085,
        "eps": -0.52,
        "epsdiluted": -0.52,
        "weightedAverageShsOut": 4400000,
        "weightedAverageShsOutDil": 4400000,
        "link": "https://www.sec.gov/Archives/edgar/data/920448/000092044810000017/0000920448-10-000017-index.htm",
        "finalLink": "https://www.sec.gov/Archives/edgar/data/920448/000092044810000017/form10q.htm"
    },
    {
        "date": "2009-12-31",
        "symbol": "BVSN",
        "reportedCurrency": "USD",
        "cik": "0000920448",
        "fillingDate": "2010-03-05",
        "acceptedDate": "2010-03-05 17:01:22",
        "calendarYear": "2009",
        "period": "Q4",
        "revenue": 7200000,
        "costOfRevenue": 1800000,
        "grossProfit": 5400000,
        "grossProfitRatio": 0.75,
        "researchAndDevelopmentExpenses": 2200000,
        "generalAndAdministrativeExpenses": 870000,
        "sellingAndMarketingExpenses": 1930000,
        "sellingGeneralAndAdministrativeExpenses": 2800000,
        "otherExpenses": 100000,
        "operatingExpenses": 5100000,
        "costAndExpenses": 6900000,
        "interestIncome": 0,
        "interestExpense": 100000,
        "depreciationAndAmortization": 40000,
        "ebitda": 540000,
        "ebitdaratio": 0.075,
        "operatingIncome": 300000,
        "operatingIncomeRatio": 0.0416666667,
        "totalOtherIncomeExpensesNet": 0,
        "incomeBeforeTax": 300000,
        "incomeBeforeTaxRatio": 0.0416666667,
        "incomeTaxExpense": -100000,
        "netIncome": 500000,
        "netIncomeRatio": 0.0694444444,
        "eps": 0.11,
        "epsdiluted": 0.11,
        "weightedAverageShsOut": 4400000,
        "weightedAverageShsOutDil": 4400000,
        "link": "https://www.sec.gov/Archives/edgar/data/920448/000092044810000007/0000920448-10-000007-index.htm",
        "finalLink": "https://www.sec.gov/Archives/edgar/data/920448/000092044810000007/form10-k.htm"
    },
    {
        "date": "2009-09-30",
        "symbol": "BVSN",
        "reportedCurrency": "USD",
        "cik": "0000920448",
        "fillingDate": "2009-11-06",
        "acceptedDate": "2009-11-06 12:56:53",
        "calendarYear": "2009",
        "period": "Q3",
        "revenue": 7500000,
        "costOfRevenue": 1800000,
        "grossProfit": 5700000,
        "grossProfitRatio": 0.76,
        "researchAndDevelopmentExpenses": 2200000,
        "generalAndAdministrativeExpenses": 976000,
        "sellingAndMarketingExpenses": 2024000,
        "sellingGeneralAndAdministrativeExpenses": 3000000,
        "otherExpenses": 0,
        "operatingExpenses": 5200000,
        "costAndExpenses": 7000000,
        "interestIncome": 0,
        "interestExpense": 300000,
        "depreciationAndAmortization": 50000,
        "ebitda": 2050000,
        "ebitdaratio": 0.2733333333,
        "operatingIncome": 600000,
        "operatingIncomeRatio": 0.08,
        "totalOtherIncomeExpensesNet": 1100000,
        "incomeBeforeTax": 1700000,
        "incomeBeforeTaxRatio": 0.2266666667,
        "incomeTaxExpense": -100000,
        "netIncome": 1800000,
        "netIncomeRatio": 0.24,
        "eps": 0.41,
        "epsdiluted": 0.41,
        "weightedAverageShsOut": 4400000,
        "weightedAverageShsOutDil": 4400000,
        "link": "https://www.sec.gov/Archives/edgar/data/920448/000092044809000041/0000920448-09-000041-index.htm",
        "finalLink": "https://www.sec.gov/Archives/edgar/data/920448/000092044809000041/form10q.htm"
    },
    {
        "date": "2009-06-30",
        "symbol": "BVSN",
        "reportedCurrency": "USD",
        "cik": "0000920448",
        "fillingDate": "2009-08-07",
        "acceptedDate": "2009-08-07 15:01:23",
        "calendarYear": "2009",
        "period": "Q2",
        "revenue": 8200000,
        "costOfRevenue": 2000000,
        "grossProfit": 6200000,
        "grossProfitRatio": 0.756097561,
        "researchAndDevelopmentExpenses": 2000000,
        "generalAndAdministrativeExpenses": 1158000,
        "sellingAndMarketingExpenses": 1942000,
        "sellingGeneralAndAdministrativeExpenses": 3100000,
        "otherExpenses": 0,
        "operatingExpenses": 5100000,
        "costAndExpenses": 7100000,
        "interestIncome": 0,
        "interestExpense": 200000,
        "depreciationAndAmortization": 39999,
        "ebitda": 2440000,
        "ebitdaratio": 0.2975609756,
        "operatingIncome": 1000000,
        "operatingIncomeRatio": 0.1219512195,
        "totalOtherIncomeExpensesNet": 1200000,
        "incomeBeforeTax": 2200000,
        "incomeBeforeTaxRatio": 0.2682926829,
        "incomeTaxExpense": 100000,
        "netIncome": 2100000,
        "netIncomeRatio": 0.256097561,
        "eps": 0.48,
        "epsdiluted": 0.48,
        "weightedAverageShsOut": 4400000,
        "weightedAverageShsOutDil": 4400000,
        "link": "https://www.sec.gov/Archives/edgar/data/920448/000092044809000035/0000920448-09-000035-index.htm",
        "finalLink": "https://www.sec.gov/Archives/edgar/data/920448/000092044809000035/form10q.htm"
    },
    {
        "date": "2009-03-31",
        "symbol": "BVSN",
        "reportedCurrency": "USD",
        "cik": "0000920448",
        "fillingDate": "2009-05-08",
        "acceptedDate": "2009-05-08 14:18:36",
        "calendarYear": "2009",
        "period": "Q1",
        "revenue": 8000000,
        "costOfRevenue": 2000000,
        "grossProfit": 6000000,
        "grossProfitRatio": 0.75,
        "researchAndDevelopmentExpenses": 2200000,
        "generalAndAdministrativeExpenses": 1464000,
        "sellingAndMarketingExpenses": 2036000,
        "sellingGeneralAndAdministrativeExpenses": 3500000,
        "otherExpenses": -100000,
        "operatingExpenses": 5600000,
        "costAndExpenses": 7600000,
        "interestIncome": 0,
        "interestExpense": 300000,
        "depreciationAndAmortization": 70000,
        "ebitda": -130000,
        "ebitdaratio": -0.01625,
        "operatingIncome": 400000,
        "operatingIncomeRatio": 0.05,
        "totalOtherIncomeExpensesNet": -900000,
        "incomeBeforeTax": -500000,
        "incomeBeforeTaxRatio": -0.0625,
        "incomeTaxExpense": 100000,
        "netIncome": -600000,
        "netIncomeRatio": -0.075,
        "eps": -0.14,
        "epsdiluted": -0.14,
        "weightedAverageShsOut": 4400000,
        "weightedAverageShsOutDil": 4400000,
        "link": "https://www.sec.gov/Archives/edgar/data/920448/000092044809000019/0000920448-09-000019-index.htm",
        "finalLink": "https://www.sec.gov/Archives/edgar/data/920448/000092044809000019/form10q.htm"
    },
    {
        "date": "2008-12-31",
        "symbol": "BVSN",
        "reportedCurrency": "USD",
        "cik": "0000920448",
        "fillingDate": "2009-02-26",
        "acceptedDate": "2009-02-25 18:04:44",
        "calendarYear": "2008",
        "period": "Q4",
        "revenue": 9700000,
        "costOfRevenue": 2300000,
        "grossProfit": 7400000,
        "grossProfitRatio": 0.7628865979,
        "researchAndDevelopmentExpenses": 2300000,
        "generalAndAdministrativeExpenses": 1411000,
        "sellingAndMarketingExpenses": 1989000,
        "sellingGeneralAndAdministrativeExpenses": 3400000,
        "otherExpenses": 25100000,
        "operatingExpenses": 30800000,
        "costAndExpenses": 33100000,
        "interestIncome": 0,
        "interestExpense": 700000,
        "depreciationAndAmortization": 150000,
        "ebitda": -21050000,
        "ebitdaratio": -2.1701030928,
        "operatingIncome": -23400000,
        "operatingIncomeRatio": -2.412371134,
        "totalOtherIncomeExpensesNet": 1500000,
        "incomeBeforeTax": -21900000,
        "incomeBeforeTaxRatio": -2.2577319588,
        "incomeTaxExpense": 200000,
        "netIncome": -22100000,
        "netIncomeRatio": -2.2783505155,
        "eps": -5.02,
        "epsdiluted": -5.02,
        "weightedAverageShsOut": 4400000,
        "weightedAverageShsOutDil": 4400000,
        "link": "https://www.sec.gov/Archives/edgar/data/920448/000092044809000006/0000920448-09-000006-index.htm",
        "finalLink": "https://www.sec.gov/Archives/edgar/data/920448/000092044809000006/form10-k.htm"
    },
    {
        "date": "2008-09-30",
        "symbol": "BVSN",
        "reportedCurrency": "USD",
        "cik": "0000920448",
        "fillingDate": "2008-11-06",
        "acceptedDate": "2008-11-06 17:14:00",
        "calendarYear": "2008",
        "period": "Q3",
        "revenue": 8200000,
        "costOfRevenue": 2200000,
        "grossProfit": 6000000,
        "grossProfitRatio": 0.7317073171,
        "researchAndDevelopmentExpenses": 2200000,
        "generalAndAdministrativeExpenses": 1663000,
        "sellingAndMarketingExpenses": 1937000,
        "sellingGeneralAndAdministrativeExpenses": 3600000,
        "otherExpenses": 0,
        "operatingExpenses": 5800000,
        "costAndExpenses": 8000000,
        "interestIncome": 0,
        "interestExpense": 1100000,
        "depreciationAndAmortization": 100000,
        "ebitda": 1500000,
        "ebitdaratio": 0.1829268293,
        "operatingIncome": 100000,
        "operatingIncomeRatio": 0.012195122,
        "totalOtherIncomeExpensesNet": 200000,
        "incomeBeforeTax": 300000,
        "incomeBeforeTaxRatio": 0.0365853659,
        "incomeTaxExpense": 0,
        "netIncome": 300000,
        "netIncomeRatio": 0.0365853659,
        "eps": 0.0667,
        "epsdiluted": 0.0667,
        "weightedAverageShsOut": 4500000,
        "weightedAverageShsOutDil": 4500000,
        "link": "https://www.sec.gov/Archives/edgar/data/920448/000092044808000073/0000920448-08-000073-index.htm",
        "finalLink": "https://www.sec.gov/Archives/edgar/data/920448/000092044808000073/form10q.htm"
    },
    {
        "date": "2008-06-30",
        "symbol": "BVSN",
        "reportedCurrency": "USD",
        "cik": "0000920448",
        "fillingDate": "2008-08-06",
        "acceptedDate": "2008-08-06 16:40:29",
        "calendarYear": "2008",
        "period": "Q2",
        "revenue": 8000000,
        "costOfRevenue": 2200000,
        "grossProfit": 5800000,
        "grossProfitRatio": 0.725,
        "researchAndDevelopmentExpenses": 2300000,
        "generalAndAdministrativeExpenses": 1639000,
        "sellingAndMarketingExpenses": 1961000,
        "sellingGeneralAndAdministrativeExpenses": 3600000,
        "otherExpenses": -100000,
        "operatingExpenses": 5800000,
        "costAndExpenses": 8000000,
        "interestIncome": 0,
        "interestExpense": 1000000,
        "depreciationAndAmortization": 10000,
        "ebitda": 2410000,
        "ebitdaratio": 0.30125,
        "operatingIncome": 2400000,
        "operatingIncomeRatio": 0.3,
        "totalOtherIncomeExpensesNet": -1000000,
        "incomeBeforeTax": 1400000,
        "incomeBeforeTaxRatio": 0.175,
        "incomeTaxExpense": 0,
        "netIncome": 1400000,
        "netIncomeRatio": 0.175,
        "eps": 0.32,
        "epsdiluted": 0.32,
        "weightedAverageShsOut": 4400000,
        "weightedAverageShsOutDil": 4400000,
        "link": "https://www.sec.gov/Archives/edgar/data/920448/000092044808000050/0000920448-08-000050-index.htm",
        "finalLink": "https://www.sec.gov/Archives/edgar/data/920448/000092044808000050/form10q.htm"
    },
    {
        "date": "2008-03-31",
        "symbol": "BVSN",
        "reportedCurrency": "USD",
        "cik": "0000920448",
        "fillingDate": "2008-05-08",
        "acceptedDate": "2008-05-07 19:07:50",
        "calendarYear": "2008",
        "period": "Q1",
        "revenue": 10000000,
        "costOfRevenue": 2300000,
        "grossProfit": 7700000,
        "grossProfitRatio": 0.77,
        "researchAndDevelopmentExpenses": 2300000,
        "generalAndAdministrativeExpenses": 1715000,
        "sellingAndMarketingExpenses": 1885000,
        "sellingGeneralAndAdministrativeExpenses": 3600000,
        "otherExpenses": -9.313225746154785e-10,
        "operatingExpenses": 5900000,
        "costAndExpenses": 8200000,
        "interestIncome": 0,
        "interestExpense": 2900000,
        "depreciationAndAmortization": 120000,
        "ebitda": 8720000,
        "ebitdaratio": 0.872,
        "operatingIncome": 1900000,
        "operatingIncomeRatio": 0.19,
        "totalOtherIncomeExpensesNet": 3700000,
        "incomeBeforeTax": 5600000,
        "incomeBeforeTaxRatio": 0.56,
        "incomeTaxExpense": 300000,
        "netIncome": 5400000,
        "netIncomeRatio": 0.54,
        "eps": 1.23,
        "epsdiluted": 1.23,
        "weightedAverageShsOut": 4400000,
        "weightedAverageShsOutDil": 4400000,
        "link": "https://www.sec.gov/Archives/edgar/data/920448/000092044808000040/0000920448-08-000040-index.htm",
        "finalLink": "https://www.sec.gov/Archives/edgar/data/920448/000092044808000040/form10q.htm"
    },
    {
        "date": "2007-12-31",
        "symbol": "BVSN",
        "reportedCurrency": "USD",
        "cik": "0000920448",
        "fillingDate": "2008-02-22",
        "acceptedDate": "2008-02-21 21:55:20",
        "calendarYear": "2007",
        "period": "Q4",
        "revenue": 11200000,
        "costOfRevenue": 2300000,
        "grossProfit": 8900000,
        "grossProfitRatio": 0.7946428571,
        "researchAndDevelopmentExpenses": 2200000,
        "generalAndAdministrativeExpenses": 2017000,
        "sellingAndMarketingExpenses": 2383000,
        "sellingGeneralAndAdministrativeExpenses": 4400000,
        "otherExpenses": -200000.00000000093,
        "operatingExpenses": 6400000,
        "costAndExpenses": 8700000,
        "interestIncome": 0,
        "interestExpense": 2300000,
        "depreciationAndAmortization": 140000,
        "ebitda": 8440000,
        "ebitdaratio": 0.7535714286,
        "operatingIncome": 2500000,
        "operatingIncomeRatio": 0.2232142857,
        "totalOtherIncomeExpensesNet": 3400000,
        "incomeBeforeTax": 5900000,
        "incomeBeforeTaxRatio": 0.5267857143,
        "incomeTaxExpense": 0,
        "netIncome": 5900000,
        "netIncomeRatio": 0.5267857143,
        "eps": 1.31,
        "epsdiluted": 1.31,
        "weightedAverageShsOut": 4500000,
        "weightedAverageShsOutDil": 4500000,
        "link": "https://www.sec.gov/Archives/edgar/data/920448/000092044808000011/0000920448-08-000011-index.htm",
        "finalLink": "https://www.sec.gov/Archives/edgar/data/920448/000092044808000011/form10-k.htm"
    },
    {
        "date": "2007-09-30",
        "symbol": "BVSN",
        "reportedCurrency": "USD",
        "cik": "0000920448",
        "fillingDate": "2007-11-05",
        "acceptedDate": "2007-11-05 17:13:18",
        "calendarYear": "2007",
        "period": "Q3",
        "revenue": 12800000,
        "costOfRevenue": 2100000,
        "grossProfit": 10700000,
        "grossProfitRatio": 0.8359375,
        "researchAndDevelopmentExpenses": 2300000,
        "generalAndAdministrativeExpenses": 1702000,
        "sellingAndMarketingExpenses": 1898000,
        "sellingGeneralAndAdministrativeExpenses": 3600000,
        "otherExpenses": 300000,
        "operatingExpenses": 6200000,
        "costAndExpenses": 8300000,
        "interestIncome": 0,
        "interestExpense": -200000,
        "depreciationAndAmortization": 220000,
        "ebitda": 5120000,
        "ebitdaratio": 0.4,
        "operatingIncome": 4500000,
        "operatingIncomeRatio": 0.3515625,
        "totalOtherIncomeExpensesNet": 500000,
        "incomeBeforeTax": 5000000,
        "incomeBeforeTaxRatio": 0.390625,
        "incomeTaxExpense": -400000,
        "netIncome": 5500000,
        "netIncomeRatio": 0.4296875,
        "eps": 1.22,
        "epsdiluted": 1.22,
        "weightedAverageShsOut": 4500000,
        "weightedAverageShsOutDil": 4500000,
        "link": "https://www.sec.gov/Archives/edgar/data/920448/000092044807000100/0000920448-07-000100-index.htm",
        "finalLink": "https://www.sec.gov/Archives/edgar/data/920448/000092044807000100/form10q.htm"
    },
    {
        "date": "2007-06-30",
        "symbol": "BVSN",
        "reportedCurrency": "USD",
        "cik": "0000920448",
        "fillingDate": "2007-08-07",
        "acceptedDate": "2007-08-07 16:27:54",
        "calendarYear": "2007",
        "period": "Q2",
        "revenue": 13300000,
        "costOfRevenue": 2200000,
        "grossProfit": 11100000,
        "grossProfitRatio": 0.8345864662,
        "researchAndDevelopmentExpenses": 2500000,
        "generalAndAdministrativeExpenses": 1519000,
        "sellingAndMarketingExpenses": 1781000,
        "sellingGeneralAndAdministrativeExpenses": 3300000,
        "otherExpenses": 300000,
        "operatingExpenses": 6100000,
        "costAndExpenses": 8300000,
        "interestIncome": 0,
        "interestExpense": 3700000,
        "depreciationAndAmortization": 79999,
        "ebitda": 12380000,
        "ebitdaratio": 0.9308270677,
        "operatingIncome": 5000000,
        "operatingIncomeRatio": 0.3759398496,
        "totalOtherIncomeExpensesNet": 3700000,
        "incomeBeforeTax": 8700000,
        "incomeBeforeTaxRatio": 0.6541353383,
        "incomeTaxExpense": 200000,
        "netIncome": 8400000,
        "netIncomeRatio": 0.6315789474,
        "eps": 1.91,
        "epsdiluted": 1.91,
        "weightedAverageShsOut": 4400000,
        "weightedAverageShsOutDil": 4400000,
        "link": "https://www.sec.gov/Archives/edgar/data/920448/000092044807000082/0000920448-07-000082-index.htm",
        "finalLink": "https://www.sec.gov/Archives/edgar/data/920448/000092044807000082/form10q.htm"
    },
    {
        "date": "2007-03-31",
        "symbol": "BVSN",
        "reportedCurrency": "USD",
        "cik": "0000920448",
        "fillingDate": "2007-05-14",
        "acceptedDate": "2007-05-14 16:15:36",
        "calendarYear": "2007",
        "period": "Q1",
        "revenue": 12700000,
        "costOfRevenue": 2400000,
        "grossProfit": 10300000,
        "grossProfitRatio": 0.811023622,
        "researchAndDevelopmentExpenses": 2700000,
        "generalAndAdministrativeExpenses": 1031000,
        "sellingAndMarketingExpenses": 2069000,
        "sellingGeneralAndAdministrativeExpenses": 3100000,
        "otherExpenses": 300000,
        "operatingExpenses": 6100000,
        "costAndExpenses": 8500000,
        "interestIncome": 0,
        "interestExpense": -7000000,
        "depreciationAndAmortization": 530000,
        "ebitda": -8870000,
        "ebitdaratio": -0.6984251969,
        "operatingIncome": 4300000,
        "operatingIncomeRatio": 0.3385826772,
        "totalOtherIncomeExpensesNet": -6700000,
        "incomeBeforeTax": -2400000,
        "incomeBeforeTaxRatio": -0.188976378,
        "incomeTaxExpense": 100000,
        "netIncome": -2500000,
        "netIncomeRatio": -0.1968503937,
        "eps": -0.58,
        "epsdiluted": -0.58,
        "weightedAverageShsOut": 4300000,
        "weightedAverageShsOutDil": 4300000,
        "link": "https://www.sec.gov/Archives/edgar/data/920448/000092044807000058/0000920448-07-000058-index.htm",
        "finalLink": "https://www.sec.gov/Archives/edgar/data/920448/000092044807000058/form10q.htm"
    },
    {
        "date": "2006-12-31",
        "symbol": "BVSN",
        "reportedCurrency": "USD",
        "cik": "0000920448",
        "fillingDate": "2007-03-27",
        "acceptedDate": "2007-03-27 10:46:02",
        "calendarYear": "2006",
        "period": "Q4",
        "revenue": 13000000,
        "costOfRevenue": 2200000,
        "grossProfit": 10800000,
        "grossProfitRatio": 0.8307692308,
        "researchAndDevelopmentExpenses": 2700000,
        "generalAndAdministrativeExpenses": 571000,
        "sellingAndMarketingExpenses": 2529000,
        "sellingGeneralAndAdministrativeExpenses": 3100000,
        "otherExpenses": -1900000.0000000005,
        "operatingExpenses": 3900000,
        "costAndExpenses": 6100000,
        "interestIncome": 0,
        "interestExpense": 457000,
        "depreciationAndAmortization": 330000,
        "ebitda": 7987000,
        "ebitdaratio": 0.6143846154,
        "operatingIncome": 7000000,
        "operatingIncomeRatio": 0.5384615385,
        "totalOtherIncomeExpensesNet": 200000,
        "incomeBeforeTax": 7200000,
        "incomeBeforeTaxRatio": 0.5538461538,
        "incomeTaxExpense": 200000,
        "netIncome": 7000000,
        "netIncomeRatio": 0.5384615385,
        "eps": 2.19,
        "epsdiluted": 2.19,
        "weightedAverageShsOut": 3200000,
        "weightedAverageShsOutDil": 3200000,
        "link": "https://www.sec.gov/Archives/edgar/data/920448/000092044807000020/0000920448-07-000020-index.htm",
        "finalLink": "https://www.sec.gov/Archives/edgar/data/920448/000092044807000020/form10-k.htm"
    },
    {
        "date": "2006-09-30",
        "symbol": "BVSN",
        "reportedCurrency": "USD",
        "cik": "0000920448",
        "fillingDate": "2006-12-15",
        "acceptedDate": "2006-12-15 17:08:01",
        "calendarYear": "2006",
        "period": "Q3",
        "revenue": 13600000,
        "costOfRevenue": 2800000,
        "grossProfit": 10800000,
        "grossProfitRatio": 0.7941176471,
        "researchAndDevelopmentExpenses": 2800000,
        "generalAndAdministrativeExpenses": 2439000,
        "sellingAndMarketingExpenses": 1761000,
        "sellingGeneralAndAdministrativeExpenses": 4200000,
        "otherExpenses": -2000000,
        "operatingExpenses": 5000000,
        "costAndExpenses": 7800000,
        "interestIncome": 0,
        "interestExpense": -225000,
        "depreciationAndAmortization": 510000,
        "ebitda": 5885000,
        "ebitdaratio": 0.4327205882,
        "operatingIncome": 5800000,
        "operatingIncomeRatio": 0.4264705882,
        "totalOtherIncomeExpensesNet": -200000,
        "incomeBeforeTax": 5600000,
        "incomeBeforeTaxRatio": 0.4117647059,
        "incomeTaxExpense": 200000,
        "netIncome": 5400000,
        "netIncomeRatio": 0.3970588235,
        "eps": 1.93,
        "epsdiluted": 1.93,
        "weightedAverageShsOut": 2800000,
        "weightedAverageShsOutDil": 2800000,
        "link": "https://www.sec.gov/Archives/edgar/data/920448/000095013406023253/0000950134-06-023253-index.htm",
        "finalLink": "https://www.sec.gov/Archives/edgar/data/920448/000095013406023253/f25175e10vq.htm"
    },
    {
        "date": "2006-06-30",
        "symbol": "BVSN",
        "reportedCurrency": "USD",
        "cik": "0000920448",
        "fillingDate": "2006-09-25",
        "acceptedDate": "2006-09-25 16:49:51",
        "calendarYear": "2006",
        "period": "Q2",
        "revenue": 12700000,
        "costOfRevenue": 3600000,
        "grossProfit": 9100000,
        "grossProfitRatio": 0.7165354331,
        "researchAndDevelopmentExpenses": 2400000,
        "generalAndAdministrativeExpenses": 3218000,
        "sellingAndMarketingExpenses": 1982000,
        "sellingGeneralAndAdministrativeExpenses": 5200000,
        "otherExpenses": 0,
        "operatingExpenses": 7600000,
        "costAndExpenses": 11200000,
        "interestIncome": 0,
        "interestExpense": -125000,
        "depreciationAndAmortization": 280000,
        "ebitda": 2055000,
        "ebitdaratio": 0.1618110236,
        "operatingIncome": 1500000,
        "operatingIncomeRatio": 0.1181102362,
        "totalOtherIncomeExpensesNet": 300000,
        "incomeBeforeTax": 1800000,
        "incomeBeforeTaxRatio": 0.1417322835,
        "incomeTaxExpense": 0,
        "netIncome": 1800000,
        "netIncomeRatio": 0.1417322835,
        "eps": 0.64,
        "epsdiluted": 0.64,
        "weightedAverageShsOut": 2800000,
        "weightedAverageShsOutDil": 2800000,
        "link": "https://www.sec.gov/Archives/edgar/data/920448/000095013406018211/0000950134-06-018211-index.htm",
        "finalLink": "https://www.sec.gov/Archives/edgar/data/920448/000095013406018211/f22984e10vq.htm"
    },
    {
        "date": "2006-03-31",
        "symbol": "BVSN",
        "reportedCurrency": "USD",
        "cik": "0000920448",
        "fillingDate": "2006-08-10",
        "acceptedDate": "2006-08-09 21:49:50",
        "calendarYear": "2006",
        "period": "Q1",
        "revenue": 12600000,
        "costOfRevenue": 4100000,
        "grossProfit": 8500000,
        "grossProfitRatio": 0.6746031746,
        "researchAndDevelopmentExpenses": 2600000,
        "generalAndAdministrativeExpenses": 1719000,
        "sellingAndMarketingExpenses": 2381000,
        "sellingGeneralAndAdministrativeExpenses": 4100000,
        "otherExpenses": 600000,
        "operatingExpenses": 7300000,
        "costAndExpenses": 11400000,
        "interestIncome": 0,
        "interestExpense": -107000,
        "depreciationAndAmortization": 270000,
        "ebitda": 1263000,
        "ebitdaratio": 0.1002380952,
        "operatingIncome": 1300000,
        "operatingIncomeRatio": 0.1031746032,
        "totalOtherIncomeExpensesNet": -300000,
        "incomeBeforeTax": 1000000,
        "incomeBeforeTaxRatio": 0.0793650794,
        "incomeTaxExpense": 200000,
        "netIncome": 900000,
        "netIncomeRatio": 0.0714285714,
        "eps": 0.53,
        "epsdiluted": 0.53,
        "weightedAverageShsOut": 1700000,
        "weightedAverageShsOutDil": 1700000,
        "link": "https://www.sec.gov/Archives/edgar/data/920448/000095013406015606/0000950134-06-015606-index.htm",
        "finalLink": "https://www.sec.gov/Archives/edgar/data/920448/000095013406015606/f20625e10vq.htm"
    },
    {
        "date": "2005-12-31",
        "symbol": "BVSN",
        "reportedCurrency": "USD",
        "cik": "0000920448",
        "fillingDate": "2006-06-09",
        "acceptedDate": "2006-06-09 16:46:54",
        "calendarYear": "2005",
        "period": "Q4",
        "revenue": 14200000,
        "costOfRevenue": 4800000,
        "grossProfit": 9400000,
        "grossProfitRatio": 0.661971831,
        "researchAndDevelopmentExpenses": 2500000,
        "generalAndAdministrativeExpenses": 1911000,
        "sellingAndMarketingExpenses": 2389000,
        "sellingGeneralAndAdministrativeExpenses": 4300000,
        "otherExpenses": 19700000,
        "operatingExpenses": 26500000,
        "costAndExpenses": 31300000,
        "interestIncome": 0,
        "interestExpense": -2836000,
        "depreciationAndAmortization": 260000,
        "ebitda": -30476000,
        "ebitdaratio": -2.1461971831,
        "operatingIncome": -17200000,
        "operatingIncomeRatio": -1.2112676056,
        "totalOtherIncomeExpensesNet": -10700000,
        "incomeBeforeTax": -27900000,
        "incomeBeforeTaxRatio": -1.9647887324,
        "incomeTaxExpense": -100000,
        "netIncome": -27800000,
        "netIncomeRatio": -1.9577464789,
        "eps": -19.86,
        "epsdiluted": -19.86,
        "weightedAverageShsOut": 1400000,
        "weightedAverageShsOutDil": 1400000,
        "link": "https://www.sec.gov/Archives/edgar/data/920448/000095013406011383/0000950134-06-011383-index.htm",
        "finalLink": "https://www.sec.gov/Archives/edgar/data/920448/000095013406011383/f17961e10vk.htm"
    },
    {
        "date": "2005-09-30",
        "symbol": "BVSN",
        "reportedCurrency": "USD",
        "cik": "0000920448",
        "fillingDate": "2005-11-14",
        "acceptedDate": "2005-11-14 17:25:24",
        "calendarYear": "2005",
        "period": "Q3",
        "revenue": 14100000,
        "costOfRevenue": 5700000,
        "grossProfit": 8400000,
        "grossProfitRatio": 0.5957446809,
        "researchAndDevelopmentExpenses": 3100000,
        "generalAndAdministrativeExpenses": 2152000,
        "sellingAndMarketingExpenses": 2948000,
        "sellingGeneralAndAdministrativeExpenses": 5100000,
        "otherExpenses": 14500000,
        "operatingExpenses": 22700000,
        "costAndExpenses": 28400000,
        "interestIncome": 0,
        "interestExpense": 1002000,
        "depreciationAndAmortization": 330000,
        "ebitda": -14668000,
        "ebitdaratio": -1.0402836879,
        "operatingIncome": -14300000,
        "operatingIncomeRatio": -1.0141843972,
        "totalOtherIncomeExpensesNet": -1800000,
        "incomeBeforeTax": -16100000,
        "incomeBeforeTaxRatio": -1.1418439716,
        "incomeTaxExpense": -500000,
        "netIncome": -15500000,
        "netIncomeRatio": -1.0992907801,
        "eps": -11.07,
        "epsdiluted": -11.07,
        "weightedAverageShsOut": 1400000,
        "weightedAverageShsOutDil": 1400000,
        "link": "https://www.sec.gov/Archives/edgar/data/920448/000110465905055568/0001104659-05-055568-index.htm",
        "finalLink": "https://www.sec.gov/Archives/edgar/data/920448/000110465905055568/a05-18167_110q.htm"
    },
    {
        "date": "2005-06-30",
        "symbol": "BVSN",
        "reportedCurrency": "USD",
        "cik": "0000920448",
        "fillingDate": "2005-08-09",
        "acceptedDate": "2005-08-09 16:15:28",
        "calendarYear": "2005",
        "period": "Q2",
        "revenue": 15500000,
        "costOfRevenue": 5400000,
        "grossProfit": 10100000,
        "grossProfitRatio": 0.6516129032,
        "researchAndDevelopmentExpenses": 4000000,
        "generalAndAdministrativeExpenses": 2840000,
        "sellingAndMarketingExpenses": 5060000,
        "sellingGeneralAndAdministrativeExpenses": 7900000,
        "otherExpenses": 300000,
        "operatingExpenses": 12200000,
        "costAndExpenses": 17600000,
        "interestIncome": 0,
        "interestExpense": 1090000,
        "depreciationAndAmortization": 220000,
        "ebitda": -1690000,
        "ebitdaratio": -0.1090322581,
        "operatingIncome": -2100000,
        "operatingIncomeRatio": -0.135483871,
        "totalOtherIncomeExpensesNet": -900000,
        "incomeBeforeTax": -3000000,
        "incomeBeforeTaxRatio": -0.1935483871,
        "incomeTaxExpense": 100000,
        "netIncome": -3100000,
        "netIncomeRatio": -0.2,
        "eps": -2.21,
        "epsdiluted": -2.21,
        "weightedAverageShsOut": 1400000,
        "weightedAverageShsOutDil": 1400000,
        "link": "https://www.sec.gov/Archives/edgar/data/920448/000110465905037900/0001104659-05-037900-index.htm",
        "finalLink": "https://www.sec.gov/Archives/edgar/data/920448/000110465905037900/a05-12820_110q.htm"
    },
    {
        "date": "2005-03-31",
        "symbol": "BVSN",
        "reportedCurrency": "USD",
        "cik": "0000920448",
        "fillingDate": "2005-05-10",
        "acceptedDate": "2005-05-10 17:22:23",
        "calendarYear": "2005",
        "period": "Q1",
        "revenue": 16400000,
        "costOfRevenue": 5900000,
        "grossProfit": 10500000,
        "grossProfitRatio": 0.6402439024,
        "researchAndDevelopmentExpenses": 4300000,
        "generalAndAdministrativeExpenses": 2489000,
        "sellingAndMarketingExpenses": 5811000,
        "sellingGeneralAndAdministrativeExpenses": 8300000,
        "otherExpenses": -600000.0000000019,
        "operatingExpenses": 12000000,
        "costAndExpenses": 17900000,
        "interestIncome": 0,
        "interestExpense": 744000,
        "depreciationAndAmortization": 420000,
        "ebitda": 6564000,
        "ebitdaratio": 0.4002439024,
        "operatingIncome": -1500000,
        "operatingIncomeRatio": -0.0914634146,
        "totalOtherIncomeExpensesNet": 6900000,
        "incomeBeforeTax": 5400000,
        "incomeBeforeTaxRatio": 0.3292682927,
        "incomeTaxExpense": -2000000,
        "netIncome": 7400000,
        "netIncomeRatio": 0.4512195122,
        "eps": 4.63,
        "epsdiluted": 4.63,
        "weightedAverageShsOut": 1600000,
        "weightedAverageShsOutDil": 1600000,
        "link": "https://www.sec.gov/Archives/edgar/data/920448/000110465905022287/0001104659-05-022287-index.htm",
        "finalLink": "https://www.sec.gov/Archives/edgar/data/920448/000110465905022287/a05-8200_110q.htm"
    },
    {
        "date": "2004-12-31",
        "symbol": "BVSN",
        "reportedCurrency": "USD",
        "cik": "0000920448",
        "fillingDate": "2005-03-15",
        "acceptedDate": "2005-03-15 14:07:00",
        "calendarYear": "2004",
        "period": "Q4",
        "revenue": 19800000,
        "costOfRevenue": 6200000,
        "grossProfit": 13600000,
        "grossProfitRatio": 0.6868686869,
        "researchAndDevelopmentExpenses": 4000000,
        "generalAndAdministrativeExpenses": 2425000,
        "sellingAndMarketingExpenses": 6975000,
        "sellingGeneralAndAdministrativeExpenses": 9400000,
        "otherExpenses": 600000,
        "operatingExpenses": 14000000,
        "costAndExpenses": 20200000,
        "interestIncome": 0,
        "interestExpense": -2500000,
        "depreciationAndAmortization": 940000,
        "ebitda": -4560000,
        "ebitdaratio": -0.2303030303,
        "operatingIncome": -400000,
        "operatingIncomeRatio": -0.0202020202,
        "totalOtherIncomeExpensesNet": -2500000,
        "incomeBeforeTax": -2900000,
        "incomeBeforeTaxRatio": -0.1464646465,
        "incomeTaxExpense": -500000,
        "netIncome": -2500000,
        "netIncomeRatio": -0.1262626263,
        "eps": -1.79,
        "epsdiluted": -1.79,
        "weightedAverageShsOut": 1400000,
        "weightedAverageShsOutDil": 1400000,
        "link": "https://www.sec.gov/Archives/edgar/data/920448/000104746905006471/0001047469-05-006471-index.htm",
        "finalLink": "https://www.sec.gov/Archives/edgar/data/920448/000104746905006471/a2153186z10-k.htm"
    },
    {
        "date": "2004-09-30",
        "symbol": "BVSN",
        "reportedCurrency": "USD",
        "cik": "0000920448",
        "fillingDate": "2004-11-09",
        "acceptedDate": "2004-11-09 17:01:12",
        "calendarYear": "2004",
        "period": "Q3",
        "revenue": 17200000,
        "costOfRevenue": 6600000,
        "grossProfit": 10600000,
        "grossProfitRatio": 0.6162790698,
        "researchAndDevelopmentExpenses": 4600000,
        "generalAndAdministrativeExpenses": 2381000,
        "sellingAndMarketingExpenses": 6019000,
        "sellingGeneralAndAdministrativeExpenses": 8400000,
        "otherExpenses": -25500000,
        "operatingExpenses": -12500000,
        "costAndExpenses": -5900000,
        "interestIncome": 0,
        "interestExpense": 100000,
        "depreciationAndAmortization": 820000,
        "ebitda": 24320000,
        "ebitdaratio": 1.4139534884,
        "operatingIncome": 23100000,
        "operatingIncomeRatio": 1.3430232558,
        "totalOtherIncomeExpensesNet": 300000,
        "incomeBeforeTax": 23400000,
        "incomeBeforeTaxRatio": 1.3604651163,
        "incomeTaxExpense": 0,
        "netIncome": 23400000,
        "netIncomeRatio": 1.3604651163,
        "eps": 16.71,
        "epsdiluted": 16.71,
        "weightedAverageShsOut": 1400000,
        "weightedAverageShsOutDil": 1400000,
        "link": "https://www.sec.gov/Archives/edgar/data/920448/000110465904034777/0001104659-04-034777-index.htm",
        "finalLink": "https://www.sec.gov/Archives/edgar/data/920448/000110465904034777/a04-13101_110q.htm"
    },
    {
        "date": "2004-06-30",
        "symbol": "BVSN",
        "reportedCurrency": "USD",
        "cik": "0000920448",
        "fillingDate": "2004-08-09",
        "acceptedDate": "2004-08-09 17:21:27",
        "calendarYear": "2004",
        "period": "Q2",
        "revenue": 20100000,
        "costOfRevenue": 6600000,
        "grossProfit": 13500000,
        "grossProfitRatio": 0.671641791,
        "researchAndDevelopmentExpenses": 4500000,
        "generalAndAdministrativeExpenses": 2420000,
        "sellingAndMarketingExpenses": 7480000,
        "sellingGeneralAndAdministrativeExpenses": 9900000,
        "otherExpenses": 700000,
        "operatingExpenses": 15100000,
        "costAndExpenses": 21700000,
        "interestIncome": 0,
        "interestExpense": 100000,
        "depreciationAndAmortization": 900000,
        "ebitda": -499999.9999999999,
        "ebitdaratio": -0.0248756219,
        "operatingIncome": -1600000,
        "operatingIncomeRatio": -0.07960199,
        "totalOtherIncomeExpensesNet": 100000,
        "incomeBeforeTax": -1500000,
        "incomeBeforeTaxRatio": -0.0746268657,
        "incomeTaxExpense": 0,
        "netIncome": -1500000,
        "netIncomeRatio": -0.0746268657,
        "eps": -1.15,
        "epsdiluted": -1.15,
        "weightedAverageShsOut": 1300000,
        "weightedAverageShsOutDil": 1300000,
        "link": "https://www.sec.gov/Archives/edgar/data/920448/000110465904023445/0001104659-04-023445-index.htm",
        "finalLink": "https://www.sec.gov/Archives/edgar/data/920448/000110465904023445/a04-8969_110q.htm"
    },
    {
        "date": "2004-03-31",
        "symbol": "BVSN",
        "reportedCurrency": "USD",
        "cik": "0000920448",
        "fillingDate": "2004-05-10",
        "acceptedDate": "2004-05-10 15:15:06",
        "calendarYear": "2004",
        "period": "Q1",
        "revenue": 20900000,
        "costOfRevenue": 6900000,
        "grossProfit": 14000000,
        "grossProfitRatio": 0.6698564593,
        "researchAndDevelopmentExpenses": 4900000,
        "generalAndAdministrativeExpenses": 2434000,
        "sellingAndMarketingExpenses": 6866000,
        "sellingGeneralAndAdministrativeExpenses": 9300000,
        "otherExpenses": 500000,
        "operatingExpenses": 14700000,
        "costAndExpenses": 21600000,
        "interestIncome": 0,
        "interestExpense": 100000,
        "depreciationAndAmortization": 1410000,
        "ebitda": 710000,
        "ebitdaratio": 0.0339712919,
        "operatingIncome": -700000,
        "operatingIncomeRatio": -0.033492823,
        "totalOtherIncomeExpensesNet": 0,
        "incomeBeforeTax": -700000,
        "incomeBeforeTaxRatio": -0.033492823,
        "incomeTaxExpense": 100000,
        "netIncome": -900000,
        "netIncomeRatio": -0.043062201,
        "eps": -0.69,
        "epsdiluted": -0.69,
        "weightedAverageShsOut": 1300000,
        "weightedAverageShsOutDil": 1300000,
        "link": "https://www.sec.gov/Archives/edgar/data/920448/000110465904013525/0001104659-04-013525-index.htm",
        "finalLink": "https://www.sec.gov/Archives/edgar/data/920448/000110465904013525/a04-5630_110q.htm"
    },
    {
        "date": "2003-12-31",
        "symbol": "BVSN",
        "reportedCurrency": "USD",
        "cik": "0000920448",
        "fillingDate": "2004-03-15",
        "acceptedDate": "2004-03-15 15:11:28",
        "calendarYear": "2003",
        "period": "Q4",
        "revenue": 23300000,
        "costOfRevenue": 7100000,
        "grossProfit": 16200000,
        "grossProfitRatio": 0.69527897,
        "researchAndDevelopmentExpenses": 4400000,
        "generalAndAdministrativeExpenses": 2191000,
        "sellingAndMarketingExpenses": 6809000,
        "sellingGeneralAndAdministrativeExpenses": 9000000,
        "otherExpenses": 22000000,
        "operatingExpenses": 35400000,
        "costAndExpenses": 42500000,
        "interestIncome": 0,
        "interestExpense": 100000,
        "depreciationAndAmortization": 1920000,
        "ebitda": -16680000,
        "ebitdaratio": -0.7158798283,
        "operatingIncome": -19200000,
        "operatingIncomeRatio": -0.8240343348,
        "totalOtherIncomeExpensesNet": 400000,
        "incomeBeforeTax": -18800000,
        "incomeBeforeTaxRatio": -0.8068669528,
        "incomeTaxExpense": 200000,
        "netIncome": -18900000,
        "netIncomeRatio": -0.8111587983,
        "eps": -14.54,
        "epsdiluted": -14.54,
        "weightedAverageShsOut": 1300000,
        "weightedAverageShsOutDil": 1300000,
        "link": "https://www.sec.gov/Archives/edgar/data/920448/000104746904007958/0001047469-04-007958-index.htm",
        "finalLink": "https://www.sec.gov/Archives/edgar/data/920448/000104746904007958/a2130781z10-k.htm"
    },
    {
        "date": "2003-09-30",
        "symbol": "BVSN",
        "reportedCurrency": "USD",
        "cik": "0000920448",
        "fillingDate": "2003-11-14",
        "acceptedDate": "2003-11-14 16:20:43",
        "calendarYear": "2003",
        "period": "Q3",
        "revenue": 18600000,
        "costOfRevenue": 6600000,
        "grossProfit": 12000000,
        "grossProfitRatio": 0.6451612903,
        "researchAndDevelopmentExpenses": 4500000,
        "generalAndAdministrativeExpenses": 2890000,
        "sellingAndMarketingExpenses": 6710000,
        "sellingGeneralAndAdministrativeExpenses": 9600000,
        "otherExpenses": 8700000,
        "operatingExpenses": 22800000,
        "costAndExpenses": 29400000,
        "interestIncome": 0,
        "interestExpense": 100000,
        "depreciationAndAmortization": 2440000,
        "ebitda": -7660000,
        "ebitdaratio": -0.411827957,
        "operatingIncome": -10800000,
        "operatingIncomeRatio": -0.5806451613,
        "totalOtherIncomeExpensesNet": 600000,
        "incomeBeforeTax": -10200000,
        "incomeBeforeTaxRatio": -0.5483870968,
        "incomeTaxExpense": 100000,
        "netIncome": -10300000,
        "netIncomeRatio": -0.5537634409,
        "eps": -7.92,
        "epsdiluted": -7.92,
        "weightedAverageShsOut": 1300000,
        "weightedAverageShsOutDil": 1300000,
        "link": "https://www.sec.gov/Archives/edgar/data/920448/000110465903026697/0001104659-03-026697-index.htm",
        "finalLink": "https://www.sec.gov/Archives/edgar/data/920448/000110465903026697/a03-5575_110q.htm"
    },
    {
        "date": "2003-06-30",
        "symbol": "BVSN",
        "reportedCurrency": "USD",
        "cik": "0000920448",
        "fillingDate": "2003-08-14",
        "acceptedDate": "2003-08-14 16:35:39",
        "calendarYear": "2003",
        "period": "Q2",
        "revenue": 21800000,
        "costOfRevenue": 7700000,
        "grossProfit": 14100000,
        "grossProfitRatio": 0.6467889908,
        "researchAndDevelopmentExpenses": 6100000,
        "generalAndAdministrativeExpenses": 2457000,
        "sellingAndMarketingExpenses": 6043000,
        "sellingGeneralAndAdministrativeExpenses": 8500000,
        "otherExpenses": 7700000,
        "operatingExpenses": 22300000,
        "costAndExpenses": 30000000,
        "interestIncome": 0,
        "interestExpense": 200000,
        "depreciationAndAmortization": 3460000,
        "ebitda": -3839999.9999999995,
        "ebitdaratio": -0.176146789,
        "operatingIncome": -8200000,
        "operatingIncomeRatio": -0.376146789,
        "totalOtherIncomeExpensesNet": 700000,
        "incomeBeforeTax": -7500000,
        "incomeBeforeTaxRatio": -0.3440366972,
        "incomeTaxExpense": 100000,
        "netIncome": -7600000,
        "netIncomeRatio": -0.3486238532,
        "eps": -5.85,
        "epsdiluted": -5.85,
        "weightedAverageShsOut": 1300000,
        "weightedAverageShsOutDil": 1300000,
        "link": "https://www.sec.gov/Archives/edgar/data/920448/000110465903018727/0001104659-03-018727-index.htm",
        "finalLink": "https://www.sec.gov/Archives/edgar/data/920448/000110465903018727/a03-2689_110q.htm"
    },
    {
        "date": "2003-03-31",
        "symbol": "BVSN",
        "reportedCurrency": "USD",
        "cik": "0000920448",
        "fillingDate": "2003-05-14",
        "acceptedDate": "2003-05-14 17:14:44",
        "calendarYear": "2003",
        "period": "Q1",
        "revenue": 24500000,
        "costOfRevenue": 6900000,
        "grossProfit": 17600000,
        "grossProfitRatio": 0.7183673469,
        "researchAndDevelopmentExpenses": 6200000,
        "generalAndAdministrativeExpenses": 2268000,
        "sellingAndMarketingExpenses": 6832000,
        "sellingGeneralAndAdministrativeExpenses": 9100000,
        "otherExpenses": 1900000,
        "operatingExpenses": 17200000,
        "costAndExpenses": 24100000,
        "interestIncome": 0,
        "interestExpense": 400000,
        "depreciationAndAmortization": 4330000,
        "ebitda": 6130000,
        "ebitdaratio": 0.2502040816,
        "operatingIncome": 300000,
        "operatingIncomeRatio": 0.012244898,
        "totalOtherIncomeExpensesNet": 1100000,
        "incomeBeforeTax": 1400000,
        "incomeBeforeTaxRatio": 0.0571428571,
        "incomeTaxExpense": 100000,
        "netIncome": 1300000,
        "netIncomeRatio": 0.0530612245,
        "eps": 0.93,
        "epsdiluted": 0.93,
        "weightedAverageShsOut": 1400000,
        "weightedAverageShsOutDil": 1400000,
        "link": "https://www.sec.gov/Archives/edgar/data/920448/000110465903009880/0001104659-03-009880-index.htm",
        "finalLink": "https://www.sec.gov/Archives/edgar/data/920448/000110465903009880/j0819_10q.htm"
    },
    {
        "date": "2002-12-31",
        "symbol": "BVSN",
        "reportedCurrency": "USD",
        "cik": "0000920448",
        "fillingDate": "2003-03-31",
        "acceptedDate": "2003-03-31 16:46:39",
        "calendarYear": "2002",
        "period": "Q4",
        "revenue": 28800000,
        "costOfRevenue": 12100000,
        "grossProfit": 16700000,
        "grossProfitRatio": 0.5798611111,
        "researchAndDevelopmentExpenses": 6700000,
        "generalAndAdministrativeExpenses": 2547000,
        "sellingAndMarketingExpenses": 7553000,
        "sellingGeneralAndAdministrativeExpenses": 10100000,
        "otherExpenses": 8100000,
        "operatingExpenses": 24900000,
        "costAndExpenses": 37000000,
        "interestIncome": 0,
        "interestExpense": 0,
        "depreciationAndAmortization": 4580000,
        "ebitda": -5020000.000000001,
        "ebitdaratio": -0.1743055556,
        "operatingIncome": -8300000,
        "operatingIncomeRatio": -0.2881944444,
        "totalOtherIncomeExpensesNet": -1300000,
        "incomeBeforeTax": -9600000,
        "incomeBeforeTaxRatio": -0.3333333333,
        "incomeTaxExpense": 400000,
        "netIncome": -10000000,
        "netIncomeRatio": -0.3472222222,
        "eps": -7.69,
        "epsdiluted": -7.69,
        "weightedAverageShsOut": 1300000,
        "weightedAverageShsOutDil": 1300000,
        "link": "https://www.sec.gov/Archives/edgar/data/920448/000104746903011317/0001047469-03-011317-index.htm",
        "finalLink": "https://www.sec.gov/Archives/edgar/data/920448/000104746903011317/a2106545z10-k.htm"
    },
    {
        "date": "2002-09-30",
        "symbol": "BVSN",
        "reportedCurrency": "USD",
        "cik": "0000920448",
        "fillingDate": "2002-11-14",
        "acceptedDate": "2002-11-14 18:16:36",
        "calendarYear": "2002",
        "period": "Q3",
        "revenue": 27200000,
        "costOfRevenue": 10200000,
        "grossProfit": 17000000,
        "grossProfitRatio": 0.625,
        "researchAndDevelopmentExpenses": 7800000,
        "generalAndAdministrativeExpenses": 2616000,
        "sellingAndMarketingExpenses": 9384000,
        "sellingGeneralAndAdministrativeExpenses": 12000000,
        "otherExpenses": 64800000,
        "operatingExpenses": 84600000,
        "costAndExpenses": 94800000,
        "interestIncome": 0,
        "interestExpense": 700000,
        "depreciationAndAmortization": 4930000,
        "ebitda": -61970000,
        "ebitdaratio": -2.2783088235,
        "operatingIncome": -67600000,
        "operatingIncomeRatio": -2.4852941176,
        "totalOtherIncomeExpensesNet": 0,
        "incomeBeforeTax": -67600000,
        "incomeBeforeTaxRatio": -2.4852941176,
        "incomeTaxExpense": 100000,
        "netIncome": -67700000,
        "netIncomeRatio": -2.4889705882,
        "eps": -52.08,
        "epsdiluted": -52.08,
        "weightedAverageShsOut": 1300000,
        "weightedAverageShsOutDil": 1300000,
        "link": "https://www.sec.gov/Archives/edgar/data/920448/000110465902006285/0001104659-02-006285-index.htm",
        "finalLink": "https://www.sec.gov/Archives/edgar/data/920448/000110465902006285/j5441_10q.htm"
    },
    {
        "date": "2002-06-30",
        "symbol": "BVSN",
        "reportedCurrency": "USD",
        "cik": "0000920448",
        "fillingDate": "2002-08-14",
        "acceptedDate": "2002-08-14 11:43:03",
        "calendarYear": "2002",
        "period": "Q2",
        "revenue": 29400000,
        "costOfRevenue": 11300000,
        "grossProfit": 18100000,
        "grossProfitRatio": 0.6156462585,
        "researchAndDevelopmentExpenses": 13000000,
        "generalAndAdministrativeExpenses": 4997000,
        "sellingAndMarketingExpenses": 15803000,
        "sellingGeneralAndAdministrativeExpenses": 20800000,
        "otherExpenses": 35500000,
        "operatingExpenses": 69300000,
        "costAndExpenses": 80600000,
        "interestIncome": 0,
        "interestExpense": 1300000,
        "depreciationAndAmortization": 5850000,
        "ebitda": -42650000,
        "ebitdaratio": -1.4506802721,
        "operatingIncome": -51200000,
        "operatingIncomeRatio": -1.7414965986,
        "totalOtherIncomeExpensesNet": 1400000,
        "incomeBeforeTax": -49800000,
        "incomeBeforeTaxRatio": -1.693877551,
        "incomeTaxExpense": 6900000,
        "netIncome": -56700000,
        "netIncomeRatio": -1.9285714286,
        "eps": -43.62,
        "epsdiluted": -43.62,
        "weightedAverageShsOut": 1300000,
        "weightedAverageShsOutDil": 1300000,
        "link": "https://www.sec.gov/Archives/edgar/data/920448/000110465902003971/0001104659-02-003971-index.htm",
        "finalLink": "https://www.sec.gov/Archives/edgar/data/920448/000110465902003971/j4306_10q.htm"
    },
    {
        "date": "2002-03-31",
        "symbol": "BVSN",
        "reportedCurrency": "USD",
        "cik": "0000920448",
        "fillingDate": "2002-05-16",
        "acceptedDate": "2002-05-16 08:26:33",
        "calendarYear": "2002",
        "period": "Q1",
        "revenue": 30500000,
        "costOfRevenue": 13400000,
        "grossProfit": 17100000,
        "grossProfitRatio": 0.5606557377,
        "researchAndDevelopmentExpenses": 14000000,
        "generalAndAdministrativeExpenses": 6222000,
        "sellingAndMarketingExpenses": 16178000,
        "sellingGeneralAndAdministrativeExpenses": 22400000,
        "otherExpenses": 8500000,
        "operatingExpenses": 44900000,
        "costAndExpenses": 58300000,
        "interestIncome": 0,
        "interestExpense": 1500000,
        "depreciationAndAmortization": 6390000,
        "ebitda": -28010000,
        "ebitdaratio": -0.9183606557,
        "operatingIncome": -27900000,
        "operatingIncomeRatio": -0.9147540984,
        "totalOtherIncomeExpensesNet": -8000000,
        "incomeBeforeTax": -35900000,
        "incomeBeforeTaxRatio": -1.1770491803,
        "incomeTaxExpense": 200000,
        "netIncome": -36100000,
        "netIncomeRatio": -1.1836065574,
        "eps": -27.77,
        "epsdiluted": -27.77,
        "weightedAverageShsOut": 1300000,
        "weightedAverageShsOutDil": 1300000,
        "link": "https://www.sec.gov/Archives/edgar/data/920448/000110465902002599/0001104659-02-002599-index.htm",
        "finalLink": "https://www.sec.gov/Archives/edgar/data/920448/000110465902002599/j3615_10q.htm"
    },
    {
        "date": "2001-12-31",
        "symbol": "BVSN",
        "reportedCurrency": "USD",
        "cik": "0000920448",
        "fillingDate": "2002-04-01",
        "acceptedDate": "2002-04-01 00:00:00",
        "calendarYear": "2001",
        "period": "Q4",
        "revenue": 48900000,
        "costOfRevenue": 15700000,
        "grossProfit": 33200000,
        "grossProfitRatio": 0.6789366053,
        "researchAndDevelopmentExpenses": 14900000,
        "generalAndAdministrativeExpenses": -113499000,
        "sellingAndMarketingExpenses": 139799000,
        "sellingGeneralAndAdministrativeExpenses": 26300000,
        "otherExpenses": 38400000,
        "operatingExpenses": 79600000,
        "costAndExpenses": 95300000,
        "interestIncome": 0,
        "interestExpense": 0,
        "depreciationAndAmortization": 18350000,
        "ebitda": -36349999.999999985,
        "ebitdaratio": -0.7433537832,
        "operatingIncome": -46400000,
        "operatingIncomeRatio": -0.9488752556,
        "totalOtherIncomeExpensesNet": -8400000,
        "incomeBeforeTax": -54800000,
        "incomeBeforeTaxRatio": -1.1206543967,
        "incomeTaxExpense": 600000,
        "netIncome": -55300000,
        "netIncomeRatio": -1.1308793456,
        "eps": -42.54,
        "epsdiluted": -42.54,
        "weightedAverageShsOut": 1300000,
        "weightedAverageShsOutDil": 1300000,
        "link": "https://www.sec.gov/Archives/edgar/data/920448/000091205702013100/0000912057-02-013100-index.htm",
        "finalLink": "https://www.sec.gov/Archives/edgar/data/920448/000091205702013100/a2072633z10-k405.htm"
    },
    {
        "date": "2001-09-30",
        "symbol": "BVSN",
        "reportedCurrency": "USD",
        "cik": "0000920448",
        "fillingDate": "2001-11-14",
        "acceptedDate": "2001-11-14 00:00:00",
        "calendarYear": "2001",
        "period": "Q3",
        "revenue": 48700000,
        "costOfRevenue": 17400000,
        "grossProfit": 31300000,
        "grossProfitRatio": 0.6427104723,
        "researchAndDevelopmentExpenses": 16200000,
        "generalAndAdministrativeExpenses": 130947000,
        "sellingAndMarketingExpenses": -94247000,
        "sellingGeneralAndAdministrativeExpenses": 36700000,
        "otherExpenses": 412800000,
        "operatingExpenses": 465700000,
        "costAndExpenses": 483100000,
        "interestIncome": 0,
        "interestExpense": 0,
        "depreciationAndAmortization": 73570000,
        "ebitda": -358930000,
        "ebitdaratio": -7.3702258727,
        "operatingIncome": -434300000,
        "operatingIncomeRatio": -8.9178644764,
        "totalOtherIncomeExpensesNet": 1800000,
        "incomeBeforeTax": -432500000,
        "incomeBeforeTaxRatio": -8.8809034908,
        "incomeTaxExpense": 400000,
        "netIncome": -432900000,
        "netIncomeRatio": -8.8891170431,
        "eps": -360.75,
        "epsdiluted": -360.75,
        "weightedAverageShsOut": 1200000,
        "weightedAverageShsOutDil": 1200000,
        "link": "https://www.sec.gov/Archives/edgar/data/920448/000110465901503246/0001104659-01-503246-index.htm",
        "finalLink": "https://www.sec.gov/Archives/edgar/data/920448/000110465901503246/j2189_10q.htm"
    },
    {
        "date": "2001-06-30",
        "symbol": "BVSN",
        "reportedCurrency": "USD",
        "cik": "0000920448",
        "fillingDate": "2001-08-14",
        "acceptedDate": "2001-08-14 00:00:00",
        "calendarYear": "2001",
        "period": "Q2",
        "revenue": 58000000,
        "costOfRevenue": 33300000,
        "grossProfit": 24700000,
        "grossProfitRatio": 0.425862069,
        "researchAndDevelopmentExpenses": 20600000,
        "generalAndAdministrativeExpenses": 14234000,
        "sellingAndMarketingExpenses": 41766000,
        "sellingGeneralAndAdministrativeExpenses": 56000000,
        "otherExpenses": 189800000,
        "operatingExpenses": 266400000,
        "costAndExpenses": 299700000,
        "interestIncome": 0,
        "interestExpense": 0,
        "depreciationAndAmortization": 72670000,
        "ebitda": -169830000,
        "ebitdaratio": -2.9281034483,
        "operatingIncome": -241600000,
        "operatingIncomeRatio": -4.1655172414,
        "totalOtherIncomeExpensesNet": -900000,
        "incomeBeforeTax": -242500000,
        "incomeBeforeTaxRatio": -4.1810344828,
        "incomeTaxExpense": 300000,
        "netIncome": -242800000,
        "netIncomeRatio": -4.1862068966,
        "eps": -202.33,
        "epsdiluted": -202.33,
        "weightedAverageShsOut": 1200000,
        "weightedAverageShsOutDil": 1200000,
        "link": "https://www.sec.gov/Archives/edgar/data/920448/000110465901501871/0001104659-01-501871-index.htm",
        "finalLink": "https://www.sec.gov/Archives/edgar/data/920448/000110465901501871/j1209_10q.htm"
    },
    {
        "date": "2001-03-31",
        "symbol": "BVSN",
        "reportedCurrency": "USD",
        "cik": "0000920448",
        "fillingDate": "2001-05-15",
        "acceptedDate": "2001-05-15 00:00:00",
        "calendarYear": "2001",
        "period": "Q1",
        "revenue": 92700000,
        "costOfRevenue": 41200000,
        "grossProfit": 51500000,
        "grossProfitRatio": 0.5555555556,
        "researchAndDevelopmentExpenses": 27000000,
        "generalAndAdministrativeExpenses": 10619000,
        "sellingAndMarketingExpenses": 52481000,
        "sellingGeneralAndAdministrativeExpenses": 63100000,
        "otherExpenses": 66200000,
        "operatingExpenses": 156300000,
        "costAndExpenses": 197500000,
        "interestIncome": 0,
        "interestExpense": 0,
        "depreciationAndAmortization": 72070000,
        "ebitda": -32229999.999999985,
        "ebitdaratio": -0.3476806904,
        "operatingIncome": -104800000,
        "operatingIncomeRatio": -1.1305285868,
        "totalOtherIncomeExpensesNet": 500000,
        "incomeBeforeTax": -104300000,
        "incomeBeforeTaxRatio": -1.1251348436,
        "incomeTaxExpense": 800000,
        "netIncome": -105100000,
        "netIncomeRatio": -1.1337648328,
        "eps": -87.58,
        "epsdiluted": -87.58,
        "weightedAverageShsOut": 1200000,
        "weightedAverageShsOutDil": 1200000,
        "link": "https://www.sec.gov/Archives/edgar/data/920448/000110465901500783/0001104659-01-500783-index.htm",
        "finalLink": "https://www.sec.gov/Archives/edgar/data/920448/000110465901500783/j0454_10q.htm"
    },
    {
        "date": "2000-12-31",
        "symbol": "BVSN",
        "reportedCurrency": "USD",
        "cik": "0000920448",
        "fillingDate": "2000-12-31",
        "acceptedDate": "2000-12-30 19:00:00",
        "calendarYear": "2000",
        "period": "Q4",
        "revenue": 136900000,
        "costOfRevenue": 40600000,
        "grossProfit": 96300000,
        "grossProfitRatio": 0.7034331629,
        "researchAndDevelopmentExpenses": 21200000,
        "generalAndAdministrativeExpenses": 74400000,
        "sellingAndMarketingExpenses": 66100000,
        "sellingGeneralAndAdministrativeExpenses": 140500000,
        "otherExpenses": 0,
        "operatingExpenses": 161700000,
        "costAndExpenses": 202300000,
        "interestIncome": 0,
        "interestExpense": 0,
        "depreciationAndAmortization": 69170000,
        "ebitda": 6470000,
        "ebitdaratio": 0.0472607743,
        "operatingIncome": -65500000,
        "operatingIncomeRatio": -0.4784514244,
        "totalOtherIncomeExpensesNet": 2700000,
        "incomeBeforeTax": -62800000,
        "incomeBeforeTaxRatio": -0.4587289993,
        "incomeTaxExpense": 1300000,
        "netIncome": -64000000,
        "netIncomeRatio": -0.4674945215,
        "eps": -53.33,
        "epsdiluted": -53.33,
        "weightedAverageShsOut": 1200000,
        "weightedAverageShsOutDil": 1200000,
        "link": "",
        "finalLink": ""
    },
    {
        "date": "2000-09-30",
        "symbol": "BVSN",
        "reportedCurrency": "USD",
        "cik": "0000920448",
        "fillingDate": "2000-11-14",
        "acceptedDate": "2000-11-14 00:00:00",
        "calendarYear": "2000",
        "period": "Q3",
        "revenue": 120200000,
        "costOfRevenue": 35400000,
        "grossProfit": 84800000,
        "grossProfitRatio": 0.7054908486,
        "researchAndDevelopmentExpenses": 15000000,
        "generalAndAdministrativeExpenses": 8201000,
        "sellingAndMarketingExpenses": 43799000,
        "sellingGeneralAndAdministrativeExpenses": 52000000,
        "otherExpenses": 66300000,
        "operatingExpenses": 133300000,
        "costAndExpenses": 168700000,
        "interestIncome": 0,
        "interestExpense": 0,
        "depreciationAndAmortization": 69180000,
        "ebitda": 24980000,
        "ebitdaratio": 0.2078202995,
        "operatingIncome": -48500000,
        "operatingIncomeRatio": -0.4034941764,
        "totalOtherIncomeExpensesNet": 4300000,
        "incomeBeforeTax": -44200000,
        "incomeBeforeTaxRatio": -0.3677204659,
        "incomeTaxExpense": 8600000,
        "netIncome": -52800000,
        "netIncomeRatio": -0.4392678869,
        "eps": -44,
        "epsdiluted": -44,
        "weightedAverageShsOut": 1200000,
        "weightedAverageShsOutDil": 1200000,
        "link": "https://www.sec.gov/Archives/edgar/data/920448/000109238800500261/0001092388-00-500261-index.htm",
        "finalLink": "https://www.sec.gov/Archives/edgar/data/920448/000109238800500261/broadvision-10q.htm"
    },
    {
        "date": "2000-06-30",
        "symbol": "BVSN",
        "reportedCurrency": "USD",
        "cik": "0000920448",
        "fillingDate": "2000-06-30",
        "acceptedDate": "2000-06-29 20:00:00",
        "calendarYear": "2000",
        "period": "Q2",
        "revenue": 95300000,
        "costOfRevenue": 31800000,
        "grossProfit": 63500000,
        "grossProfitRatio": 0.666316894,
        "researchAndDevelopmentExpenses": 9700000,
        "generalAndAdministrativeExpenses": 40400000,
        "sellingAndMarketingExpenses": 65500000,
        "sellingGeneralAndAdministrativeExpenses": 105900000,
        "otherExpenses": 0,
        "operatingExpenses": 115600000,
        "costAndExpenses": 147400000,
        "interestIncome": 0,
        "interestExpense": 0,
        "depreciationAndAmortization": 57940000,
        "ebitda": 9840000,
        "ebitdaratio": 0.1032528856,
        "operatingIncome": -52000000,
        "operatingIncomeRatio": -0.5456453305,
        "totalOtherIncomeExpensesNet": 3900000,
        "incomeBeforeTax": -48100000,
        "incomeBeforeTaxRatio": -0.5047219307,
        "incomeTaxExpense": 6800000,
        "netIncome": -54900000,
        "netIncomeRatio": -0.5760755509,
        "eps": -45.75,
        "epsdiluted": -45.75,
        "weightedAverageShsOut": 1200000,
        "weightedAverageShsOutDil": 1200000,
        "link": "",
        "finalLink": ""
    },
    {
        "date": "2000-03-31",
        "symbol": "BVSN",
        "reportedCurrency": "USD",
        "cik": "0000920448",
        "fillingDate": "2000-03-31",
        "acceptedDate": "2000-03-30 19:00:00",
        "calendarYear": "2000",
        "period": "Q1",
        "revenue": 61500000,
        "costOfRevenue": 17700000,
        "grossProfit": 43800000,
        "grossProfitRatio": 0.712195122,
        "researchAndDevelopmentExpenses": 5800000,
        "generalAndAdministrativeExpenses": 28800000,
        "sellingAndMarketingExpenses": 0,
        "sellingGeneralAndAdministrativeExpenses": 28800000,
        "otherExpenses": 0,
        "operatingExpenses": 34600000,
        "costAndExpenses": 52300000,
        "interestIncome": 0,
        "interestExpense": 0,
        "depreciationAndAmortization": 1940000,
        "ebitda": 18340000,
        "ebitdaratio": 0.2982113821,
        "operatingIncome": 9200000,
        "operatingIncomeRatio": 0.1495934959,
        "totalOtherIncomeExpensesNet": 7200000,
        "incomeBeforeTax": 16400000,
        "incomeBeforeTaxRatio": 0.2666666667,
        "incomeTaxExpense": 6400000,
        "netIncome": 10000000,
        "netIncomeRatio": 0.162601626,
        "eps": 7.69,
        "epsdiluted": 7.69,
        "weightedAverageShsOut": 1300000,
        "weightedAverageShsOutDil": 1300000,
        "link": "",
        "finalLink": ""
    },
    {
        "date": "1999-12-31",
        "symbol": "BVSN",
        "reportedCurrency": "USD",
        "cik": "0000920448",
        "fillingDate": "1999-12-31",
        "acceptedDate": "1999-12-30 19:00:00",
        "calendarYear": "1999",
        "period": "Q4",
        "revenue": 43700000,
        "costOfRevenue": 11200000,
        "grossProfit": 32500000,
        "grossProfitRatio": 0.7437070938,
        "researchAndDevelopmentExpenses": 4600000,
        "generalAndAdministrativeExpenses": 22100000,
        "sellingAndMarketingExpenses": -100000.00000000373,
        "sellingGeneralAndAdministrativeExpenses": 22000000,
        "otherExpenses": 0,
        "operatingExpenses": 26600000,
        "costAndExpenses": 37800000,
        "interestIncome": 0,
        "interestExpense": 0,
        "depreciationAndAmortization": 1750000,
        "ebitda": 10250000,
        "ebitdaratio": 0.2345537757,
        "operatingIncome": 5900000,
        "operatingIncomeRatio": 0.1350114416,
        "totalOtherIncomeExpensesNet": 2600000,
        "incomeBeforeTax": 8500000,
        "incomeBeforeTaxRatio": 0.1945080092,
        "incomeTaxExpense": 400000,
        "netIncome": 8100000,
        "netIncomeRatio": 0.1853546911,
        "eps": 6.75,
        "epsdiluted": 6.75,
        "weightedAverageShsOut": 1200000,
        "weightedAverageShsOutDil": 1200000,
        "link": "",
        "finalLink": ""
    },
    {
        "date": "1999-09-30",
        "symbol": "BVSN",
        "reportedCurrency": "USD",
        "cik": "0000920448",
        "fillingDate": "1999-09-30",
        "acceptedDate": "1999-09-29 20:00:00",
        "calendarYear": "1999",
        "period": "Q3",
        "revenue": 29800000,
        "costOfRevenue": 7900000,
        "grossProfit": 21900000,
        "grossProfitRatio": 0.7348993289,
        "researchAndDevelopmentExpenses": 3800000,
        "generalAndAdministrativeExpenses": 14300000,
        "sellingAndMarketingExpenses": 0,
        "sellingGeneralAndAdministrativeExpenses": 14300000,
        "otherExpenses": 0,
        "operatingExpenses": 18100000,
        "costAndExpenses": 26000000,
        "interestIncome": 0,
        "interestExpense": 0,
        "depreciationAndAmortization": 1070000,
        "ebitda": 5770000,
        "ebitdaratio": 0.1936241611,
        "operatingIncome": 3800000,
        "operatingIncomeRatio": 0.1275167785,
        "totalOtherIncomeExpensesNet": 900000,
        "incomeBeforeTax": 4700000,
        "incomeBeforeTaxRatio": 0.1577181208,
        "incomeTaxExpense": 200000,
        "netIncome": 4500000,
        "netIncomeRatio": 0.1510067114,
        "eps": 3.75,
        "epsdiluted": 3.75,
        "weightedAverageShsOut": 1200000,
        "weightedAverageShsOutDil": 1200000,
        "link": "",
        "finalLink": ""
    },
    {
        "date": "1999-06-30",
        "symbol": "BVSN",
        "reportedCurrency": "USD",
        "cik": "0000920448",
        "fillingDate": "1999-06-30",
        "acceptedDate": "1999-06-29 20:00:00",
        "calendarYear": "1999",
        "period": "Q2",
        "revenue": 23500000,
        "costOfRevenue": 5700000,
        "grossProfit": 17800000,
        "grossProfitRatio": 0.7574468085,
        "researchAndDevelopmentExpenses": 3300000,
        "generalAndAdministrativeExpenses": 11600000,
        "sellingAndMarketingExpenses": 0,
        "sellingGeneralAndAdministrativeExpenses": 11600000,
        "otherExpenses": 0,
        "operatingExpenses": 14900000,
        "costAndExpenses": 20600000,
        "interestIncome": 0,
        "interestExpense": 0,
        "depreciationAndAmortization": 1010000,
        "ebitda": 4510000,
        "ebitdaratio": 0.1919148936,
        "operatingIncome": 2900000,
        "operatingIncomeRatio": 0.1234042553,
        "totalOtherIncomeExpensesNet": 600000,
        "incomeBeforeTax": 3500000,
        "incomeBeforeTaxRatio": 0.1489361702,
        "incomeTaxExpense": 200000,
        "netIncome": 3300000,
        "netIncomeRatio": 0.1404255319,
        "eps": 3,
        "epsdiluted": 3,
        "weightedAverageShsOut": 1100000,
        "weightedAverageShsOutDil": 1100000,
        "link": "",
        "finalLink": ""
    },
    {
        "date": "1999-03-31",
        "symbol": "BVSN",
        "reportedCurrency": "USD",
        "cik": "0000920448",
        "fillingDate": "1999-03-31",
        "acceptedDate": "1999-03-30 19:00:00",
        "calendarYear": "1999",
        "period": "Q1",
        "revenue": 18500000,
        "costOfRevenue": 4100000,
        "grossProfit": 14400000,
        "grossProfitRatio": 0.7783783784,
        "researchAndDevelopmentExpenses": 2900000,
        "generalAndAdministrativeExpenses": 8900000,
        "sellingAndMarketingExpenses": 0,
        "sellingGeneralAndAdministrativeExpenses": 8900000,
        "otherExpenses": 0,
        "operatingExpenses": 11800000,
        "costAndExpenses": 15900000,
        "interestIncome": 0,
        "interestExpense": 0,
        "depreciationAndAmortization": 910000,
        "ebitda": 3910000,
        "ebitdaratio": 0.2113513514,
        "operatingIncome": 2600000,
        "operatingIncomeRatio": 0.1405405405,
        "totalOtherIncomeExpensesNet": 500000,
        "incomeBeforeTax": 3100000,
        "incomeBeforeTaxRatio": 0.1675675676,
        "incomeTaxExpense": 100000,
        "netIncome": 2900000,
        "netIncomeRatio": 0.1567567568,
        "eps": 2.64,
        "epsdiluted": 2.64,
        "weightedAverageShsOut": 1100000,
        "weightedAverageShsOutDil": 1100000,
        "link": "",
        "finalLink": ""
    },
    {
        "date": "1998-12-31",
        "symbol": "BVSN",
        "reportedCurrency": "USD",
        "cik": "0000920448",
        "fillingDate": "1998-12-31",
        "acceptedDate": "1998-12-30 19:00:00",
        "calendarYear": "1998",
        "period": "Q4",
        "revenue": 16000000,
        "costOfRevenue": 2800000,
        "grossProfit": 13200000,
        "grossProfitRatio": 0.825,
        "researchAndDevelopmentExpenses": 2800000,
        "generalAndAdministrativeExpenses": 9100000,
        "sellingAndMarketingExpenses": 0,
        "sellingGeneralAndAdministrativeExpenses": 9100000,
        "otherExpenses": 0,
        "operatingExpenses": 11900000,
        "costAndExpenses": 14700000,
        "interestIncome": 0,
        "interestExpense": 0,
        "depreciationAndAmortization": 880000,
        "ebitda": 2880000,
        "ebitdaratio": 0.18,
        "operatingIncome": 1400000,
        "operatingIncomeRatio": 0.0875,
        "totalOtherIncomeExpensesNet": 600000,
        "incomeBeforeTax": 2000000,
        "incomeBeforeTaxRatio": 0.125,
        "incomeTaxExpense": -100000,
        "netIncome": 2100000,
        "netIncomeRatio": 0.13125,
        "eps": 2.1,
        "epsdiluted": 2.1,
        "weightedAverageShsOut": 1000000,
        "weightedAverageShsOutDil": 1000000,
        "link": "",
        "finalLink": ""
    },
    {
        "date": "1998-09-30",
        "symbol": "BVSN",
        "reportedCurrency": "USD",
        "cik": "0000920448",
        "fillingDate": "1998-09-30",
        "acceptedDate": "1998-09-29 20:00:00",
        "calendarYear": "1998",
        "period": "Q3",
        "revenue": 13400000,
        "costOfRevenue": 2800000,
        "grossProfit": 10600000,
        "grossProfitRatio": 0.7910447761,
        "researchAndDevelopmentExpenses": 2400000,
        "generalAndAdministrativeExpenses": 7300000,
        "sellingAndMarketingExpenses": -99999.99999999814,
        "sellingGeneralAndAdministrativeExpenses": 7200000,
        "otherExpenses": 0,
        "operatingExpenses": 9600000,
        "costAndExpenses": 12400000,
        "interestIncome": 0,
        "interestExpense": -100000,
        "depreciationAndAmortization": 750000,
        "ebitda": 2450000,
        "ebitdaratio": 0.1828358209,
        "operatingIncome": 1000000,
        "operatingIncomeRatio": 0.0746268657,
        "totalOtherIncomeExpensesNet": 800000,
        "incomeBeforeTax": 1800000,
        "incomeBeforeTaxRatio": 0.1343283582,
        "incomeTaxExpense": 0,
        "netIncome": 1800000,
        "netIncomeRatio": 0.1343283582,
        "eps": 1.64,
        "epsdiluted": 1.64,
        "weightedAverageShsOut": 1100000,
        "weightedAverageShsOutDil": 1100000,
        "link": "",
        "finalLink": ""
    },
    {
        "date": "1998-06-30",
        "symbol": "BVSN",
        "reportedCurrency": "USD",
        "cik": "0000920448",
        "fillingDate": "1998-06-30",
        "acceptedDate": "1998-06-29 20:00:00",
        "calendarYear": "1998",
        "period": "Q2",
        "revenue": 11400000,
        "costOfRevenue": 2300000,
        "grossProfit": 9100000,
        "grossProfitRatio": 0.798245614,
        "researchAndDevelopmentExpenses": 2000000,
        "generalAndAdministrativeExpenses": 7000000,
        "sellingAndMarketingExpenses": 100000,
        "sellingGeneralAndAdministrativeExpenses": 7100000,
        "otherExpenses": 0,
        "operatingExpenses": 9100000,
        "costAndExpenses": 11400000,
        "interestIncome": 0,
        "interestExpense": -100000,
        "depreciationAndAmortization": 710000,
        "ebitda": 1310000,
        "ebitdaratio": 0.1149122807,
        "operatingIncome": 600000,
        "operatingIncomeRatio": 0.0526315789,
        "totalOtherIncomeExpensesNet": 100000,
        "incomeBeforeTax": 700000,
        "incomeBeforeTaxRatio": 0.0614035088,
        "incomeTaxExpense": 0,
        "netIncome": 700000,
        "netIncomeRatio": 0.0614035088,
        "eps": 0.64,
        "epsdiluted": 0.64,
        "weightedAverageShsOut": 1100000,
        "weightedAverageShsOutDil": 1100000,
        "link": "",
        "finalLink": ""
    },
    {
        "date": "1998-03-31",
        "symbol": "BVSN",
        "reportedCurrency": "USD",
        "cik": "0000920448",
        "fillingDate": "1998-03-31",
        "acceptedDate": "1998-03-30 19:00:00",
        "calendarYear": "1998",
        "period": "Q1",
        "revenue": 10100000,
        "costOfRevenue": 1800000,
        "grossProfit": 8300000,
        "grossProfitRatio": 0.8217821782,
        "researchAndDevelopmentExpenses": 2000000,
        "generalAndAdministrativeExpenses": 6700000,
        "sellingAndMarketingExpenses": 0,
        "sellingGeneralAndAdministrativeExpenses": 6700000,
        "otherExpenses": 0,
        "operatingExpenses": 8700000,
        "costAndExpenses": 10500000,
        "interestIncome": 0,
        "interestExpense": -200000,
        "depreciationAndAmortization": 610000,
        "ebitda": -90000,
        "ebitdaratio": -0.0089108911,
        "operatingIncome": -400000,
        "operatingIncomeRatio": -0.0396039604,
        "totalOtherIncomeExpensesNet": -100000,
        "incomeBeforeTax": -500000,
        "incomeBeforeTaxRatio": -0.0495049505,
        "incomeTaxExpense": 0,
        "netIncome": -500000,
        "netIncomeRatio": -0.0495049505,
        "eps": -0.62,
        "epsdiluted": -0.62,
        "weightedAverageShsOut": 800000,
        "weightedAverageShsOutDil": 800000,
        "link": "",
        "finalLink": ""
    },
    {
        "date": "1997-12-31",
        "symbol": "BVSN",
        "reportedCurrency": "USD",
        "cik": "0000920448",
        "fillingDate": "1997-12-31",
        "acceptedDate": "1997-12-30 19:00:00",
        "calendarYear": "1997",
        "period": "Q4",
        "revenue": 8600000,
        "costOfRevenue": 1700000,
        "grossProfit": 6900000,
        "grossProfitRatio": 0.8023255814,
        "researchAndDevelopmentExpenses": 1800000,
        "generalAndAdministrativeExpenses": 6100000,
        "sellingAndMarketingExpenses": 0,
        "sellingGeneralAndAdministrativeExpenses": 6100000,
        "otherExpenses": 0,
        "operatingExpenses": 7900000,
        "costAndExpenses": 9600000,
        "interestIncome": 0,
        "interestExpense": 0,
        "depreciationAndAmortization": 460000,
        "ebitda": -639999.9999999998,
        "ebitdaratio": -0.0744186047,
        "operatingIncome": -1000000,
        "operatingIncomeRatio": -0.1162790698,
        "totalOtherIncomeExpensesNet": -100000,
        "incomeBeforeTax": -1100000,
        "incomeBeforeTaxRatio": -0.1279069767,
        "incomeTaxExpense": 0,
        "netIncome": -1100000,
        "netIncomeRatio": -0.1279069767,
        "eps": -1.37,
        "epsdiluted": -1.37,
        "weightedAverageShsOut": 800000,
        "weightedAverageShsOutDil": 800000,
        "link": "",
        "finalLink": ""
    },
    {
        "date": "1997-09-30",
        "symbol": "BVSN",
        "reportedCurrency": "USD",
        "cik": "0000920448",
        "fillingDate": "1997-09-30",
        "acceptedDate": "1997-09-29 20:00:00",
        "calendarYear": "1997",
        "period": "Q3",
        "revenue": 7200000,
        "costOfRevenue": 1500000,
        "grossProfit": 5700000,
        "grossProfitRatio": 0.7916666667,
        "researchAndDevelopmentExpenses": 2100000,
        "generalAndAdministrativeExpenses": 5400000,
        "sellingAndMarketingExpenses": 0,
        "sellingGeneralAndAdministrativeExpenses": 5400000,
        "otherExpenses": 0,
        "operatingExpenses": 7500000,
        "costAndExpenses": 9000000,
        "interestIncome": 0,
        "interestExpense": 0,
        "depreciationAndAmortization": 440000,
        "ebitda": -1260000,
        "ebitdaratio": -0.175,
        "operatingIncome": -1800000,
        "operatingIncomeRatio": -0.25,
        "totalOtherIncomeExpensesNet": 100000,
        "incomeBeforeTax": -1700000,
        "incomeBeforeTaxRatio": -0.2361111111,
        "incomeTaxExpense": 0,
        "netIncome": -1700000,
        "netIncomeRatio": -0.2361111111,
        "eps": -2.12,
        "epsdiluted": -2.12,
        "weightedAverageShsOut": 800000,
        "weightedAverageShsOutDil": 800000,
        "link": "",
        "finalLink": ""
    },
    {
        "date": "1997-06-30",
        "symbol": "BVSN",
        "reportedCurrency": "USD",
        "cik": "0000920448",
        "fillingDate": "1997-06-30",
        "acceptedDate": "1997-06-29 20:00:00",
        "calendarYear": "1997",
        "period": "Q2",
        "revenue": 6000000,
        "costOfRevenue": 1400000,
        "grossProfit": 4600000,
        "grossProfitRatio": 0.7666666667,
        "researchAndDevelopmentExpenses": 1800000,
        "generalAndAdministrativeExpenses": 5000000,
        "sellingAndMarketingExpenses": 0,
        "sellingGeneralAndAdministrativeExpenses": 5000000,
        "otherExpenses": 0,
        "operatingExpenses": 6800000,
        "costAndExpenses": 8200000,
        "interestIncome": 0,
        "interestExpense": -100000,
        "depreciationAndAmortization": 380000,
        "ebitda": -1820000,
        "ebitdaratio": -0.3033333333,
        "operatingIncome": -2200000,
        "operatingIncomeRatio": -0.3666666667,
        "totalOtherIncomeExpensesNet": 100000,
        "incomeBeforeTax": -2100000,
        "incomeBeforeTaxRatio": -0.35,
        "incomeTaxExpense": 0,
        "netIncome": -2100000,
        "netIncomeRatio": -0.35,
        "eps": -2.62,
        "epsdiluted": -2.62,
        "weightedAverageShsOut": 800000,
        "weightedAverageShsOutDil": 800000,
        "link": "",
        "finalLink": ""
    },
    {
        "date": "1997-03-31",
        "symbol": "BVSN",
        "reportedCurrency": "USD",
        "cik": "0000920448",
        "fillingDate": "1997-03-31",
        "acceptedDate": "1997-03-30 19:00:00",
        "calendarYear": "1997",
        "period": "Q1",
        "revenue": 5300000,
        "costOfRevenue": 1400000,
        "grossProfit": 3900000,
        "grossProfitRatio": 0.7358490566,
        "researchAndDevelopmentExpenses": 1700000,
        "generalAndAdministrativeExpenses": 5000000,
        "sellingAndMarketingExpenses": -100000,
        "sellingGeneralAndAdministrativeExpenses": 4900000,
        "otherExpenses": 0,
        "operatingExpenses": 6600000,
        "costAndExpenses": 8000000,
        "interestIncome": 0,
        "interestExpense": 0,
        "depreciationAndAmortization": 330000,
        "ebitda": -2170000,
        "ebitdaratio": -0.4094339623,
        "operatingIncome": -2700000,
        "operatingIncomeRatio": -0.5094339623,
        "totalOtherIncomeExpensesNet": 200000,
        "incomeBeforeTax": -2500000,
        "incomeBeforeTaxRatio": -0.4716981132,
        "incomeTaxExpense": 0,
        "netIncome": -2500000,
        "netIncomeRatio": -0.4716981132,
        "eps": -3.12,
        "epsdiluted": -3.12,
        "weightedAverageShsOut": 800000,
        "weightedAverageShsOutDil": 800000,
        "link": "",
        "finalLink": ""
    },
    {
        "date": "1996-12-31",
        "symbol": "BVSN",
        "reportedCurrency": "USD",
        "cik": "0000920448",
        "fillingDate": "1996-12-31",
        "acceptedDate": "1996-12-30 19:00:00",
        "calendarYear": "1996",
        "period": "Q4",
        "revenue": 4100000,
        "costOfRevenue": 1200000,
        "grossProfit": 2900000,
        "grossProfitRatio": 0.7073170732,
        "researchAndDevelopmentExpenses": 1500000,
        "generalAndAdministrativeExpenses": 5200000,
        "sellingAndMarketingExpenses": 0,
        "sellingGeneralAndAdministrativeExpenses": 5200000,
        "otherExpenses": 0,
        "operatingExpenses": 6700000,
        "costAndExpenses": 7900000,
        "interestIncome": 0,
        "interestExpense": -100000,
        "depreciationAndAmortization": 270000,
        "ebitda": -3430000,
        "ebitdaratio": -0.8365853659,
        "operatingIncome": -3800000,
        "operatingIncomeRatio": -0.9268292683,
        "totalOtherIncomeExpensesNet": 200000,
        "incomeBeforeTax": -3600000,
        "incomeBeforeTaxRatio": -0.8780487805,
        "incomeTaxExpense": 0,
        "netIncome": -3600000,
        "netIncomeRatio": -0.8780487805,
        "eps": -4.5,
        "epsdiluted": -4.5,
        "weightedAverageShsOut": 800000,
        "weightedAverageShsOutDil": 800000,
        "link": "",
        "finalLink": ""
    },
    {
        "date": "1996-09-30",
        "symbol": "BVSN",
        "reportedCurrency": "USD",
        "cik": "0000920448",
        "fillingDate": "1996-09-30",
        "acceptedDate": "1996-09-29 20:00:00",
        "calendarYear": "1996",
        "period": "Q3",
        "revenue": 3100000,
        "costOfRevenue": 600000,
        "grossProfit": 2500000,
        "grossProfitRatio": 0.8064516129,
        "researchAndDevelopmentExpenses": 1300000,
        "generalAndAdministrativeExpenses": 4200000,
        "sellingAndMarketingExpenses": 0,
        "sellingGeneralAndAdministrativeExpenses": 4200000,
        "otherExpenses": 0,
        "operatingExpenses": 5500000,
        "costAndExpenses": 6100000,
        "interestIncome": 0,
        "interestExpense": 0,
        "depreciationAndAmortization": 230000,
        "ebitda": -2470000,
        "ebitdaratio": -0.7967741935,
        "operatingIncome": -3000000,
        "operatingIncomeRatio": -0.9677419355,
        "totalOtherIncomeExpensesNet": 300000,
        "incomeBeforeTax": -2700000,
        "incomeBeforeTaxRatio": -0.8709677419,
        "incomeTaxExpense": 0,
        "netIncome": -2700000,
        "netIncomeRatio": -0.8709677419,
        "eps": -3.37,
        "epsdiluted": -3.37,
        "weightedAverageShsOut": 800000,
        "weightedAverageShsOutDil": 800000,
        "link": "",
        "finalLink": ""
    },
    {
        "date": "1996-06-30",
        "symbol": "BVSN",
        "reportedCurrency": "USD",
        "cik": "0000920448",
        "fillingDate": "1996-06-30",
        "acceptedDate": "1996-06-29 20:00:00",
        "calendarYear": "1996",
        "period": "Q2",
        "revenue": 2300000,
        "costOfRevenue": 400000,
        "grossProfit": 1900000,
        "grossProfitRatio": 0.8260869565,
        "researchAndDevelopmentExpenses": 1300000,
        "generalAndAdministrativeExpenses": 2800000,
        "sellingAndMarketingExpenses": 0,
        "sellingGeneralAndAdministrativeExpenses": 2800000,
        "otherExpenses": 0,
        "operatingExpenses": 4100000,
        "costAndExpenses": 4500000,
        "interestIncome": 0,
        "interestExpense": 0,
        "depreciationAndAmortization": 150000,
        "ebitda": -2050000,
        "ebitdaratio": -0.8913043478,
        "operatingIncome": -2200000,
        "operatingIncomeRatio": -0.9565217391,
        "totalOtherIncomeExpensesNet": 0,
        "incomeBeforeTax": -2200000,
        "incomeBeforeTaxRatio": -0.9565217391,
        "incomeTaxExpense": 0,
        "netIncome": -2200000,
        "netIncomeRatio": -0.9565217391,
        "eps": -3.14,
        "epsdiluted": -3.14,
        "weightedAverageShsOut": 700000,
        "weightedAverageShsOutDil": 700000,
        "link": "",
        "finalLink": ""
    },
    {
        "date": "1996-03-31",
        "symbol": "BVSN",
        "reportedCurrency": "USD",
        "cik": "0000920448",
        "fillingDate": "1996-03-31",
        "acceptedDate": "1996-03-30 19:00:00",
        "calendarYear": "1996",
        "period": "Q1",
        "revenue": 1400000,
        "costOfRevenue": 300000,
        "grossProfit": 1100000,
        "grossProfitRatio": 0.7857142857,
        "researchAndDevelopmentExpenses": 900000,
        "generalAndAdministrativeExpenses": 1900000,
        "sellingAndMarketingExpenses": 0,
        "sellingGeneralAndAdministrativeExpenses": 1900000,
        "otherExpenses": 0,
        "operatingExpenses": 2800000,
        "costAndExpenses": 3100000,
        "interestIncome": 0,
        "interestExpense": 0,
        "depreciationAndAmortization": 100000,
        "ebitda": -1600000,
        "ebitdaratio": -1.1428571429,
        "operatingIncome": -1700000,
        "operatingIncomeRatio": -1.2142857143,
        "totalOtherIncomeExpensesNet": 0,
        "incomeBeforeTax": -1700000,
        "incomeBeforeTaxRatio": -1.2142857143,
        "incomeTaxExpense": 0,
        "netIncome": -1700000,
        "netIncomeRatio": -1.2142857143,
        "eps": -2.43,
        "epsdiluted": -2.43,
        "weightedAverageShsOut": 700000,
        "weightedAverageShsOutDil": 700000,
        "link": "",
        "finalLink": ""
    },
    {
        "date": "1995-12-31",
        "symbol": "BVSN",
        "reportedCurrency": "USD",
        "cik": "0000920448",
        "fillingDate": "1995-12-31",
        "acceptedDate": "1995-12-30 19:00:00",
        "calendarYear": "1995",
        "period": "Q4",
        "revenue": 300000,
        "costOfRevenue": 100000,
        "grossProfit": 200000,
        "grossProfitRatio": 0.6666666667,
        "researchAndDevelopmentExpenses": 800000,
        "generalAndAdministrativeExpenses": 900000,
        "sellingAndMarketingExpenses": 0,
        "sellingGeneralAndAdministrativeExpenses": 900000,
        "otherExpenses": 0,
        "operatingExpenses": 1700000,
        "costAndExpenses": 1800000,
        "interestIncome": 0,
        "interestExpense": 0,
        "depreciationAndAmortization": 160000,
        "ebitda": -1340000,
        "ebitdaratio": -4.4666666667,
        "operatingIncome": -1500000,
        "operatingIncomeRatio": -5,
        "totalOtherIncomeExpensesNet": 0,
        "incomeBeforeTax": -1500000,
        "incomeBeforeTaxRatio": -5,
        "incomeTaxExpense": 0,
        "netIncome": -1500000,
        "netIncomeRatio": -5,
        "eps": -2.14,
        "epsdiluted": -2.14,
        "weightedAverageShsOut": 700000,
        "weightedAverageShsOutDil": 700000,
        "link": "",
        "finalLink": ""
    },
    {
        "date": "1995-09-30",
        "symbol": "BVSN",
        "reportedCurrency": "USD",
        "cik": "0000920448",
        "fillingDate": "1995-09-30",
        "acceptedDate": "1995-09-29 20:00:00",
        "calendarYear": "1995",
        "period": "Q3",
        "revenue": 300000,
        "costOfRevenue": 100000,
        "grossProfit": 200000,
        "grossProfitRatio": 0.6666666667,
        "researchAndDevelopmentExpenses": 800000,
        "generalAndAdministrativeExpenses": 400000,
        "sellingAndMarketingExpenses": 0,
        "sellingGeneralAndAdministrativeExpenses": 400000,
        "otherExpenses": 0,
        "operatingExpenses": 1200000,
        "costAndExpenses": 1300000,
        "interestIncome": 0,
        "interestExpense": 0,
        "depreciationAndAmortization": 30000,
        "ebitda": -970000,
        "ebitdaratio": -3.2333333333,
        "operatingIncome": -1100000,
        "operatingIncomeRatio": -3.6666666667,
        "totalOtherIncomeExpensesNet": 100000,
        "incomeBeforeTax": -1000000,
        "incomeBeforeTaxRatio": -3.3333333333,
        "incomeTaxExpense": 0,
        "netIncome": -1000000,
        "netIncomeRatio": -3.3333333333,
        "eps": -1.25,
        "epsdiluted": -1.25,
        "weightedAverageShsOut": 800000,
        "weightedAverageShsOutDil": 800000,
        "link": "",
        "finalLink": ""
    },
    {
        "date": "1995-06-30",
        "symbol": "BVSN",
        "reportedCurrency": "USD",
        "cik": "0000920448",
        "fillingDate": "1995-06-30",
        "acceptedDate": "1995-06-29 20:00:00",
        "calendarYear": "1995",
        "period": "Q2",
        "revenue": 0,
        "costOfRevenue": 0,
        "grossProfit": 0,
        "grossProfitRatio": 0,
        "researchAndDevelopmentExpenses": 600000,
        "generalAndAdministrativeExpenses": 400000,
        "sellingAndMarketingExpenses": 0,
        "sellingGeneralAndAdministrativeExpenses": 400000,
        "otherExpenses": 0,
        "operatingExpenses": 1000000,
        "costAndExpenses": 1000000,
        "interestIncome": 0,
        "interestExpense": 0,
        "depreciationAndAmortization": -110000.00000000001,
        "ebitda": -1110000,
        "ebitdaratio": 0,
        "operatingIncome": -1000000,
        "operatingIncomeRatio": 0,
        "totalOtherIncomeExpensesNet": 0,
        "incomeBeforeTax": -1000000,
        "incomeBeforeTaxRatio": 0,
        "incomeTaxExpense": 0,
        "netIncome": -1000000,
        "netIncomeRatio": 0,
        "eps": -1.25,
        "epsdiluted": -1.25,
        "weightedAverageShsOut": 800000,
        "weightedAverageShsOutDil": 800000,
        "link": "",
        "finalLink": ""
    },
    {
        "date": "1995-03-31",
        "symbol": "BVSN",
        "reportedCurrency": "USD",
        "cik": "0000920448",
        "fillingDate": "1995-03-31",
        "acceptedDate": "1995-03-30 19:00:00",
        "calendarYear": "1995",
        "period": "Q1",
        "revenue": 0,
        "costOfRevenue": 0,
        "grossProfit": 0,
        "grossProfitRatio": 0,
        "researchAndDevelopmentExpenses": 400000,
        "generalAndAdministrativeExpenses": 500000,
        "sellingAndMarketingExpenses": 0,
        "sellingGeneralAndAdministrativeExpenses": 500000,
        "otherExpenses": 0,
        "operatingExpenses": 900000,
        "costAndExpenses": 900000,
        "interestIncome": 0,
        "interestExpense": 0,
        "depreciationAndAmortization": 40000,
        "ebitda": -760000,
        "ebitdaratio": 0,
        "operatingIncome": -900000,
        "operatingIncomeRatio": 0,
        "totalOtherIncomeExpensesNet": 100000,
        "incomeBeforeTax": -800000,
        "incomeBeforeTaxRatio": 0,
        "incomeTaxExpense": 0,
        "netIncome": -800000,
        "netIncomeRatio": 0,
        "eps": -1,
        "epsdiluted": -1,
        "weightedAverageShsOut": 800000,
        "weightedAverageShsOutDil": 800000,
        "link": "",
        "finalLink": ""
    }
]