[
    {
        "date": "2025-06-30",
        "symbol": "CBB",
        "reportedCurrency": "USD",
        "cik": "0000716133",
        "fillingDate": "2025-08-13",
        "acceptedDate": "2025-08-13 15:56:43",
        "calendarYear": "2025",
        "period": "Q2",
        "revenue": 274800000,
        "costOfRevenue": 0,
        "grossProfit": 0,
        "grossProfitRatio": 0,
        "researchAndDevelopmentExpenses": 0,
        "generalAndAdministrativeExpenses": 0,
        "sellingAndMarketingExpenses": 0,
        "sellingGeneralAndAdministrativeExpenses": 55000000,
        "otherExpenses": 0,
        "operatingExpenses": 55000000,
        "costAndExpenses": 263399999,
        "interestIncome": 0,
        "interestExpense": 33200000,
        "depreciationAndAmortization": 87300000,
        "ebitda": 103000000,
        "ebitdaratio": 0.3748180495,
        "operatingIncome": 11400000,
        "operatingIncomeRatio": 0.0414847162,
        "totalOtherIncomeExpensesNet": -28900000,
        "incomeBeforeTax": -17500000,
        "incomeBeforeTaxRatio": -0.0636826783,
        "incomeTaxExpense": 600000,
        "netIncome": -18100000,
        "netIncomeRatio": -0.0658660844,
        "eps": 0,
        "epsdiluted": 0,
        "weightedAverageShsOut": 0,
        "weightedAverageShsOutDil": 0,
        "link": "https://www.sec.gov/Archives/edgar/data/716133/000095017025107969/0000950170-25-107969-index.htm",
        "finalLink": "https://www.sec.gov/Archives/edgar/data/716133/000095017025107969/ck0000716133-20250630.htm"
    },
    {
        "date": "2025-03-31",
        "symbol": "CBB",
        "reportedCurrency": "USD",
        "cik": "0000716133",
        "fillingDate": "2025-05-08",
        "acceptedDate": "2025-05-08 16:06:02",
        "calendarYear": "2025",
        "period": "Q1",
        "revenue": 276400000,
        "costOfRevenue": 0,
        "grossProfit": 0,
        "grossProfitRatio": 0,
        "researchAndDevelopmentExpenses": 0,
        "generalAndAdministrativeExpenses": 0,
        "sellingAndMarketingExpenses": 0,
        "sellingGeneralAndAdministrativeExpenses": 55000000,
        "otherExpenses": 0,
        "operatingExpenses": 55000000,
        "costAndExpenses": 265700000,
        "interestIncome": 0,
        "interestExpense": 33100000,
        "depreciationAndAmortization": 84600000,
        "ebitda": 103800000,
        "ebitdaratio": 0.3755426918,
        "operatingIncome": 10700000,
        "operatingIncomeRatio": 0.0387120116,
        "totalOtherIncomeExpensesNet": -24600000,
        "incomeBeforeTax": -13900000,
        "incomeBeforeTaxRatio": -0.0502894356,
        "incomeTaxExpense": 500000,
        "netIncome": -28300000,
        "netIncomeRatio": -0.1023878437,
        "eps": 0,
        "epsdiluted": 0,
        "weightedAverageShsOut": 0,
        "weightedAverageShsOutDil": 0,
        "link": "https://www.sec.gov/Archives/edgar/data/716133/000095017025066920/0000950170-25-066920-index.htm",
        "finalLink": "https://www.sec.gov/Archives/edgar/data/716133/000095017025066920/ck0000716133-20250331.htm"
    },
    {
        "date": "2024-12-31",
        "symbol": "CBB",
        "reportedCurrency": "USD",
        "cik": "0000716133",
        "fillingDate": "2025-03-18",
        "acceptedDate": "2025-03-18 17:08:57",
        "calendarYear": "2024",
        "period": "Q4",
        "revenue": -564700000,
        "costOfRevenue": 655900000,
        "grossProfit": -578500000,
        "grossProfitRatio": 1.0244377546,
        "researchAndDevelopmentExpenses": 0,
        "generalAndAdministrativeExpenses": 96300000,
        "sellingAndMarketingExpenses": -58500000,
        "sellingGeneralAndAdministrativeExpenses": 178800000,
        "otherExpenses": 0,
        "operatingExpenses": 178800000,
        "costAndExpenses": 834700000,
        "interestIncome": 0,
        "interestExpense": 98500000,
        "depreciationAndAmortization": -209700000,
        "ebitda": -162600000,
        "ebitdaratio": 0.2879404994,
        "operatingIncome": -70600000,
        "operatingIncomeRatio": 0.1250221356,
        "totalOtherIncomeExpensesNet": 214700000,
        "incomeBeforeTax": 144100000,
        "incomeBeforeTaxRatio": -0.2551797415,
        "incomeTaxExpense": 38100000,
        "netIncome": 107500000,
        "netIncomeRatio": -0.1903665663,
        "eps": 0.26,
        "epsdiluted": 0.26,
        "weightedAverageShsOut": 0,
        "weightedAverageShsOutDil": 0,
        "link": "https://www.sec.gov/Archives/edgar/data/716133/000095017025041396/0000950170-25-041396-index.htm",
        "finalLink": "https://www.sec.gov/Archives/edgar/data/716133/000095017025041396/ck0000716133-20241231.htm"
    },
    {
        "date": "2021-06-30",
        "symbol": "CBB",
        "reportedCurrency": "USD",
        "cik": "0000716133",
        "fillingDate": "2021-07-29",
        "acceptedDate": "2021-07-29 16:32:47",
        "calendarYear": "2021",
        "period": "Q2",
        "revenue": 414200000,
        "costOfRevenue": 224800000,
        "grossProfit": 189400000,
        "grossProfitRatio": 0.4572670208,
        "researchAndDevelopmentExpenses": 0,
        "generalAndAdministrativeExpenses": 0,
        "sellingAndMarketingExpenses": 0,
        "sellingGeneralAndAdministrativeExpenses": 85400000,
        "otherExpenses": 71800000,
        "operatingExpenses": 157200000,
        "costAndExpenses": 382000000,
        "interestIncome": 0,
        "interestExpense": 33500000,
        "depreciationAndAmortization": 71800000,
        "ebitda": 100700000,
        "ebitdaratio": 0.2431192661,
        "operatingIncome": 30400000,
        "operatingIncomeRatio": 0.0733944954,
        "totalOtherIncomeExpensesNet": -35000000,
        "incomeBeforeTax": -4600000,
        "incomeBeforeTaxRatio": -0.011105746,
        "incomeTaxExpense": 0,
        "netIncome": -4600000,
        "netIncomeRatio": -0.011105746,
        "eps": -0.0907,
        "epsdiluted": -0.0907,
        "weightedAverageShsOut": 50700000,
        "weightedAverageShsOutDil": 50700000,
        "link": "https://www.sec.gov/Archives/edgar/data/716133/000156459021039167/0001564590-21-039167-index.htm",
        "finalLink": "https://www.sec.gov/Archives/edgar/data/716133/000156459021039167/cbb-10q_20210630.htm"
    },
    {
        "date": "2021-03-31",
        "symbol": "CBB",
        "reportedCurrency": "USD",
        "cik": "0000716133",
        "fillingDate": "2021-04-23",
        "acceptedDate": "2021-04-23 16:32:03",
        "calendarYear": "2021",
        "period": "Q1",
        "revenue": 409900000,
        "costOfRevenue": 220100000,
        "grossProfit": 189800000,
        "grossProfitRatio": 0.4630397658,
        "researchAndDevelopmentExpenses": 0,
        "generalAndAdministrativeExpenses": 0,
        "sellingAndMarketingExpenses": 0,
        "sellingGeneralAndAdministrativeExpenses": 83800000,
        "otherExpenses": 71000000,
        "operatingExpenses": 154800000,
        "costAndExpenses": 374900000,
        "interestIncome": 0,
        "interestExpense": 32400000,
        "depreciationAndAmortization": 71000000,
        "ebitda": 100800000,
        "ebitdaratio": 0.2459136375,
        "operatingIncome": 32600000,
        "operatingIncomeRatio": 0.0795315931,
        "totalOtherIncomeExpensesNet": -35200000,
        "incomeBeforeTax": -2600000,
        "incomeBeforeTaxRatio": -0.0063430105,
        "incomeTaxExpense": 400000,
        "netIncome": -3000000,
        "netIncomeRatio": -0.0073188583,
        "eps": -0.0592,
        "epsdiluted": -0.0592,
        "weightedAverageShsOut": 50700000,
        "weightedAverageShsOutDil": 50700000,
        "link": "https://www.sec.gov/Archives/edgar/data/716133/000156459021020361/0001564590-21-020361-index.htm",
        "finalLink": "https://www.sec.gov/Archives/edgar/data/716133/000156459021020361/cbb-10q_20210331.htm"
    },
    {
        "date": "2020-12-31",
        "symbol": "CBB",
        "reportedCurrency": "USD",
        "cik": "0000716133",
        "fillingDate": "2021-02-25",
        "acceptedDate": "2021-02-25 16:33:43",
        "calendarYear": "2020",
        "period": "Q4",
        "revenue": 410300000,
        "costOfRevenue": 211000000,
        "grossProfit": 199300000,
        "grossProfitRatio": 0.4857421399,
        "researchAndDevelopmentExpenses": 0,
        "generalAndAdministrativeExpenses": 96300000,
        "sellingAndMarketingExpenses": 58500000,
        "sellingGeneralAndAdministrativeExpenses": 154800000,
        "otherExpenses": 0,
        "operatingExpenses": 154800000,
        "costAndExpenses": 365800000,
        "interestIncome": 0,
        "interestExpense": 33600000,
        "depreciationAndAmortization": 72600000,
        "ebitda": 101300000,
        "ebitdaratio": 0.2468925177,
        "operatingIncome": 44500000,
        "operatingIncomeRatio": 0.1084572264,
        "totalOtherIncomeExpensesNet": -49400000,
        "incomeBeforeTax": -4900000,
        "incomeBeforeTaxRatio": -0.0119424811,
        "incomeTaxExpense": 700000,
        "netIncome": -5600000,
        "netIncomeRatio": -0.0136485498,
        "eps": -0.11,
        "epsdiluted": -0.11,
        "weightedAverageShsOut": 50700000,
        "weightedAverageShsOutDil": 50700000,
        "link": "https://www.sec.gov/Archives/edgar/data/716133/000156459021008888/0001564590-21-008888-index.htm",
        "finalLink": "https://www.sec.gov/Archives/edgar/data/716133/000156459021008888/cbb-10k_20201231.htm"
    },
    {
        "date": "2020-09-30",
        "symbol": "CBB",
        "reportedCurrency": "USD",
        "cik": "0000716133",
        "fillingDate": "2020-11-05",
        "acceptedDate": "2020-11-05 16:35:43",
        "calendarYear": "2020",
        "period": "Q3",
        "revenue": 389500000,
        "costOfRevenue": 203900000,
        "grossProfit": 185600000,
        "grossProfitRatio": 0.476508344,
        "researchAndDevelopmentExpenses": 0,
        "generalAndAdministrativeExpenses": 88600000,
        "sellingAndMarketingExpenses": 71900000,
        "sellingGeneralAndAdministrativeExpenses": 160500000,
        "otherExpenses": 0,
        "operatingExpenses": 160500000,
        "costAndExpenses": 364400000,
        "interestIncome": 0,
        "interestExpense": 33400000,
        "depreciationAndAmortization": 71900000,
        "ebitda": 94200000,
        "ebitdaratio": 0.2418485237,
        "operatingIncome": 25100000,
        "operatingIncomeRatio": 0.0644415918,
        "totalOtherIncomeExpensesNet": -36200000,
        "incomeBeforeTax": -11100000,
        "incomeBeforeTaxRatio": -0.0284980745,
        "incomeTaxExpense": -2900000,
        "netIncome": -8200000,
        "netIncomeRatio": -0.0210526316,
        "eps": -0.16,
        "epsdiluted": -0.16,
        "weightedAverageShsOut": 50700000,
        "weightedAverageShsOutDil": 50700000,
        "link": "https://www.sec.gov/Archives/edgar/data/716133/000156459020051383/0001564590-20-051383-index.htm",
        "finalLink": "https://www.sec.gov/Archives/edgar/data/716133/000156459020051383/cbb-10q_20200930.htm"
    },
    {
        "date": "2020-06-30",
        "symbol": "CBB",
        "reportedCurrency": "USD",
        "cik": "0000716133",
        "fillingDate": "2020-08-06",
        "acceptedDate": "2020-08-06 16:34:18",
        "calendarYear": "2020",
        "period": "Q2",
        "revenue": 380000000,
        "costOfRevenue": 193400000,
        "grossProfit": 186600000,
        "grossProfitRatio": 0.4910526316,
        "researchAndDevelopmentExpenses": 0,
        "generalAndAdministrativeExpenses": 0,
        "sellingAndMarketingExpenses": 0,
        "sellingGeneralAndAdministrativeExpenses": 156000000,
        "otherExpenses": 0,
        "operatingExpenses": 156000000,
        "costAndExpenses": 349400000,
        "interestIncome": 0,
        "interestExpense": 33500000,
        "depreciationAndAmortization": 74700000,
        "ebitda": 98800000,
        "ebitdaratio": 0.26,
        "operatingIncome": 30600000,
        "operatingIncomeRatio": 0.0805263158,
        "totalOtherIncomeExpensesNet": -40000000,
        "incomeBeforeTax": -9400000,
        "incomeBeforeTaxRatio": -0.0247368421,
        "incomeTaxExpense": -1600000,
        "netIncome": -7800000,
        "netIncomeRatio": -0.0205263158,
        "eps": -0.15,
        "epsdiluted": -0.15,
        "weightedAverageShsOut": 50500000,
        "weightedAverageShsOutDil": 50500000,
        "link": "https://www.sec.gov/Archives/edgar/data/716133/000156459020037813/0001564590-20-037813-index.htm",
        "finalLink": "https://www.sec.gov/Archives/edgar/data/716133/000156459020037813/cbb-10q_20200630.htm"
    },
    {
        "date": "2020-03-31",
        "symbol": "CBB",
        "reportedCurrency": "USD",
        "cik": "0000716133",
        "fillingDate": "2020-05-05",
        "acceptedDate": "2020-05-05 16:49:59",
        "calendarYear": "2020",
        "period": "Q1",
        "revenue": 380000000,
        "costOfRevenue": 193700000,
        "grossProfit": 186300000,
        "grossProfitRatio": 0.4902631579,
        "researchAndDevelopmentExpenses": 0,
        "generalAndAdministrativeExpenses": 0,
        "sellingAndMarketingExpenses": 0,
        "sellingGeneralAndAdministrativeExpenses": 162200000,
        "otherExpenses": 0,
        "operatingExpenses": 162200000,
        "costAndExpenses": 355900000,
        "interestIncome": 0,
        "interestExpense": 33700000,
        "depreciationAndAmortization": 74200000,
        "ebitda": 52200000,
        "ebitdaratio": 0.1373684211,
        "operatingIncome": 24100000,
        "operatingIncomeRatio": 0.0634210526,
        "totalOtherIncomeExpensesNet": -79800000,
        "incomeBeforeTax": -55700000,
        "incomeBeforeTaxRatio": -0.1465789474,
        "incomeTaxExpense": -21700000,
        "netIncome": -34000000,
        "netIncomeRatio": -0.0894736842,
        "eps": -0.67,
        "epsdiluted": -0.67,
        "weightedAverageShsOut": 50500000,
        "weightedAverageShsOutDil": 50500000,
        "link": "https://www.sec.gov/Archives/edgar/data/716133/000156459020021317/0001564590-20-021317-index.htm",
        "finalLink": "https://www.sec.gov/Archives/edgar/data/716133/000156459020006066/cbb-10k_20191231.htm"
    },
    {
        "date": "2019-12-31",
        "symbol": "CBB",
        "reportedCurrency": "USD",
        "cik": "0000716133",
        "fillingDate": "2020-02-24",
        "acceptedDate": "2020-02-24 17:18:02",
        "calendarYear": "2019",
        "period": "Q4",
        "revenue": 390400000,
        "costOfRevenue": 196700000,
        "grossProfit": 193700000,
        "grossProfitRatio": 0.4961577869,
        "researchAndDevelopmentExpenses": 0,
        "generalAndAdministrativeExpenses": 0,
        "sellingAndMarketingExpenses": 0,
        "sellingGeneralAndAdministrativeExpenses": 168900000,
        "otherExpenses": 0,
        "operatingExpenses": 168900000,
        "costAndExpenses": 365600000,
        "interestIncome": 0,
        "interestExpense": 34600000,
        "depreciationAndAmortization": 75800000,
        "ebitda": 88400000,
        "ebitdaratio": 0.2264344262,
        "operatingIncome": 24800000,
        "operatingIncomeRatio": 0.0635245902,
        "totalOtherIncomeExpensesNet": -46800000,
        "incomeBeforeTax": -22000000,
        "incomeBeforeTaxRatio": -0.056352459,
        "incomeTaxExpense": -1400000,
        "netIncome": -20600000,
        "netIncomeRatio": -0.0527663934,
        "eps": -0.41,
        "epsdiluted": -0.41,
        "weightedAverageShsOut": 50400000,
        "weightedAverageShsOutDil": 50400000,
        "link": "https://www.sec.gov/Archives/edgar/data/716133/000156459020006066/0001564590-20-006066-index.htm",
        "finalLink": "https://www.sec.gov/Archives/edgar/data/716133/000156459020006066/cbb-10k_20191231.htm"
    },
    {
        "date": "2019-09-30",
        "symbol": "CBB",
        "reportedCurrency": "USD",
        "cik": "0000716133",
        "fillingDate": "2019-11-07",
        "acceptedDate": "2019-11-07 16:32:13",
        "calendarYear": "2019",
        "period": "Q3",
        "revenue": 382500000,
        "costOfRevenue": 194700000,
        "grossProfit": 187800000,
        "grossProfitRatio": 0.4909803922,
        "researchAndDevelopmentExpenses": 0,
        "generalAndAdministrativeExpenses": 0,
        "sellingAndMarketingExpenses": 0,
        "sellingGeneralAndAdministrativeExpenses": 163500000,
        "otherExpenses": 0,
        "operatingExpenses": 163500000,
        "costAndExpenses": 358200000,
        "interestIncome": 0,
        "interestExpense": 35000000,
        "depreciationAndAmortization": 75500000,
        "ebitda": 95000000,
        "ebitdaratio": 0.2483660131,
        "operatingIncome": 24300000,
        "operatingIncomeRatio": 0.0635294118,
        "totalOtherIncomeExpensesNet": -39800000,
        "incomeBeforeTax": -15500000,
        "incomeBeforeTaxRatio": -0.0405228758,
        "incomeTaxExpense": -1900000,
        "netIncome": -13600000,
        "netIncomeRatio": -0.0355555556,
        "eps": -0.27,
        "epsdiluted": -0.27,
        "weightedAverageShsOut": 50400000,
        "weightedAverageShsOutDil": 50400000,
        "link": "https://www.sec.gov/Archives/edgar/data/716133/000156459019041806/0001564590-19-041806-index.htm",
        "finalLink": "https://www.sec.gov/Archives/edgar/data/716133/000156459019041806/cbb-10q_20190930.htm"
    },
    {
        "date": "2019-06-30",
        "symbol": "CBB",
        "reportedCurrency": "USD",
        "cik": "0000716133",
        "fillingDate": "2019-08-08",
        "acceptedDate": "2019-08-08 16:32:50",
        "calendarYear": "2019",
        "period": "Q2",
        "revenue": 384200000,
        "costOfRevenue": 195500000,
        "grossProfit": 188700000,
        "grossProfitRatio": 0.4911504425,
        "researchAndDevelopmentExpenses": 0,
        "generalAndAdministrativeExpenses": 0,
        "sellingAndMarketingExpenses": 0,
        "sellingGeneralAndAdministrativeExpenses": 161400000,
        "otherExpenses": 0,
        "operatingExpenses": 161400000,
        "costAndExpenses": 356900000,
        "interestIncome": 0,
        "interestExpense": 34900000,
        "depreciationAndAmortization": 74200000,
        "ebitda": 96000000,
        "ebitdaratio": 0.2498698594,
        "operatingIncome": 27300000,
        "operatingIncomeRatio": 0.0710567413,
        "totalOtherIncomeExpensesNet": -40400000,
        "incomeBeforeTax": -13100000,
        "incomeBeforeTaxRatio": -0.0340968246,
        "incomeTaxExpense": -7600000,
        "netIncome": -5500000,
        "netIncomeRatio": -0.0143154607,
        "eps": -0.11,
        "epsdiluted": -0.11,
        "weightedAverageShsOut": 50300000,
        "weightedAverageShsOutDil": 50300000,
        "link": "https://www.sec.gov/Archives/edgar/data/716133/000156459019030845/0001564590-19-030845-index.htm",
        "finalLink": "https://www.sec.gov/Archives/edgar/data/716133/000156459019030845/cbb-10q_20190630.htm"
    },
    {
        "date": "2019-03-31",
        "symbol": "CBB",
        "reportedCurrency": "USD",
        "cik": "0000716133",
        "fillingDate": "2019-05-08",
        "acceptedDate": "2019-05-08 16:58:54",
        "calendarYear": "2019",
        "period": "Q1",
        "revenue": 379600000,
        "costOfRevenue": 197700000,
        "grossProfit": 181900000,
        "grossProfitRatio": 0.4791886196,
        "researchAndDevelopmentExpenses": 0,
        "generalAndAdministrativeExpenses": 0,
        "sellingAndMarketingExpenses": 0,
        "sellingGeneralAndAdministrativeExpenses": 165500000,
        "otherExpenses": 0,
        "operatingExpenses": 165500000,
        "costAndExpenses": 363200000,
        "interestIncome": 0,
        "interestExpense": 35100000,
        "depreciationAndAmortization": 79400000,
        "ebitda": 87900000,
        "ebitdaratio": 0.2315595364,
        "operatingIncome": 16400000,
        "operatingIncomeRatio": 0.043203372,
        "totalOtherIncomeExpensesNet": -43000000,
        "incomeBeforeTax": -26600000,
        "incomeBeforeTaxRatio": -0.0700737619,
        "incomeTaxExpense": 300000,
        "netIncome": -26900000,
        "netIncomeRatio": -0.0708640674,
        "eps": -0.53,
        "epsdiluted": -0.53,
        "weightedAverageShsOut": 50300000,
        "weightedAverageShsOutDil": 50300000,
        "link": "https://www.sec.gov/Archives/edgar/data/716133/000071613319000025/0000716133-19-000025-index.htm",
        "finalLink": "https://www.sec.gov/Archives/edgar/data/716133/000071613319000010/cbb12312018-10k.htm"
    },
    {
        "date": "2018-12-31",
        "symbol": "CBB",
        "reportedCurrency": "USD",
        "cik": "0000716133",
        "fillingDate": "2019-02-22",
        "acceptedDate": "2019-02-22 16:03:44",
        "calendarYear": "2018",
        "period": "Q4",
        "revenue": 399000000,
        "costOfRevenue": 199300000,
        "grossProfit": 199700000,
        "grossProfitRatio": 0.5005012531,
        "researchAndDevelopmentExpenses": 0,
        "generalAndAdministrativeExpenses": 93200000,
        "sellingAndMarketingExpenses": 74400000,
        "sellingGeneralAndAdministrativeExpenses": 167600000,
        "otherExpenses": 0,
        "operatingExpenses": 167600000,
        "costAndExpenses": 366900000,
        "interestIncome": 0,
        "interestExpense": 35200000,
        "depreciationAndAmortization": 74400000,
        "ebitda": 95000000,
        "ebitdaratio": 0.2380952381,
        "operatingIncome": 32100000,
        "operatingIncomeRatio": 0.0804511278,
        "totalOtherIncomeExpensesNet": -46700000,
        "incomeBeforeTax": -14600000,
        "incomeBeforeTaxRatio": -0.0365914787,
        "incomeTaxExpense": 15400000,
        "netIncome": -30000000,
        "netIncomeRatio": -0.0751879699,
        "eps": -0.6,
        "epsdiluted": -0.6,
        "weightedAverageShsOut": 50200000,
        "weightedAverageShsOutDil": 50200000,
        "link": "https://www.sec.gov/Archives/edgar/data/716133/000071613319000010/0000716133-19-000010-index.htm",
        "finalLink": "https://www.sec.gov/Archives/edgar/data/716133/000071613319000010/cbb12312018-10k.htm"
    },
    {
        "date": "2018-09-30",
        "symbol": "CBB",
        "reportedCurrency": "USD",
        "cik": "0000716133",
        "fillingDate": "2018-11-08",
        "acceptedDate": "2018-11-08 16:40:23",
        "calendarYear": "2018",
        "period": "Q3",
        "revenue": 386700000,
        "costOfRevenue": 197700000,
        "grossProfit": 189000000,
        "grossProfitRatio": 0.4887509697,
        "researchAndDevelopmentExpenses": 0,
        "generalAndAdministrativeExpenses": 0,
        "sellingAndMarketingExpenses": 0,
        "sellingGeneralAndAdministrativeExpenses": 161200000,
        "otherExpenses": 0,
        "operatingExpenses": 161200000,
        "costAndExpenses": 358900000,
        "interestIncome": 0,
        "interestExpense": 33700000,
        "depreciationAndAmortization": 75500000,
        "ebitda": 88200000,
        "ebitdaratio": 0.2280837859,
        "operatingIncome": 27800000,
        "operatingIncomeRatio": 0.0718903543,
        "totalOtherIncomeExpensesNet": -48800000,
        "incomeBeforeTax": -21000000,
        "incomeBeforeTaxRatio": -0.0543056633,
        "incomeTaxExpense": -3300000,
        "netIncome": -17700000,
        "netIncomeRatio": -0.0457719162,
        "eps": -0.35,
        "epsdiluted": -0.35,
        "weightedAverageShsOut": 50100000,
        "weightedAverageShsOutDil": 50100000,
        "link": "https://www.sec.gov/Archives/edgar/data/716133/000071613318000071/0000716133-18-000071-index.htm",
        "finalLink": "https://www.sec.gov/Archives/edgar/data/716133/000071613318000071/q3form10-q2018.htm"
    },
    {
        "date": "2018-06-30",
        "symbol": "CBB",
        "reportedCurrency": "USD",
        "cik": "0000716133",
        "fillingDate": "2018-08-08",
        "acceptedDate": "2018-08-08 16:47:08",
        "calendarYear": "2018",
        "period": "Q2",
        "revenue": 296800000,
        "costOfRevenue": 152300000,
        "grossProfit": 144500000,
        "grossProfitRatio": 0.4868598383,
        "researchAndDevelopmentExpenses": 0,
        "generalAndAdministrativeExpenses": 0,
        "sellingAndMarketingExpenses": 0,
        "sellingGeneralAndAdministrativeExpenses": 117000000,
        "otherExpenses": 0,
        "operatingExpenses": 117000000,
        "costAndExpenses": 269300000,
        "interestIncome": 0,
        "interestExpense": 31800000,
        "depreciationAndAmortization": 50900000,
        "ebitda": 67400000,
        "ebitdaratio": 0.2270889488,
        "operatingIncome": 27500000,
        "operatingIncomeRatio": 0.0926549865,
        "totalOtherIncomeExpensesNet": -42800000,
        "incomeBeforeTax": -15300000,
        "incomeBeforeTaxRatio": -0.0515498652,
        "incomeTaxExpense": -1500000,
        "netIncome": -13800000,
        "netIncomeRatio": -0.0464959569,
        "eps": -0.33,
        "epsdiluted": -0.33,
        "weightedAverageShsOut": 42400000,
        "weightedAverageShsOutDil": 42400000,
        "link": "https://www.sec.gov/Archives/edgar/data/716133/000071613318000049/0000716133-18-000049-index.htm",
        "finalLink": "https://www.sec.gov/Archives/edgar/data/716133/000071613318000049/q2form10-q2018.htm"
    },
    {
        "date": "2018-03-31",
        "symbol": "CBB",
        "reportedCurrency": "USD",
        "cik": "0000716133",
        "fillingDate": "2018-05-09",
        "acceptedDate": "2018-05-09 16:33:34",
        "calendarYear": "2018",
        "period": "Q1",
        "revenue": 295700000,
        "costOfRevenue": 149400000,
        "grossProfit": 146300000,
        "grossProfitRatio": 0.4947582009,
        "researchAndDevelopmentExpenses": 0,
        "generalAndAdministrativeExpenses": 0,
        "sellingAndMarketingExpenses": 0,
        "sellingGeneralAndAdministrativeExpenses": 119600000,
        "otherExpenses": 0,
        "operatingExpenses": 119600000,
        "costAndExpenses": 269000000,
        "interestIncome": 0,
        "interestExpense": 30800000,
        "depreciationAndAmortization": 51200000,
        "ebitda": 72500000,
        "ebitdaratio": 0.2451809266,
        "operatingIncome": 26700000,
        "operatingIncomeRatio": 0.0902942171,
        "totalOtherIncomeExpensesNet": -36200000,
        "incomeBeforeTax": -9500000,
        "incomeBeforeTaxRatio": -0.0321271559,
        "incomeTaxExpense": -1200000,
        "netIncome": -8300000,
        "netIncomeRatio": -0.0280689888,
        "eps": -0.2,
        "epsdiluted": -0.2,
        "weightedAverageShsOut": 42200000,
        "weightedAverageShsOutDil": 42200000,
        "link": "https://www.sec.gov/Archives/edgar/data/716133/000071613318000030/0000716133-18-000030-index.htm",
        "finalLink": "https://www.sec.gov/Archives/edgar/data/716133/000071613318000008/cbb12312017-10k.htm"
    },
    {
        "date": "2017-12-31",
        "symbol": "CBB",
        "reportedCurrency": "USD",
        "cik": "0000716133",
        "fillingDate": "2018-02-26",
        "acceptedDate": "2018-02-26 08:42:33",
        "calendarYear": "2017",
        "period": "Q4",
        "revenue": 427100000,
        "costOfRevenue": 278500000,
        "grossProfit": 148600000,
        "grossProfitRatio": 0.3479278857,
        "researchAndDevelopmentExpenses": 0,
        "generalAndAdministrativeExpenses": 0,
        "sellingAndMarketingExpenses": 0,
        "sellingGeneralAndAdministrativeExpenses": 131200000,
        "otherExpenses": 0,
        "operatingExpenses": 131200000,
        "costAndExpenses": 409700000,
        "interestIncome": 0,
        "interestExpense": 30300000,
        "depreciationAndAmortization": 52900000,
        "ebitda": 61600000,
        "ebitdaratio": 0.1442285179,
        "operatingIncome": 17400000,
        "operatingIncomeRatio": 0.0407398736,
        "totalOtherIncomeExpensesNet": -39000000,
        "incomeBeforeTax": -21600000,
        "incomeBeforeTaxRatio": -0.0505736362,
        "incomeTaxExpense": -5400000,
        "netIncome": -16200000,
        "netIncomeRatio": -0.0379302271,
        "eps": -0.38,
        "epsdiluted": -0.38,
        "weightedAverageShsOut": 42200000,
        "weightedAverageShsOutDil": 42200000,
        "link": "https://www.sec.gov/Archives/edgar/data/716133/000071613318000008/0000716133-18-000008-index.htm",
        "finalLink": "https://www.sec.gov/Archives/edgar/data/716133/000071613318000008/cbb12312017-10k.htm"
    },
    {
        "date": "2017-09-30",
        "symbol": "CBB",
        "reportedCurrency": "USD",
        "cik": "0000716133",
        "fillingDate": "2017-11-02",
        "acceptedDate": "2017-11-02 16:35:32",
        "calendarYear": "2017",
        "period": "Q3",
        "revenue": 289200000,
        "costOfRevenue": 162600000,
        "grossProfit": 126600000,
        "grossProfitRatio": 0.4377593361,
        "researchAndDevelopmentExpenses": 0,
        "generalAndAdministrativeExpenses": 0,
        "sellingAndMarketingExpenses": 0,
        "sellingGeneralAndAdministrativeExpenses": 101800000,
        "otherExpenses": 0,
        "operatingExpenses": 101800000,
        "costAndExpenses": 264400000,
        "interestIncome": 0,
        "interestExpense": 18800000,
        "depreciationAndAmortization": 47300000,
        "ebitda": 55500000,
        "ebitdaratio": 0.1919087137,
        "operatingIncome": 24800000,
        "operatingIncomeRatio": 0.0857538036,
        "totalOtherIncomeExpensesNet": -35400000,
        "incomeBeforeTax": -10600000,
        "incomeBeforeTaxRatio": -0.0366528354,
        "incomeTaxExpense": 600000,
        "netIncome": -11200000,
        "netIncomeRatio": -0.0387275242,
        "eps": -0.27,
        "epsdiluted": -0.27,
        "weightedAverageShsOut": 42200000,
        "weightedAverageShsOutDil": 42200000,
        "link": "https://www.sec.gov/Archives/edgar/data/716133/000071613317000062/0000716133-17-000062-index.htm",
        "finalLink": "https://www.sec.gov/Archives/edgar/data/716133/000071613317000062/q32017form10-q.htm"
    },
    {
        "date": "2017-06-30",
        "symbol": "CBB",
        "reportedCurrency": "USD",
        "cik": "0000716133",
        "fillingDate": "2017-08-04",
        "acceptedDate": "2017-08-04 08:01:43",
        "calendarYear": "2017",
        "period": "Q2",
        "revenue": 294000000,
        "costOfRevenue": 165400000,
        "grossProfit": 128600000,
        "grossProfitRatio": 0.437414966,
        "researchAndDevelopmentExpenses": 0,
        "generalAndAdministrativeExpenses": 0,
        "sellingAndMarketingExpenses": 0,
        "sellingGeneralAndAdministrativeExpenses": 104100000,
        "otherExpenses": 0,
        "operatingExpenses": 104100000,
        "costAndExpenses": 269500000,
        "interestIncome": 0,
        "interestExpense": 18100000,
        "depreciationAndAmortization": 47000000,
        "ebitda": 68500000,
        "ebitdaratio": 0.2329931973,
        "operatingIncome": 24500000,
        "operatingIncomeRatio": 0.0833333333,
        "totalOtherIncomeExpensesNet": -21100000,
        "incomeBeforeTax": 3400000,
        "incomeBeforeTaxRatio": 0.0115646259,
        "incomeTaxExpense": 1300000,
        "netIncome": 2100000,
        "netIncomeRatio": 0.0071428571,
        "eps": 0.0499,
        "epsdiluted": 0.0496,
        "weightedAverageShsOut": 42100000,
        "weightedAverageShsOutDil": 42300000,
        "link": "https://www.sec.gov/Archives/edgar/data/716133/000071613317000051/0000716133-17-000051-index.htm",
        "finalLink": "https://www.sec.gov/Archives/edgar/data/716133/000071613317000051/q22017form10-q.htm"
    },
    {
        "date": "2017-03-31",
        "symbol": "CBB",
        "reportedCurrency": "USD",
        "cik": "0000716133",
        "fillingDate": "2017-05-09",
        "acceptedDate": "2017-05-09 07:11:57",
        "calendarYear": "2017",
        "period": "Q1",
        "revenue": 278200000,
        "costOfRevenue": 154800000,
        "grossProfit": 123400000,
        "grossProfitRatio": 0.44356578,
        "researchAndDevelopmentExpenses": 0,
        "generalAndAdministrativeExpenses": 0,
        "sellingAndMarketingExpenses": 0,
        "sellingGeneralAndAdministrativeExpenses": 103100000,
        "otherExpenses": 0,
        "operatingExpenses": 103100000,
        "costAndExpenses": 257900000,
        "interestIncome": 0,
        "interestExpense": 18000000,
        "depreciationAndAmortization": 45800000,
        "ebitda": 158600000,
        "ebitdaratio": 0.5700934579,
        "operatingIncome": 20300000,
        "operatingIncomeRatio": 0.072969087,
        "totalOtherIncomeExpensesNet": 74500000,
        "incomeBeforeTax": 94800000,
        "incomeBeforeTaxRatio": 0.3407620417,
        "incomeTaxExpense": 34400000,
        "netIncome": 60400000,
        "netIncomeRatio": 0.2171099928,
        "eps": 1.43,
        "epsdiluted": 1.43,
        "weightedAverageShsOut": 42100000,
        "weightedAverageShsOutDil": 42300000,
        "link": "https://www.sec.gov/Archives/edgar/data/716133/000071613317000031/0000716133-17-000031-index.htm",
        "finalLink": "https://www.sec.gov/Archives/edgar/data/716133/000071613317000007/cbb12312016-10k.htm"
    },
    {
        "date": "2016-12-31",
        "symbol": "CBB",
        "reportedCurrency": "USD",
        "cik": "0000716133",
        "fillingDate": "2017-02-24",
        "acceptedDate": "2017-02-24 07:11:24",
        "calendarYear": "2016",
        "period": "Q4",
        "revenue": 285300000,
        "costOfRevenue": 161600000,
        "grossProfit": 123700000,
        "grossProfitRatio": 0.4335786891,
        "researchAndDevelopmentExpenses": 0,
        "generalAndAdministrativeExpenses": 0,
        "sellingAndMarketingExpenses": 0,
        "sellingGeneralAndAdministrativeExpenses": 102400000,
        "otherExpenses": 0,
        "operatingExpenses": 102400000,
        "costAndExpenses": 264000000,
        "interestIncome": 0,
        "interestExpense": 17600000,
        "depreciationAndAmortization": 47500000,
        "ebitda": 65000000,
        "ebitdaratio": 0.227830354,
        "operatingIncome": 21300000,
        "operatingIncomeRatio": 0.0746582545,
        "totalOtherIncomeExpensesNet": -21700000,
        "incomeBeforeTax": -400000,
        "incomeBeforeTaxRatio": -0.0014020329,
        "incomeTaxExpense": 1200000,
        "netIncome": -1300000,
        "netIncomeRatio": -0.0045566071,
        "eps": -0.0309,
        "epsdiluted": -0.0307,
        "weightedAverageShsOut": 42100000,
        "weightedAverageShsOutDil": 42300000,
        "link": "https://www.sec.gov/Archives/edgar/data/716133/000071613317000007/0000716133-17-000007-index.htm",
        "finalLink": "https://www.sec.gov/Archives/edgar/data/716133/000071613317000007/cbb12312016-10k.htm"
    },
    {
        "date": "2016-09-30",
        "symbol": "CBB",
        "reportedCurrency": "USD",
        "cik": "0000716133",
        "fillingDate": "2016-11-03",
        "acceptedDate": "2016-11-03 07:56:20",
        "calendarYear": "2016",
        "period": "Q3",
        "revenue": 312400000,
        "costOfRevenue": 183800000,
        "grossProfit": 128600000,
        "grossProfitRatio": 0.4116517286,
        "researchAndDevelopmentExpenses": 0,
        "generalAndAdministrativeExpenses": 0,
        "sellingAndMarketingExpenses": 0,
        "sellingGeneralAndAdministrativeExpenses": 102000000,
        "otherExpenses": 0,
        "operatingExpenses": 102000000,
        "costAndExpenses": 285800000,
        "interestIncome": 0,
        "interestExpense": 17900000,
        "depreciationAndAmortization": 46500000,
        "ebitda": 94000000,
        "ebitdaratio": 0.3008962868,
        "operatingIncome": 26600000,
        "operatingIncomeRatio": 0.0851472471,
        "totalOtherIncomeExpensesNet": 3000000,
        "incomeBeforeTax": 29600000,
        "incomeBeforeTaxRatio": 0.0947503201,
        "incomeTaxExpense": 10800000,
        "netIncome": 18800000,
        "netIncomeRatio": 0.0601792574,
        "eps": 0.45,
        "epsdiluted": 0.45,
        "weightedAverageShsOut": 42000000,
        "weightedAverageShsOutDil": 42100000,
        "link": "https://www.sec.gov/Archives/edgar/data/716133/000071613316000120/0000716133-16-000120-index.htm",
        "finalLink": "https://www.sec.gov/Archives/edgar/data/716133/000071613316000120/q32016form10-q.htm"
    },
    {
        "date": "2016-06-30",
        "symbol": "CBB",
        "reportedCurrency": "USD",
        "cik": "0000716133",
        "fillingDate": "2016-08-04",
        "acceptedDate": "2016-08-04 16:11:40",
        "calendarYear": "2016",
        "period": "Q2",
        "revenue": 299200000,
        "costOfRevenue": 170800000,
        "grossProfit": 128400000,
        "grossProfitRatio": 0.429144385,
        "researchAndDevelopmentExpenses": 0,
        "generalAndAdministrativeExpenses": 0,
        "sellingAndMarketingExpenses": 0,
        "sellingGeneralAndAdministrativeExpenses": 101000000,
        "otherExpenses": 0,
        "operatingExpenses": 101000000,
        "costAndExpenses": 271800000,
        "interestIncome": 0,
        "interestExpense": 19900000,
        "depreciationAndAmortization": 44800000,
        "ebitda": 186700000,
        "ebitdaratio": 0.6239973262,
        "operatingIncome": 27400000,
        "operatingIncomeRatio": 0.0915775401,
        "totalOtherIncomeExpensesNet": 94600000,
        "incomeBeforeTax": 122000000,
        "incomeBeforeTaxRatio": 0.4077540107,
        "incomeTaxExpense": 44400000,
        "netIncome": 77600000,
        "netIncomeRatio": 0.2593582888,
        "eps": 1.85,
        "epsdiluted": 1.84,
        "weightedAverageShsOut": 41960000,
        "weightedAverageShsOutDil": 42080000,
        "link": "https://www.sec.gov/Archives/edgar/data/716133/000071613316000108/0000716133-16-000108-index.htm",
        "finalLink": "https://www.sec.gov/Archives/edgar/data/716133/000071613316000108/q22016form10-q.htm"
    },
    {
        "date": "2016-03-31",
        "symbol": "CBB",
        "reportedCurrency": "USD",
        "cik": "0000716133",
        "fillingDate": "2016-05-05",
        "acceptedDate": "2016-05-05 16:18:03",
        "calendarYear": "2016",
        "period": "Q1",
        "revenue": 288900000,
        "costOfRevenue": 162700000,
        "grossProfit": 126200000,
        "grossProfitRatio": 0.4368293527,
        "researchAndDevelopmentExpenses": 0,
        "generalAndAdministrativeExpenses": 0,
        "sellingAndMarketingExpenses": 0,
        "sellingGeneralAndAdministrativeExpenses": 96600000,
        "otherExpenses": 0,
        "operatingExpenses": 96600000,
        "costAndExpenses": 259300000,
        "interestIncome": 0,
        "interestExpense": 20300000,
        "depreciationAndAmortization": 43400000,
        "ebitda": 75400000,
        "ebitdaratio": 0.2609899619,
        "operatingIncome": 29600000,
        "operatingIncomeRatio": 0.1024575978,
        "totalOtherIncomeExpensesNet": -17900000,
        "incomeBeforeTax": 11700000,
        "incomeBeforeTaxRatio": 0.0404984424,
        "incomeTaxExpense": 4700000,
        "netIncome": 7000000,
        "netIncomeRatio": 0.0242298373,
        "eps": 0.17,
        "epsdiluted": 0.17,
        "weightedAverageShsOut": 42000000,
        "weightedAverageShsOutDil": 42080000,
        "link": "https://www.sec.gov/Archives/edgar/data/716133/000071613316000078/0000716133-16-000078-index.htm",
        "finalLink": "https://www.sec.gov/Archives/edgar/data/716133/000071613316000063/cbb12312015-10k.htm"
    },
    {
        "date": "2015-12-31",
        "symbol": "CBB",
        "reportedCurrency": "USD",
        "cik": "0000716133",
        "fillingDate": "2016-02-25",
        "acceptedDate": "2016-02-25 16:19:12",
        "calendarYear": "2015",
        "period": "Q4",
        "revenue": 289300000,
        "costOfRevenue": 166600000,
        "grossProfit": 122700000,
        "grossProfitRatio": 0.4241272036,
        "researchAndDevelopmentExpenses": 0,
        "generalAndAdministrativeExpenses": 0,
        "sellingAndMarketingExpenses": 0,
        "sellingGeneralAndAdministrativeExpenses": 96600000,
        "otherExpenses": 0,
        "operatingExpenses": 96600000,
        "costAndExpenses": 263200000,
        "interestIncome": 0,
        "interestExpense": 20900000,
        "depreciationAndAmortization": 39200000,
        "ebitda": 106400000,
        "ebitdaratio": 0.3677843069,
        "operatingIncome": 26100000,
        "operatingIncomeRatio": 0.090217767,
        "totalOtherIncomeExpensesNet": 18100000,
        "incomeBeforeTax": 44200000,
        "incomeBeforeTaxRatio": 0.1527825786,
        "incomeTaxExpense": 13700000,
        "netIncome": 32600000,
        "netIncomeRatio": 0.1126857933,
        "eps": 0.78,
        "epsdiluted": 0.77,
        "weightedAverageShsOut": 41960000,
        "weightedAverageShsOutDil": 42100000,
        "link": "https://www.sec.gov/Archives/edgar/data/716133/000071613316000063/0000716133-16-000063-index.htm",
        "finalLink": "https://www.sec.gov/Archives/edgar/data/716133/000071613316000063/cbb12312015-10k.htm"
    },
    {
        "date": "2015-09-30",
        "symbol": "CBB",
        "reportedCurrency": "USD",
        "cik": "0000716133",
        "fillingDate": "2015-11-05",
        "acceptedDate": "2015-11-05 16:07:38",
        "calendarYear": "2015",
        "period": "Q3",
        "revenue": 299800000,
        "costOfRevenue": 175600000,
        "grossProfit": 124200000,
        "grossProfitRatio": 0.4142761841,
        "researchAndDevelopmentExpenses": 0,
        "generalAndAdministrativeExpenses": 52500000,
        "sellingAndMarketingExpenses": 35800000,
        "sellingGeneralAndAdministrativeExpenses": 88300000,
        "otherExpenses": 0,
        "operatingExpenses": 88300000,
        "costAndExpenses": 263900000,
        "interestIncome": 0,
        "interestExpense": 21500000,
        "depreciationAndAmortization": 35800000,
        "ebitda": 181700000,
        "ebitdaratio": 0.6060707138,
        "operatingIncome": 35900000,
        "operatingIncomeRatio": 0.1197464977,
        "totalOtherIncomeExpensesNet": 87500000,
        "incomeBeforeTax": 123400000,
        "incomeBeforeTaxRatio": 0.4116077385,
        "incomeTaxExpense": 44100000,
        "netIncome": 80300000,
        "netIncomeRatio": 0.2678452302,
        "eps": 1.91,
        "epsdiluted": 1.91,
        "weightedAverageShsOut": 41960000,
        "weightedAverageShsOutDil": 42040000,
        "link": "https://www.sec.gov/Archives/edgar/data/716133/000071613315000055/0000716133-15-000055-index.htm",
        "finalLink": "https://www.sec.gov/Archives/edgar/data/716133/000071613315000055/q32015form10-q.htm"
    },
    {
        "date": "2015-06-30",
        "symbol": "CBB",
        "reportedCurrency": "USD",
        "cik": "0000716133",
        "fillingDate": "2015-08-06",
        "acceptedDate": "2015-08-06 07:20:32",
        "calendarYear": "2015",
        "period": "Q2",
        "revenue": 285800000,
        "costOfRevenue": 162200000,
        "grossProfit": 123600000,
        "grossProfitRatio": 0.4324702589,
        "researchAndDevelopmentExpenses": 0,
        "generalAndAdministrativeExpenses": 57000000,
        "sellingAndMarketingExpenses": 34000000,
        "sellingGeneralAndAdministrativeExpenses": 91000000,
        "otherExpenses": 0,
        "operatingExpenses": 91000000,
        "costAndExpenses": 253200000,
        "interestIncome": 0,
        "interestExpense": 28000000,
        "depreciationAndAmortization": 34000000,
        "ebitda": 355000000,
        "ebitdaratio": 1.2421273618,
        "operatingIncome": 32600000,
        "operatingIncomeRatio": 0.1140657803,
        "totalOtherIncomeExpensesNet": 249500000,
        "incomeBeforeTax": 282100000,
        "incomeBeforeTaxRatio": 0.9870538838,
        "incomeTaxExpense": 101400000,
        "netIncome": 191600000,
        "netIncomeRatio": 0.6703988803,
        "eps": 4.57,
        "epsdiluted": 4.46,
        "weightedAverageShsOut": 41940000,
        "weightedAverageShsOutDil": 42920000,
        "link": "https://www.sec.gov/Archives/edgar/data/716133/000071613315000047/0000716133-15-000047-index.htm",
        "finalLink": "https://www.sec.gov/Archives/edgar/data/716133/000071613315000047/q22015form10-q.htm"
    },
    {
        "date": "2015-03-31",
        "symbol": "CBB",
        "reportedCurrency": "USD",
        "cik": "0000716133",
        "fillingDate": "2015-05-08",
        "acceptedDate": "2015-05-08 07:27:01",
        "calendarYear": "2015",
        "period": "Q1",
        "revenue": 292900000,
        "costOfRevenue": 166200000,
        "grossProfit": 126700000,
        "grossProfitRatio": 0.4325708433,
        "researchAndDevelopmentExpenses": 0,
        "generalAndAdministrativeExpenses": 0,
        "sellingAndMarketingExpenses": 0,
        "sellingGeneralAndAdministrativeExpenses": 84800000,
        "otherExpenses": 0,
        "operatingExpenses": 84800000,
        "costAndExpenses": 251000000,
        "interestIncome": 0,
        "interestExpense": 32700000,
        "depreciationAndAmortization": 61200000,
        "ebitda": 143700000,
        "ebitdaratio": 0.4906111301,
        "operatingIncome": 41900000,
        "operatingIncomeRatio": 0.1430522363,
        "totalOtherIncomeExpensesNet": -41000000,
        "incomeBeforeTax": 900000,
        "incomeBeforeTaxRatio": 0.0030727211,
        "incomeTaxExpense": 600000,
        "netIncome": 49200000,
        "netIncomeRatio": 0.1679754182,
        "eps": 1.18,
        "epsdiluted": 1.18,
        "weightedAverageShsOut": 41840000,
        "weightedAverageShsOutDil": 41840000,
        "link": "https://www.sec.gov/Archives/edgar/data/716133/000071613315000029/0000716133-15-000029-index.htm",
        "finalLink": "https://www.sec.gov/Archives/edgar/data/716133/000071613315000007/cbb-123114x10k.htm"
    },
    {
        "date": "2014-12-31",
        "symbol": "CBB",
        "reportedCurrency": "USD",
        "cik": "0000716133",
        "fillingDate": "2015-02-26",
        "acceptedDate": "2015-02-26 16:15:20",
        "calendarYear": "2014",
        "period": "Q4",
        "revenue": 308300000,
        "costOfRevenue": 183700000,
        "grossProfit": 124600000,
        "grossProfitRatio": 0.4041518002,
        "researchAndDevelopmentExpenses": 0,
        "generalAndAdministrativeExpenses": 52000000,
        "sellingAndMarketingExpenses": 56000000,
        "sellingGeneralAndAdministrativeExpenses": 108000000,
        "otherExpenses": 0,
        "operatingExpenses": 108000000,
        "costAndExpenses": 291700000,
        "interestIncome": 0,
        "interestExpense": 31900000,
        "depreciationAndAmortization": 62400000,
        "ebitda": 64600000,
        "ebitdaratio": 0.2095361661,
        "operatingIncome": 16600000,
        "operatingIncomeRatio": 0.0538436588,
        "totalOtherIncomeExpensesNet": -46300000,
        "incomeBeforeTax": -29700000,
        "incomeBeforeTaxRatio": -0.0963347389,
        "incomeTaxExpense": -11400000,
        "netIncome": -18300000,
        "netIncomeRatio": -0.0593577684,
        "eps": -0.44,
        "epsdiluted": -0.44,
        "weightedAverageShsOut": 41740000,
        "weightedAverageShsOutDil": 41740000,
        "link": "https://www.sec.gov/Archives/edgar/data/716133/000071613315000007/0000716133-15-000007-index.htm",
        "finalLink": "https://www.sec.gov/Archives/edgar/data/716133/000071613315000007/cbb-123114x10k.htm"
    },
    {
        "date": "2014-09-30",
        "symbol": "CBB",
        "reportedCurrency": "USD",
        "cik": "0000716133",
        "fillingDate": "2014-11-06",
        "acceptedDate": "2014-11-05 17:57:48",
        "calendarYear": "2014",
        "period": "Q3",
        "revenue": 327500000,
        "costOfRevenue": 179500000,
        "grossProfit": 148000000,
        "grossProfitRatio": 0.4519083969,
        "researchAndDevelopmentExpenses": 0,
        "generalAndAdministrativeExpenses": 60500000,
        "sellingAndMarketingExpenses": 55000000,
        "sellingGeneralAndAdministrativeExpenses": 115500000,
        "otherExpenses": 0,
        "operatingExpenses": 115500000,
        "costAndExpenses": 295000000,
        "interestIncome": 0,
        "interestExpense": 35800000,
        "depreciationAndAmortization": 61400000,
        "ebitda": 58200000,
        "ebitdaratio": 0.1777099237,
        "operatingIncome": 32500000,
        "operatingIncomeRatio": 0.0992366412,
        "totalOtherIncomeExpensesNet": -71500000,
        "incomeBeforeTax": -39000000,
        "incomeBeforeTaxRatio": -0.1190839695,
        "incomeTaxExpense": -11700000,
        "netIncome": -27300000,
        "netIncomeRatio": -0.0833587786,
        "eps": -0.65,
        "epsdiluted": -0.65,
        "weightedAverageShsOut": 41740000,
        "weightedAverageShsOutDil": 41740000,
        "link": "https://www.sec.gov/Archives/edgar/data/716133/000071613314000063/0000716133-14-000063-index.htm",
        "finalLink": "https://www.sec.gov/Archives/edgar/data/716133/000071613314000063/q32014form10-q.htm"
    },
    {
        "date": "2014-06-30",
        "symbol": "CBB",
        "reportedCurrency": "USD",
        "cik": "0000716133",
        "fillingDate": "2014-08-07",
        "acceptedDate": "2014-08-07 07:31:10",
        "calendarYear": "2014",
        "period": "Q2",
        "revenue": 319900000,
        "costOfRevenue": 169700000,
        "grossProfit": 150200000,
        "grossProfitRatio": 0.4695217255,
        "researchAndDevelopmentExpenses": 0,
        "generalAndAdministrativeExpenses": 54500000,
        "sellingAndMarketingExpenses": 53800000,
        "sellingGeneralAndAdministrativeExpenses": 108300000,
        "otherExpenses": 0,
        "operatingExpenses": 108300000,
        "costAndExpenses": 278000000,
        "interestIncome": 0,
        "interestExpense": 40700000,
        "depreciationAndAmortization": 60300000,
        "ebitda": 286200000,
        "ebitdaratio": 0.8946545796,
        "operatingIncome": 41900000,
        "operatingIncomeRatio": 0.1309784308,
        "totalOtherIncomeExpensesNet": 143300000,
        "incomeBeforeTax": 185200000,
        "incomeBeforeTaxRatio": 0.5789309159,
        "incomeTaxExpense": 71000000,
        "netIncome": 114200000,
        "netIncomeRatio": 0.3569865583,
        "eps": 2.74,
        "epsdiluted": 2.73,
        "weightedAverageShsOut": 41700000,
        "weightedAverageShsOutDil": 41880000,
        "link": "https://www.sec.gov/Archives/edgar/data/716133/000071613314000043/0000716133-14-000043-index.htm",
        "finalLink": "https://www.sec.gov/Archives/edgar/data/716133/000071613314000043/q22014form10-q.htm"
    },
    {
        "date": "2014-03-31",
        "symbol": "CBB",
        "reportedCurrency": "USD",
        "cik": "0000716133",
        "fillingDate": "2014-05-08",
        "acceptedDate": "2014-05-08 16:05:33",
        "calendarYear": "2014",
        "period": "Q1",
        "revenue": 322500000,
        "costOfRevenue": 166200000,
        "grossProfit": 156300000,
        "grossProfitRatio": 0.4846511628,
        "researchAndDevelopmentExpenses": 0,
        "generalAndAdministrativeExpenses": 56100000,
        "sellingAndMarketingExpenses": 43300000,
        "sellingGeneralAndAdministrativeExpenses": 99400000,
        "otherExpenses": 0,
        "operatingExpenses": 99400000,
        "costAndExpenses": 265600000,
        "interestIncome": 0,
        "interestExpense": 40300000,
        "depreciationAndAmortization": 46900000,
        "ebitda": 103700000,
        "ebitdaratio": 0.3215503876,
        "operatingIncome": 56900000,
        "operatingIncomeRatio": 0.1764341085,
        "totalOtherIncomeExpensesNet": -40400000,
        "incomeBeforeTax": 16500000,
        "incomeBeforeTaxRatio": 0.0511627907,
        "incomeTaxExpense": 9500000,
        "netIncome": 7000000,
        "netIncomeRatio": 0.0217054264,
        "eps": 0.17,
        "epsdiluted": 0.17,
        "weightedAverageShsOut": 41600000,
        "weightedAverageShsOutDil": 41800000,
        "link": "https://www.sec.gov/Archives/edgar/data/716133/000071613314000024/0000716133-14-000024-index.htm",
        "finalLink": "https://www.sec.gov/Archives/edgar/data/716133/000071613314000009/cbb-123113x10k.htm"
    },
    {
        "date": "2013-12-31",
        "symbol": "CBB",
        "reportedCurrency": "USD",
        "cik": "0000716133",
        "fillingDate": "2014-02-27",
        "acceptedDate": "2014-02-27 16:38:13",
        "calendarYear": "2013",
        "period": "Q4",
        "revenue": 308400000,
        "costOfRevenue": 164200000,
        "grossProfit": 144200000,
        "grossProfitRatio": 0.4675745785,
        "researchAndDevelopmentExpenses": 0,
        "generalAndAdministrativeExpenses": 59400000,
        "sellingAndMarketingExpenses": 42000000,
        "sellingGeneralAndAdministrativeExpenses": 101400000,
        "otherExpenses": 0,
        "operatingExpenses": 101400000,
        "costAndExpenses": 265600000,
        "interestIncome": 0,
        "interestExpense": 42000000,
        "depreciationAndAmortization": 42000000,
        "ebitda": 49800000,
        "ebitdaratio": 0.1614785992,
        "operatingIncome": 42800000,
        "operatingIncomeRatio": 0.1387808042,
        "totalOtherIncomeExpensesNet": -77000000,
        "incomeBeforeTax": -34200000,
        "incomeBeforeTaxRatio": -0.1108949416,
        "incomeTaxExpense": -6100000,
        "netIncome": -28100000,
        "netIncomeRatio": -0.0911154345,
        "eps": -0.68,
        "epsdiluted": -0.68,
        "weightedAverageShsOut": 41420000,
        "weightedAverageShsOutDil": 41420000,
        "link": "https://www.sec.gov/Archives/edgar/data/716133/000071613314000009/0000716133-14-000009-index.htm",
        "finalLink": "https://www.sec.gov/Archives/edgar/data/716133/000071613314000009/cbb-123113x10k.htm"
    },
    {
        "date": "2013-09-30",
        "symbol": "CBB",
        "reportedCurrency": "USD",
        "cik": "0000716133",
        "fillingDate": "2013-11-07",
        "acceptedDate": "2013-11-07 16:07:20",
        "calendarYear": "2013",
        "period": "Q3",
        "revenue": 310800000,
        "costOfRevenue": 159400000,
        "grossProfit": 151400000,
        "grossProfitRatio": 0.4871299871,
        "researchAndDevelopmentExpenses": 0,
        "generalAndAdministrativeExpenses": 54100000,
        "sellingAndMarketingExpenses": 39800000,
        "sellingGeneralAndAdministrativeExpenses": 93900000,
        "otherExpenses": 0,
        "operatingExpenses": 93900000,
        "costAndExpenses": 253300000,
        "interestIncome": 0,
        "interestExpense": 46700000,
        "depreciationAndAmortization": 39800000,
        "ebitda": 97200000,
        "ebitdaratio": 0.3127413127,
        "operatingIncome": 57500000,
        "operatingIncomeRatio": 0.185006435,
        "totalOtherIncomeExpensesNet": -46800000,
        "incomeBeforeTax": 10700000,
        "incomeBeforeTaxRatio": 0.0344272844,
        "incomeTaxExpense": 1400000,
        "netIncome": 9300000,
        "netIncomeRatio": 0.0299227799,
        "eps": 0.22,
        "epsdiluted": 0.22,
        "weightedAverageShsOut": 41400000,
        "weightedAverageShsOutDil": 41700000,
        "link": "https://www.sec.gov/Archives/edgar/data/716133/000071613313000072/0000716133-13-000072-index.htm",
        "finalLink": "https://www.sec.gov/Archives/edgar/data/716133/000071613313000072/q32013form10-q.htm"
    },
    {
        "date": "2013-06-30",
        "symbol": "CBB",
        "reportedCurrency": "USD",
        "cik": "0000716133",
        "fillingDate": "2013-08-08",
        "acceptedDate": "2013-08-08 17:21:32",
        "calendarYear": "2013",
        "period": "Q2",
        "revenue": 312000000,
        "costOfRevenue": 157600000,
        "grossProfit": 154400000,
        "grossProfitRatio": 0.4948717949,
        "researchAndDevelopmentExpenses": 0,
        "generalAndAdministrativeExpenses": 62500000,
        "sellingAndMarketingExpenses": 37200000,
        "sellingGeneralAndAdministrativeExpenses": 99700000,
        "otherExpenses": 0,
        "operatingExpenses": 99700000,
        "costAndExpenses": 257300000,
        "interestIncome": 0,
        "interestExpense": 45400000,
        "depreciationAndAmortization": 37200000,
        "ebitda": 79200000,
        "ebitdaratio": 0.2538461538,
        "operatingIncome": 54700000,
        "operatingIncomeRatio": 0.1753205128,
        "totalOtherIncomeExpensesNet": -58100000,
        "incomeBeforeTax": -3400000,
        "incomeBeforeTaxRatio": -0.0108974359,
        "incomeTaxExpense": -4200000,
        "netIncome": 800000,
        "netIncomeRatio": 0.0025641026,
        "eps": 0.0193,
        "epsdiluted": 0.0193,
        "weightedAverageShsOut": 41380000,
        "weightedAverageShsOutDil": 41380000,
        "link": "https://www.sec.gov/Archives/edgar/data/716133/000071613313000051/0000716133-13-000051-index.htm",
        "finalLink": "https://www.sec.gov/Archives/edgar/data/716133/000071613313000051/q22013form10-q.htm"
    },
    {
        "date": "2013-03-31",
        "symbol": "CBB",
        "reportedCurrency": "USD",
        "cik": "0000716133",
        "fillingDate": "2013-05-09",
        "acceptedDate": "2013-05-09 11:53:44",
        "calendarYear": "2013",
        "period": "Q1",
        "revenue": 325700000,
        "costOfRevenue": 161800000,
        "grossProfit": 163900000,
        "grossProfitRatio": 0.5032238256,
        "researchAndDevelopmentExpenses": 0,
        "generalAndAdministrativeExpenses": 89000000,
        "sellingAndMarketingExpenses": 50600000,
        "sellingGeneralAndAdministrativeExpenses": 139600000,
        "otherExpenses": 0,
        "operatingExpenses": 139600000,
        "costAndExpenses": 301400000,
        "interestIncome": 0,
        "interestExpense": 47900000,
        "depreciationAndAmortization": 50600000,
        "ebitda": 68200000,
        "ebitdaratio": 0.2093951489,
        "operatingIncome": 24300000,
        "operatingIncomeRatio": 0.0746085355,
        "totalOtherIncomeExpensesNet": -54600000,
        "incomeBeforeTax": -30300000,
        "incomeBeforeTaxRatio": -0.0930303961,
        "incomeTaxExpense": 6400000,
        "netIncome": -36700000,
        "netIncomeRatio": -0.1126803807,
        "eps": -0.9,
        "epsdiluted": -0.9,
        "weightedAverageShsOut": 40560000,
        "weightedAverageShsOutDil": 40560000,
        "link": "https://www.sec.gov/Archives/edgar/data/716133/000071613313000030/0000716133-13-000030-index.htm",
        "finalLink": "https://www.sec.gov/Archives/edgar/data/716133/000071613313000016/cbb-123112x10k.htm"
    },
    {
        "date": "2012-12-31",
        "symbol": "CBB",
        "reportedCurrency": "USD",
        "cik": "0000716133",
        "fillingDate": "2013-02-28",
        "acceptedDate": "2013-02-28 13:40:52",
        "calendarYear": "2012",
        "period": "Q4",
        "revenue": 374700000,
        "costOfRevenue": 184800000,
        "grossProfit": 189900000,
        "grossProfitRatio": 0.5068054444,
        "researchAndDevelopmentExpenses": 0,
        "generalAndAdministrativeExpenses": 74500000,
        "sellingAndMarketingExpenses": 58900000,
        "sellingGeneralAndAdministrativeExpenses": 133400000,
        "otherExpenses": 0,
        "operatingExpenses": 133400000,
        "costAndExpenses": 318200000,
        "interestIncome": 0,
        "interestExpense": 55600000,
        "depreciationAndAmortization": 57200000,
        "ebitda": 101400000,
        "ebitdaratio": 0.2706164932,
        "operatingIncome": 56500000,
        "operatingIncomeRatio": 0.1507872965,
        "totalOtherIncomeExpensesNet": -67900000,
        "incomeBeforeTax": -11400000,
        "incomeBeforeTaxRatio": -0.0304243395,
        "incomeTaxExpense": -1600000,
        "netIncome": -9800000,
        "netIncomeRatio": -0.0261542567,
        "eps": -0.25,
        "epsdiluted": -0.25,
        "weightedAverageShsOut": 39980000,
        "weightedAverageShsOutDil": 39980000,
        "link": "https://www.sec.gov/Archives/edgar/data/716133/000071613313000016/0000716133-13-000016-index.htm",
        "finalLink": "https://www.sec.gov/Archives/edgar/data/716133/000071613313000016/cbb-123112x10k.htm"
    },
    {
        "date": "2012-09-30",
        "symbol": "CBB",
        "reportedCurrency": "USD",
        "cik": "0000716133",
        "fillingDate": "2012-10-29",
        "acceptedDate": "2012-10-29 17:03:07",
        "calendarYear": "2012",
        "period": "Q3",
        "revenue": 368200000,
        "costOfRevenue": 172300000,
        "grossProfit": 195900000,
        "grossProfitRatio": 0.5320478001,
        "researchAndDevelopmentExpenses": 0,
        "generalAndAdministrativeExpenses": 0,
        "sellingAndMarketingExpenses": 0,
        "sellingGeneralAndAdministrativeExpenses": 127600000,
        "otherExpenses": 0,
        "operatingExpenses": 127600000,
        "costAndExpenses": 299900000,
        "interestIncome": 0,
        "interestExpense": 55200000,
        "depreciationAndAmortization": 55400000,
        "ebitda": 121300000,
        "ebitdaratio": 0.3294405215,
        "operatingIncome": 68300000,
        "operatingIncomeRatio": 0.1854970125,
        "totalOtherIncomeExpensesNet": -57600000,
        "incomeBeforeTax": 10700000,
        "incomeBeforeTaxRatio": 0.0290602933,
        "incomeTaxExpense": 6800000,
        "netIncome": 3900000,
        "netIncomeRatio": 0.0105920695,
        "eps": 0.0993,
        "epsdiluted": 0.0948,
        "weightedAverageShsOut": 39280000,
        "weightedAverageShsOutDil": 41120000,
        "link": "https://www.sec.gov/Archives/edgar/data/716133/000071613312000073/0000716133-12-000073-index.htm",
        "finalLink": "https://www.sec.gov/Archives/edgar/data/716133/000071613312000073/q32012form10-q.htm"
    },
    {
        "date": "2012-06-30",
        "symbol": "CBB",
        "reportedCurrency": "USD",
        "cik": "0000716133",
        "fillingDate": "2012-08-09",
        "acceptedDate": "2012-08-09 12:16:06",
        "calendarYear": "2012",
        "period": "Q2",
        "revenue": 368200000,
        "costOfRevenue": 171700000,
        "grossProfit": 196500000,
        "grossProfitRatio": 0.5336773493,
        "researchAndDevelopmentExpenses": 0,
        "generalAndAdministrativeExpenses": 0,
        "sellingAndMarketingExpenses": 0,
        "sellingGeneralAndAdministrativeExpenses": 117100000,
        "otherExpenses": 0,
        "operatingExpenses": 117100000,
        "costAndExpenses": 288800000,
        "interestIncome": 0,
        "interestExpense": 53700000,
        "depreciationAndAmortization": 53700000,
        "ebitda": 118900000,
        "ebitdaratio": 0.3229223248,
        "operatingIncome": 79400000,
        "operatingIncomeRatio": 0.2156436719,
        "totalOtherIncomeExpensesNet": -67900000,
        "incomeBeforeTax": 11500000,
        "incomeBeforeTaxRatio": 0.0312330255,
        "incomeTaxExpense": 7000000,
        "netIncome": 4500000,
        "netIncomeRatio": 0.0122216187,
        "eps": 0.11,
        "epsdiluted": 0.11,
        "weightedAverageShsOut": 39160000,
        "weightedAverageShsOutDil": 40340000,
        "link": "https://www.sec.gov/Archives/edgar/data/716133/000071613312000059/0000716133-12-000059-index.htm",
        "finalLink": "https://www.sec.gov/Archives/edgar/data/716133/000071613312000059/q22012form10-q.htm"
    },
    {
        "date": "2012-03-31",
        "symbol": "CBB",
        "reportedCurrency": "USD",
        "cik": "0000716133",
        "fillingDate": "2012-05-07",
        "acceptedDate": "2012-05-07 15:22:43",
        "calendarYear": "2012",
        "period": "Q1",
        "revenue": 362800000,
        "costOfRevenue": 165800000,
        "grossProfit": 197000000,
        "grossProfitRatio": 0.5429988975,
        "researchAndDevelopmentExpenses": 0,
        "generalAndAdministrativeExpenses": 0,
        "sellingAndMarketingExpenses": 0,
        "sellingGeneralAndAdministrativeExpenses": 115100000,
        "otherExpenses": 0,
        "operatingExpenses": 115100000,
        "costAndExpenses": 280900000,
        "interestIncome": 0,
        "interestExpense": 54400000,
        "depreciationAndAmortization": 51100000,
        "ebitda": 130600000,
        "ebitdaratio": 0.3599779493,
        "operatingIncome": 81900000,
        "operatingIncomeRatio": 0.2257442117,
        "totalOtherIncomeExpensesNet": -56800000,
        "incomeBeforeTax": 25100000,
        "incomeBeforeTaxRatio": 0.0691841235,
        "incomeTaxExpense": 12500000,
        "netIncome": 12600000,
        "netIncomeRatio": 0.0347298787,
        "eps": 0.32,
        "epsdiluted": 0.31,
        "weightedAverageShsOut": 39060000,
        "weightedAverageShsOutDil": 40320000,
        "link": "https://www.sec.gov/Archives/edgar/data/716133/000071613312000043/0000716133-12-000043-index.htm",
        "finalLink": "https://www.sec.gov/Archives/edgar/data/716133/000071613312000020/cbb-123111x10k.htm"
    },
    {
        "date": "2011-12-31",
        "symbol": "CBB",
        "reportedCurrency": "USD",
        "cik": "0000716133",
        "fillingDate": "2012-02-28",
        "acceptedDate": "2012-02-28 14:58:10",
        "calendarYear": "2011",
        "period": "Q4",
        "revenue": 365300000,
        "costOfRevenue": 174500000,
        "grossProfit": 190800000,
        "grossProfitRatio": 0.5223104298,
        "researchAndDevelopmentExpenses": 0,
        "generalAndAdministrativeExpenses": 0,
        "sellingAndMarketingExpenses": 0,
        "sellingGeneralAndAdministrativeExpenses": 118600000,
        "otherExpenses": 0,
        "operatingExpenses": 118600000,
        "costAndExpenses": 293100000,
        "interestIncome": 0,
        "interestExpense": 53800000,
        "depreciationAndAmortization": 53200000,
        "ebitda": 61500000,
        "ebitdaratio": 0.1683547769,
        "operatingIncome": 72200000,
        "operatingIncomeRatio": 0.1976457706,
        "totalOtherIncomeExpensesNet": -117700000,
        "incomeBeforeTax": -45500000,
        "incomeBeforeTaxRatio": -0.1245551601,
        "incomeTaxExpense": -15100000,
        "netIncome": -30400000,
        "netIncomeRatio": -0.0832192718,
        "eps": -0.78,
        "epsdiluted": -0.78,
        "weightedAverageShsOut": 39060000,
        "weightedAverageShsOutDil": 39060000,
        "link": "https://www.sec.gov/Archives/edgar/data/716133/000071613312000020/0000716133-12-000020-index.htm",
        "finalLink": "https://www.sec.gov/Archives/edgar/data/716133/000071613312000020/cbb-123111x10k.htm"
    },
    {
        "date": "2011-09-30",
        "symbol": "CBB",
        "reportedCurrency": "USD",
        "cik": "0000716133",
        "fillingDate": "2011-11-04",
        "acceptedDate": "2011-11-04 14:55:10",
        "calendarYear": "2011",
        "period": "Q3",
        "revenue": 368800000,
        "costOfRevenue": 174600000,
        "grossProfit": 194200000,
        "grossProfitRatio": 0.5265726681,
        "researchAndDevelopmentExpenses": 0,
        "generalAndAdministrativeExpenses": 0,
        "sellingAndMarketingExpenses": 0,
        "sellingGeneralAndAdministrativeExpenses": 115600000,
        "otherExpenses": 0,
        "operatingExpenses": 115600000,
        "costAndExpenses": 290200000,
        "interestIncome": 0,
        "interestExpense": 53300000,
        "depreciationAndAmortization": 49100000,
        "ebitda": 135400000,
        "ebitdaratio": 0.3671366594,
        "operatingIncome": 78600000,
        "operatingIncomeRatio": 0.2131236443,
        "totalOtherIncomeExpensesNet": -45600000,
        "incomeBeforeTax": 33000000,
        "incomeBeforeTaxRatio": 0.0894793926,
        "incomeTaxExpense": 15400000,
        "netIncome": 17600000,
        "netIncomeRatio": 0.0477223427,
        "eps": 0.45,
        "epsdiluted": 0.44,
        "weightedAverageShsOut": 39300000,
        "weightedAverageShsOutDil": 40120000,
        "link": "https://www.sec.gov/Archives/edgar/data/716133/000071613311000030/0000716133-11-000030-index.htm",
        "finalLink": "https://www.sec.gov/Archives/edgar/data/716133/000071613311000030/cbb-93011x10q.htm"
    },
    {
        "date": "2011-06-30",
        "symbol": "CBB",
        "reportedCurrency": "USD",
        "cik": "0000716133",
        "fillingDate": "2011-08-04",
        "acceptedDate": "2011-08-04 14:57:17",
        "calendarYear": "2011",
        "period": "Q2",
        "revenue": 367500000,
        "costOfRevenue": 169000000,
        "grossProfit": 198500000,
        "grossProfitRatio": 0.5401360544,
        "researchAndDevelopmentExpenses": 0,
        "generalAndAdministrativeExpenses": 0,
        "sellingAndMarketingExpenses": 0,
        "sellingGeneralAndAdministrativeExpenses": 115400000,
        "otherExpenses": 0,
        "operatingExpenses": 115400000,
        "costAndExpenses": 284400000,
        "interestIncome": 0,
        "interestExpense": 53400000,
        "depreciationAndAmortization": 48800000,
        "ebitda": 126400000,
        "ebitdaratio": 0.3439455782,
        "operatingIncome": 83100000,
        "operatingIncomeRatio": 0.226122449,
        "totalOtherIncomeExpensesNet": -58900000,
        "incomeBeforeTax": 24200000,
        "incomeBeforeTaxRatio": 0.0658503401,
        "incomeTaxExpense": 10700000,
        "netIncome": 13500000,
        "netIncomeRatio": 0.0367346939,
        "eps": 0.34,
        "epsdiluted": 0.34,
        "weightedAverageShsOut": 39600000,
        "weightedAverageShsOutDil": 40200000,
        "link": "https://www.sec.gov/Archives/edgar/data/716133/000071613311000020/0000716133-11-000020-index.htm",
        "finalLink": "https://www.sec.gov/Archives/edgar/data/716133/000071613311000020/cbb-63011x10q.htm"
    },
    {
        "date": "2011-03-31",
        "symbol": "CBB",
        "reportedCurrency": "USD",
        "cik": "0000716133",
        "fillingDate": "2011-05-06",
        "acceptedDate": "2011-05-06 08:38:52",
        "calendarYear": "2011",
        "period": "Q1",
        "revenue": 360800000,
        "costOfRevenue": 159200000,
        "grossProfit": 201600000,
        "grossProfitRatio": 0.5587583149,
        "researchAndDevelopmentExpenses": 0,
        "generalAndAdministrativeExpenses": 0,
        "sellingAndMarketingExpenses": 0,
        "sellingGeneralAndAdministrativeExpenses": 113000000,
        "otherExpenses": 0,
        "operatingExpenses": 113000000,
        "costAndExpenses": 272200000,
        "interestIncome": 0,
        "interestExpense": 54500000,
        "depreciationAndAmortization": 48400000,
        "ebitda": 134800000,
        "ebitdaratio": 0.3736141907,
        "operatingIncome": 88600000,
        "operatingIncomeRatio": 0.2455654102,
        "totalOtherIncomeExpensesNet": -56700000,
        "incomeBeforeTax": 31900000,
        "incomeBeforeTaxRatio": 0.0884146341,
        "incomeTaxExpense": 14000000,
        "netIncome": 17900000,
        "netIncomeRatio": 0.0496119734,
        "eps": 0.45,
        "epsdiluted": 0.45,
        "weightedAverageShsOut": 39560000,
        "weightedAverageShsOutDil": 39960000,
        "link": "https://www.sec.gov/Archives/edgar/data/716133/000119312511129709/0001193125-11-129709-index.htm",
        "finalLink": "https://www.sec.gov/Archives/edgar/data/716133/000119312511048808/d10k.htm"
    },
    {
        "date": "2010-12-31",
        "symbol": "CBB",
        "reportedCurrency": "USD",
        "cik": "0000716133",
        "fillingDate": "2011-02-28",
        "acceptedDate": "2011-02-28 09:10:48",
        "calendarYear": "2010",
        "period": "Q4",
        "revenue": 362800000,
        "costOfRevenue": 171800000,
        "grossProfit": 191000000,
        "grossProfitRatio": 0.52646086,
        "researchAndDevelopmentExpenses": 0,
        "generalAndAdministrativeExpenses": 0,
        "sellingAndMarketingExpenses": 0,
        "sellingGeneralAndAdministrativeExpenses": 118000000,
        "otherExpenses": 0,
        "operatingExpenses": 118000000,
        "costAndExpenses": 289800000,
        "interestIncome": 0,
        "interestExpense": 53700000,
        "depreciationAndAmortization": 49800000,
        "ebitda": 77900000,
        "ebitdaratio": 0.2147188534,
        "operatingIncome": 73000000,
        "operatingIncomeRatio": 0.2012127894,
        "totalOtherIncomeExpensesNet": -98600000,
        "incomeBeforeTax": -25600000,
        "incomeBeforeTaxRatio": -0.0705622933,
        "incomeTaxExpense": -7000000,
        "netIncome": -18600000,
        "netIncomeRatio": -0.0512679162,
        "eps": -0.47,
        "epsdiluted": -0.47,
        "weightedAverageShsOut": 39560000,
        "weightedAverageShsOutDil": 39560000,
        "link": "https://www.sec.gov/Archives/edgar/data/716133/000119312511048808/0001193125-11-048808-index.htm",
        "finalLink": "https://www.sec.gov/Archives/edgar/data/716133/000119312511048808/d10k.htm"
    },
    {
        "date": "2010-09-30",
        "symbol": "CBB",
        "reportedCurrency": "USD",
        "cik": "0000716133",
        "fillingDate": "2010-11-08",
        "acceptedDate": "2010-11-08 06:26:57",
        "calendarYear": "2010",
        "period": "Q3",
        "revenue": 351900000,
        "costOfRevenue": 152800000,
        "grossProfit": 199100000,
        "grossProfitRatio": 0.5657857346,
        "researchAndDevelopmentExpenses": 0,
        "generalAndAdministrativeExpenses": 0,
        "sellingAndMarketingExpenses": 0,
        "sellingGeneralAndAdministrativeExpenses": 116500000,
        "otherExpenses": 0,
        "operatingExpenses": 116500000,
        "costAndExpenses": 269300000,
        "interestIncome": 0,
        "interestExpense": 52000000,
        "depreciationAndAmortization": 48200000,
        "ebitda": 130800000,
        "ebitdaratio": 0.3716965047,
        "operatingIncome": 82600000,
        "operatingIncomeRatio": 0.2347257744,
        "totalOtherIncomeExpensesNet": -52000000,
        "incomeBeforeTax": 30600000,
        "incomeBeforeTaxRatio": 0.0869565217,
        "incomeTaxExpense": 16100000,
        "netIncome": 14500000,
        "netIncomeRatio": 0.0412048878,
        "eps": 0.36,
        "epsdiluted": 0.36,
        "weightedAverageShsOut": 40240000,
        "weightedAverageShsOutDil": 40840000,
        "link": "https://www.sec.gov/Archives/edgar/data/716133/000119312510251008/0001193125-10-251008-index.htm",
        "finalLink": "https://www.sec.gov/Archives/edgar/data/716133/000119312510251008/d10q.htm"
    },
    {
        "date": "2010-06-30",
        "symbol": "CBB",
        "reportedCurrency": "USD",
        "cik": "0000716133",
        "fillingDate": "2010-08-09",
        "acceptedDate": "2010-08-09 07:08:48",
        "calendarYear": "2010",
        "period": "Q2",
        "revenue": 338600000,
        "costOfRevenue": 146000000,
        "grossProfit": 192600000,
        "grossProfitRatio": 0.5688127584,
        "researchAndDevelopmentExpenses": 0,
        "generalAndAdministrativeExpenses": 0,
        "sellingAndMarketingExpenses": 0,
        "sellingGeneralAndAdministrativeExpenses": 108500000,
        "otherExpenses": 0,
        "operatingExpenses": 108500000,
        "costAndExpenses": 254500000,
        "interestIncome": 0,
        "interestExpense": 42400000,
        "depreciationAndAmortization": 41300000,
        "ebitda": 100500000,
        "ebitdaratio": 0.2968103957,
        "operatingIncome": 84100000,
        "operatingIncomeRatio": 0.2483756645,
        "totalOtherIncomeExpensesNet": -67300000,
        "incomeBeforeTax": 16800000,
        "incomeBeforeTaxRatio": 0.0496160662,
        "incomeTaxExpense": 7200000,
        "netIncome": 9600000,
        "netIncomeRatio": 0.0283520378,
        "eps": 0.24,
        "epsdiluted": 0.23,
        "weightedAverageShsOut": 40200000,
        "weightedAverageShsOutDil": 41140000,
        "link": "https://www.sec.gov/Archives/edgar/data/716133/000119312510182410/0001193125-10-182410-index.htm",
        "finalLink": "https://www.sec.gov/Archives/edgar/data/716133/000119312510182410/d10q.htm"
    },
    {
        "date": "2010-03-31",
        "symbol": "CBB",
        "reportedCurrency": "USD",
        "cik": "0000716133",
        "fillingDate": "2010-05-07",
        "acceptedDate": "2010-05-06 18:32:30",
        "calendarYear": "2010",
        "period": "Q1",
        "revenue": 323700000,
        "costOfRevenue": 133900000,
        "grossProfit": 189800000,
        "grossProfitRatio": 0.5863453815,
        "researchAndDevelopmentExpenses": 0,
        "generalAndAdministrativeExpenses": 0,
        "sellingAndMarketingExpenses": 0,
        "sellingGeneralAndAdministrativeExpenses": 107400000,
        "otherExpenses": 0,
        "operatingExpenses": 107400000,
        "costAndExpenses": 241300000,
        "interestIncome": 0,
        "interestExpense": 37100000,
        "depreciationAndAmortization": 40200000,
        "ebitda": 122700000,
        "ebitdaratio": 0.3790546803,
        "operatingIncome": 82400000,
        "operatingIncomeRatio": 0.2545566883,
        "totalOtherIncomeExpensesNet": -37000000,
        "incomeBeforeTax": 45400000,
        "incomeBeforeTaxRatio": 0.140253321,
        "incomeTaxExpense": 22600000,
        "netIncome": 22800000,
        "netIncomeRatio": 0.0704355885,
        "eps": 0.57,
        "epsdiluted": 0.56,
        "weightedAverageShsOut": 40180000,
        "weightedAverageShsOutDil": 40940000,
        "link": "https://www.sec.gov/Archives/edgar/data/716133/000119312510111227/0001193125-10-111227-index.htm",
        "finalLink": "https://www.sec.gov/Archives/edgar/data/716133/000119312510041234/d10k.htm"
    },
    {
        "date": "2009-12-31",
        "symbol": "CBB",
        "reportedCurrency": "USD",
        "cik": "0000716133",
        "fillingDate": "2010-02-26",
        "acceptedDate": "2010-02-25 20:49:48",
        "calendarYear": "2009",
        "period": "Q4",
        "revenue": 345200000,
        "costOfRevenue": 160000000,
        "grossProfit": 185200000,
        "grossProfitRatio": 0.5365005794,
        "researchAndDevelopmentExpenses": 0,
        "generalAndAdministrativeExpenses": 0,
        "sellingAndMarketingExpenses": 0,
        "sellingGeneralAndAdministrativeExpenses": 108300000,
        "otherExpenses": 0,
        "operatingExpenses": 108300000,
        "costAndExpenses": 268300000,
        "interestIncome": 0,
        "interestExpense": 36100000,
        "depreciationAndAmortization": 42900000,
        "ebitda": 91400000,
        "ebitdaratio": 0.264774044,
        "operatingIncome": 76900000,
        "operatingIncomeRatio": 0.222769409,
        "totalOtherIncomeExpensesNet": -64500000,
        "incomeBeforeTax": 12400000,
        "incomeBeforeTaxRatio": 0.0359212051,
        "incomeTaxExpense": 5600000,
        "netIncome": 6800000,
        "netIncomeRatio": 0.0196987254,
        "eps": 0.17,
        "epsdiluted": 0.17,
        "weightedAverageShsOut": 40180000,
        "weightedAverageShsOutDil": 40180000,
        "link": "https://www.sec.gov/Archives/edgar/data/716133/000119312510041234/0001193125-10-041234-index.htm",
        "finalLink": "https://www.sec.gov/Archives/edgar/data/716133/000119312510041234/d10k.htm"
    },
    {
        "date": "2009-09-30",
        "symbol": "CBB",
        "reportedCurrency": "USD",
        "cik": "0000716133",
        "fillingDate": "2009-11-06",
        "acceptedDate": "2009-11-06 17:03:56",
        "calendarYear": "2009",
        "period": "Q3",
        "revenue": 337700000,
        "costOfRevenue": 152900000,
        "grossProfit": 184800000,
        "grossProfitRatio": 0.5472312704,
        "researchAndDevelopmentExpenses": 0,
        "generalAndAdministrativeExpenses": 0,
        "sellingAndMarketingExpenses": 0,
        "sellingGeneralAndAdministrativeExpenses": 105900000,
        "otherExpenses": 0,
        "operatingExpenses": 105900000,
        "costAndExpenses": 258800000,
        "interestIncome": 0,
        "interestExpense": 31500000,
        "depreciationAndAmortization": 41200000,
        "ebitda": 122100000,
        "ebitdaratio": 0.3615635179,
        "operatingIncome": 78900000,
        "operatingIncomeRatio": 0.2336393248,
        "totalOtherIncomeExpensesNet": -29500000,
        "incomeBeforeTax": 49400000,
        "incomeBeforeTaxRatio": 0.1462836837,
        "incomeTaxExpense": 21700000,
        "netIncome": 27700000,
        "netIncomeRatio": 0.0820254664,
        "eps": 0.66,
        "epsdiluted": 0.65,
        "weightedAverageShsOut": 41800000,
        "weightedAverageShsOutDil": 42640000,
        "link": "https://www.sec.gov/Archives/edgar/data/716133/000119312509227710/0001193125-09-227710-index.htm",
        "finalLink": "https://www.sec.gov/Archives/edgar/data/716133/000119312509227710/d10q.htm"
    },
    {
        "date": "2009-06-30",
        "symbol": "CBB",
        "reportedCurrency": "USD",
        "cik": "0000716133",
        "fillingDate": "2009-08-06",
        "acceptedDate": "2009-08-06 10:32:48",
        "calendarYear": "2009",
        "period": "Q2",
        "revenue": 327600000,
        "costOfRevenue": 139100000,
        "grossProfit": 188500000,
        "grossProfitRatio": 0.5753968254,
        "researchAndDevelopmentExpenses": 0,
        "generalAndAdministrativeExpenses": 0,
        "sellingAndMarketingExpenses": 0,
        "sellingGeneralAndAdministrativeExpenses": 112300000,
        "otherExpenses": 0,
        "operatingExpenses": 112300000,
        "costAndExpenses": 251400000,
        "interestIncome": 0,
        "interestExpense": 31300000,
        "depreciationAndAmortization": 41500000,
        "ebitda": 116800000,
        "ebitdaratio": 0.3565323565,
        "operatingIncome": 76200000,
        "operatingIncomeRatio": 0.2326007326,
        "totalOtherIncomeExpensesNet": -32200000,
        "incomeBeforeTax": 44000000,
        "incomeBeforeTaxRatio": 0.1343101343,
        "incomeTaxExpense": 17700000,
        "netIncome": 26300000,
        "netIncomeRatio": 0.0802808303,
        "eps": 0.62,
        "epsdiluted": 0.61,
        "weightedAverageShsOut": 42760000,
        "weightedAverageShsOutDil": 43120000,
        "link": "https://www.sec.gov/Archives/edgar/data/716133/000119312509166592/0001193125-09-166592-index.htm",
        "finalLink": "https://www.sec.gov/Archives/edgar/data/716133/000119312509166592/d10q.htm"
    },
    {
        "date": "2009-03-31",
        "symbol": "CBB",
        "reportedCurrency": "USD",
        "cik": "0000716133",
        "fillingDate": "2009-05-07",
        "acceptedDate": "2009-05-07 14:37:00",
        "calendarYear": "2009",
        "period": "Q1",
        "revenue": 325500000,
        "costOfRevenue": 139000000,
        "grossProfit": 186500000,
        "grossProfitRatio": 0.5729646697,
        "researchAndDevelopmentExpenses": 0,
        "generalAndAdministrativeExpenses": 0,
        "sellingAndMarketingExpenses": 0,
        "sellingGeneralAndAdministrativeExpenses": 113200000,
        "otherExpenses": 0,
        "operatingExpenses": 113200000,
        "costAndExpenses": 252200000,
        "interestIncome": 0,
        "interestExpense": 31800000,
        "depreciationAndAmortization": 39300000,
        "ebitda": 119600000,
        "ebitdaratio": 0.3674347158,
        "operatingIncome": 73300000,
        "operatingIncomeRatio": 0.2251920123,
        "totalOtherIncomeExpensesNet": -24800000,
        "incomeBeforeTax": 48500000,
        "incomeBeforeTaxRatio": 0.1490015361,
        "incomeTaxExpense": 19700000,
        "netIncome": 28800000,
        "netIncomeRatio": 0.0884792627,
        "eps": 0.64,
        "epsdiluted": 0.64,
        "weightedAverageShsOut": 44860000,
        "weightedAverageShsOutDil": 45040000,
        "link": "https://www.sec.gov/Archives/edgar/data/716133/000119312509103154/0001193125-09-103154-index.htm",
        "finalLink": "https://www.sec.gov/Archives/edgar/data/716133/000119312509039476/d10k.htm"
    },
    {
        "date": "2008-12-31",
        "symbol": "CBB",
        "reportedCurrency": "USD",
        "cik": "0000716133",
        "fillingDate": "2009-02-27",
        "acceptedDate": "2009-02-26 20:19:59",
        "calendarYear": "2008",
        "period": "Q4",
        "revenue": 356800000,
        "costOfRevenue": 166200000,
        "grossProfit": 190600000,
        "grossProfitRatio": 0.5341928251,
        "researchAndDevelopmentExpenses": 0,
        "generalAndAdministrativeExpenses": 0,
        "sellingAndMarketingExpenses": 0,
        "sellingGeneralAndAdministrativeExpenses": 101200000,
        "otherExpenses": 0,
        "operatingExpenses": 101200000,
        "costAndExpenses": 267400000,
        "interestIncome": 0,
        "interestExpense": 0,
        "depreciationAndAmortization": 40200000,
        "ebitda": 103300000,
        "ebitdaratio": 0.2895179372,
        "operatingIncome": 89400000,
        "operatingIncomeRatio": 0.2505605381,
        "totalOtherIncomeExpensesNet": -26300000,
        "incomeBeforeTax": 63100000,
        "incomeBeforeTaxRatio": 0.1768497758,
        "incomeTaxExpense": 25600000,
        "netIncome": 37500000,
        "netIncomeRatio": 0.1051008969,
        "eps": 0.84,
        "epsdiluted": 0.84,
        "weightedAverageShsOut": 44860000,
        "weightedAverageShsOutDil": 44860000,
        "link": "https://www.sec.gov/Archives/edgar/data/716133/000119312509039476/0001193125-09-039476-index.htm",
        "finalLink": "https://www.sec.gov/Archives/edgar/data/716133/000119312509039476/d10k.htm"
    },
    {
        "date": "2008-09-30",
        "symbol": "CBB",
        "reportedCurrency": "USD",
        "cik": "0000716133",
        "fillingDate": "2008-10-31",
        "acceptedDate": "2008-10-31 12:45:24",
        "calendarYear": "2008",
        "period": "Q3",
        "revenue": 346500000,
        "costOfRevenue": 154800000,
        "grossProfit": 191700000,
        "grossProfitRatio": 0.5532467532,
        "researchAndDevelopmentExpenses": 0,
        "generalAndAdministrativeExpenses": 0,
        "sellingAndMarketingExpenses": 0,
        "sellingGeneralAndAdministrativeExpenses": 110200000,
        "otherExpenses": 0,
        "operatingExpenses": 110200000,
        "costAndExpenses": 265000000,
        "interestIncome": 0,
        "interestExpense": 0,
        "depreciationAndAmortization": 38700000,
        "ebitda": 84500000,
        "ebitdaratio": 0.2438672439,
        "operatingIncome": 81500000,
        "operatingIncomeRatio": 0.2352092352,
        "totalOtherIncomeExpensesNet": -35700000,
        "incomeBeforeTax": 45800000,
        "incomeBeforeTaxRatio": 0.1321789322,
        "incomeTaxExpense": 19200000,
        "netIncome": 26600000,
        "netIncomeRatio": 0.0767676768,
        "eps": 0.57,
        "epsdiluted": 0.56,
        "weightedAverageShsOut": 46740000,
        "weightedAverageShsOutDil": 47840000,
        "link": "https://www.sec.gov/Archives/edgar/data/716133/000119312508221255/0001193125-08-221255-index.htm",
        "finalLink": "https://www.sec.gov/Archives/edgar/data/716133/000119312508221255/d10q.htm"
    },
    {
        "date": "2008-06-30",
        "symbol": "CBB",
        "reportedCurrency": "USD",
        "cik": "0000716133",
        "fillingDate": "2008-07-31",
        "acceptedDate": "2008-07-31 16:10:07",
        "calendarYear": "2008",
        "period": "Q2",
        "revenue": 351200000,
        "costOfRevenue": 160000000,
        "grossProfit": 191200000,
        "grossProfitRatio": 0.5444191344,
        "researchAndDevelopmentExpenses": 0,
        "generalAndAdministrativeExpenses": 0,
        "sellingAndMarketingExpenses": 0,
        "sellingGeneralAndAdministrativeExpenses": 109900000,
        "otherExpenses": 0,
        "operatingExpenses": 109900000,
        "costAndExpenses": 269900000,
        "interestIncome": 0,
        "interestExpense": 0,
        "depreciationAndAmortization": 37700000,
        "ebitda": 83000000,
        "ebitdaratio": 0.236332574,
        "operatingIncome": 81300000,
        "operatingIncomeRatio": 0.2314920273,
        "totalOtherIncomeExpensesNet": -36000000,
        "incomeBeforeTax": 45300000,
        "incomeBeforeTaxRatio": 0.1289863326,
        "incomeTaxExpense": 19700000,
        "netIncome": 25600000,
        "netIncomeRatio": 0.0728929385,
        "eps": 0.53,
        "epsdiluted": 0.52,
        "weightedAverageShsOut": 48180000,
        "weightedAverageShsOutDil": 49680000,
        "link": "https://www.sec.gov/Archives/edgar/data/716133/000119312508162585/0001193125-08-162585-index.htm",
        "finalLink": "https://www.sec.gov/Archives/edgar/data/716133/000119312508162585/d10q.htm"
    },
    {
        "date": "2008-03-31",
        "symbol": "CBB",
        "reportedCurrency": "USD",
        "cik": "0000716133",
        "fillingDate": "2008-05-06",
        "acceptedDate": "2008-05-06 16:50:15",
        "calendarYear": "2008",
        "period": "Q1",
        "revenue": 348500000,
        "costOfRevenue": 158800000,
        "grossProfit": 189700000,
        "grossProfitRatio": 0.5443328551,
        "researchAndDevelopmentExpenses": 0,
        "generalAndAdministrativeExpenses": 0,
        "sellingAndMarketingExpenses": 0,
        "sellingGeneralAndAdministrativeExpenses": 108600000,
        "otherExpenses": 0,
        "operatingExpenses": 108600000,
        "costAndExpenses": 267400000,
        "interestIncome": 0,
        "interestExpense": 0,
        "depreciationAndAmortization": 37300000,
        "ebitda": 59300000,
        "ebitdaratio": 0.1701578192,
        "operatingIncome": 81100000,
        "operatingIncomeRatio": 0.2327116212,
        "totalOtherIncomeExpensesNet": -59100000,
        "incomeBeforeTax": 22000000,
        "incomeBeforeTaxRatio": 0.0631276901,
        "incomeTaxExpense": 9100000,
        "netIncome": 12900000,
        "netIncomeRatio": 0.0370157819,
        "eps": 0.26,
        "epsdiluted": 0.26,
        "weightedAverageShsOut": 49340000,
        "weightedAverageShsOutDil": 50560000,
        "link": "https://www.sec.gov/Archives/edgar/data/716133/000119312508104195/0001193125-08-104195-index.htm",
        "finalLink": "https://www.sec.gov/Archives/edgar/data/716133/000119312508038863/d10k.htm"
    },
    {
        "date": "2007-12-31",
        "symbol": "CBB",
        "reportedCurrency": "USD",
        "cik": "0000716133",
        "fillingDate": "2008-02-26",
        "acceptedDate": "2008-02-26 17:21:44",
        "calendarYear": "2007",
        "period": "Q4",
        "revenue": 360000000,
        "costOfRevenue": 172200000,
        "grossProfit": 187800000,
        "grossProfitRatio": 0.5216666667,
        "researchAndDevelopmentExpenses": 0,
        "generalAndAdministrativeExpenses": 0,
        "sellingAndMarketingExpenses": 0,
        "sellingGeneralAndAdministrativeExpenses": 109300000,
        "otherExpenses": 0,
        "operatingExpenses": 109300000,
        "costAndExpenses": 281500000,
        "interestIncome": 0,
        "interestExpense": 0,
        "depreciationAndAmortization": 40000000,
        "ebitda": 43500000,
        "ebitdaratio": 0.1208333333,
        "operatingIncome": 78500000,
        "operatingIncomeRatio": 0.2180555556,
        "totalOtherIncomeExpensesNet": -75000000,
        "incomeBeforeTax": 3500000,
        "incomeBeforeTaxRatio": 0.0097222222,
        "incomeTaxExpense": 2700000,
        "netIncome": 800000,
        "netIncomeRatio": 0.0022222222,
        "eps": 0.0162,
        "epsdiluted": 0.0162,
        "weightedAverageShsOut": 49340000,
        "weightedAverageShsOutDil": 49340000,
        "link": "https://www.sec.gov/Archives/edgar/data/716133/000119312508038863/0001193125-08-038863-index.htm",
        "finalLink": "https://www.sec.gov/Archives/edgar/data/716133/000119312508038863/d10k.htm"
    },
    {
        "date": "2007-09-30",
        "symbol": "CBB",
        "reportedCurrency": "USD",
        "cik": "0000716133",
        "fillingDate": "2007-11-06",
        "acceptedDate": "2007-11-06 15:55:10",
        "calendarYear": "2007",
        "period": "Q3",
        "revenue": 344300000,
        "costOfRevenue": 159000000,
        "grossProfit": 185300000,
        "grossProfitRatio": 0.538193436,
        "researchAndDevelopmentExpenses": 0,
        "generalAndAdministrativeExpenses": 0,
        "sellingAndMarketingExpenses": 0,
        "sellingGeneralAndAdministrativeExpenses": 103000000,
        "otherExpenses": 0,
        "operatingExpenses": 103000000,
        "costAndExpenses": 262000000,
        "interestIncome": 0,
        "interestExpense": 0,
        "depreciationAndAmortization": 37600000,
        "ebitda": 82000000,
        "ebitdaratio": 0.2381643915,
        "operatingIncome": 82300000,
        "operatingIncomeRatio": 0.2390357247,
        "totalOtherIncomeExpensesNet": -37900000,
        "incomeBeforeTax": 44400000,
        "incomeBeforeTaxRatio": 0.1289573047,
        "incomeTaxExpense": 18700000,
        "netIncome": 25700000,
        "netIncomeRatio": 0.0746442056,
        "eps": 0.52,
        "epsdiluted": 0.5,
        "weightedAverageShsOut": 49520000,
        "weightedAverageShsOutDil": 51440000,
        "link": "https://www.sec.gov/Archives/edgar/data/716133/000119312507236666/0001193125-07-236666-index.htm",
        "finalLink": "https://www.sec.gov/Archives/edgar/data/716133/000119312507236666/d10q.htm"
    },
    {
        "date": "2007-06-30",
        "symbol": "CBB",
        "reportedCurrency": "USD",
        "cik": "0000716133",
        "fillingDate": "2007-08-07",
        "acceptedDate": "2007-08-07 15:33:43",
        "calendarYear": "2007",
        "period": "Q2",
        "revenue": 329100000,
        "costOfRevenue": 145300000,
        "grossProfit": 183800000,
        "grossProfitRatio": 0.5584928593,
        "researchAndDevelopmentExpenses": 0,
        "generalAndAdministrativeExpenses": 0,
        "sellingAndMarketingExpenses": 0,
        "sellingGeneralAndAdministrativeExpenses": 102600000,
        "otherExpenses": 0,
        "operatingExpenses": 102600000,
        "costAndExpenses": 247900000,
        "interestIncome": 0,
        "interestExpense": 0,
        "depreciationAndAmortization": 36900000,
        "ebitda": 79200000,
        "ebitdaratio": 0.2406563355,
        "operatingIncome": 81200000,
        "operatingIncomeRatio": 0.2467335156,
        "totalOtherIncomeExpensesNet": -38900000,
        "incomeBeforeTax": 42300000,
        "incomeBeforeTaxRatio": 0.128532361,
        "incomeTaxExpense": 18100000,
        "netIncome": 24200000,
        "netIncomeRatio": 0.0735338803,
        "eps": 0.49,
        "epsdiluted": 0.47,
        "weightedAverageShsOut": 49460000,
        "weightedAverageShsOutDil": 51520000,
        "link": "https://www.sec.gov/Archives/edgar/data/716133/000119312507173605/0001193125-07-173605-index.htm",
        "finalLink": "https://www.sec.gov/Archives/edgar/data/716133/000119312507173605/d10q.htm"
    },
    {
        "date": "2007-03-31",
        "symbol": "CBB",
        "reportedCurrency": "USD",
        "cik": "0000716133",
        "fillingDate": "2007-05-10",
        "acceptedDate": "2007-05-10 12:02:52",
        "calendarYear": "2007",
        "period": "Q1",
        "revenue": 315300000,
        "costOfRevenue": 133100000,
        "grossProfit": 182200000,
        "grossProfitRatio": 0.5778623533,
        "researchAndDevelopmentExpenses": 0,
        "generalAndAdministrativeExpenses": 0,
        "sellingAndMarketingExpenses": 0,
        "sellingGeneralAndAdministrativeExpenses": 101800000,
        "otherExpenses": 0,
        "operatingExpenses": 101800000,
        "costAndExpenses": 234900000,
        "interestIncome": 0,
        "interestExpense": 0,
        "depreciationAndAmortization": 36300000,
        "ebitda": 76100000,
        "ebitdaratio": 0.2413574374,
        "operatingIncome": 80400000,
        "operatingIncomeRatio": 0.2549952426,
        "totalOtherIncomeExpensesNet": -40600000,
        "incomeBeforeTax": 39800000,
        "incomeBeforeTaxRatio": 0.1262289883,
        "incomeTaxExpense": 17200000,
        "netIncome": 22600000,
        "netIncomeRatio": 0.0716777672,
        "eps": 0.46,
        "epsdiluted": 0.44,
        "weightedAverageShsOut": 49420000,
        "weightedAverageShsOutDil": 51000000,
        "link": "https://www.sec.gov/Archives/edgar/data/716133/000119312507109684/0001193125-07-109684-index.htm",
        "finalLink": "https://www.sec.gov/Archives/edgar/data/716133/000119312507043699/d10k.htm"
    },
    {
        "date": "2006-12-31",
        "symbol": "CBB",
        "reportedCurrency": "USD",
        "cik": "0000716133",
        "fillingDate": "2007-03-01",
        "acceptedDate": "2007-03-01 10:32:40",
        "calendarYear": "2006",
        "period": "Q4",
        "revenue": 328400000,
        "costOfRevenue": 151800000,
        "grossProfit": 176600000,
        "grossProfitRatio": 0.5377588307,
        "researchAndDevelopmentExpenses": 0,
        "generalAndAdministrativeExpenses": 0,
        "sellingAndMarketingExpenses": 0,
        "sellingGeneralAndAdministrativeExpenses": 102000000,
        "otherExpenses": 0,
        "operatingExpenses": 102000000,
        "costAndExpenses": 253800000,
        "interestIncome": 0,
        "interestExpense": 0,
        "depreciationAndAmortization": 37400000,
        "ebitda": 75200000,
        "ebitdaratio": 0.2289890378,
        "operatingIncome": 74600000,
        "operatingIncomeRatio": 0.2271619976,
        "totalOtherIncomeExpensesNet": -36800000,
        "incomeBeforeTax": 37800000,
        "incomeBeforeTaxRatio": 0.1151035323,
        "incomeTaxExpense": 15100000,
        "netIncome": 22700000,
        "netIncomeRatio": 0.0691230207,
        "eps": 0.46,
        "epsdiluted": 0.46,
        "weightedAverageShsOut": 49420000,
        "weightedAverageShsOutDil": 49420000,
        "link": "https://www.sec.gov/Archives/edgar/data/716133/000119312507043699/0001193125-07-043699-index.htm",
        "finalLink": "https://www.sec.gov/Archives/edgar/data/716133/000119312507043699/d10k.htm"
    },
    {
        "date": "2006-09-30",
        "symbol": "CBB",
        "reportedCurrency": "USD",
        "cik": "0000716133",
        "fillingDate": "2006-11-08",
        "acceptedDate": "2006-11-08 17:11:23",
        "calendarYear": "2006",
        "period": "Q3",
        "revenue": 320100000,
        "costOfRevenue": 142900000,
        "grossProfit": 177200000,
        "grossProfitRatio": 0.5535770072,
        "researchAndDevelopmentExpenses": 0,
        "generalAndAdministrativeExpenses": 0,
        "sellingAndMarketingExpenses": 0,
        "sellingGeneralAndAdministrativeExpenses": 90400000,
        "otherExpenses": 0,
        "operatingExpenses": 90400000,
        "costAndExpenses": 233300000,
        "interestIncome": 0,
        "interestExpense": 0,
        "depreciationAndAmortization": 35500000,
        "ebitda": 77900000,
        "ebitdaratio": 0.2433614495,
        "operatingIncome": 86800000,
        "operatingIncomeRatio": 0.2711652609,
        "totalOtherIncomeExpensesNet": -44400000,
        "incomeBeforeTax": 42400000,
        "incomeBeforeTaxRatio": 0.1324586067,
        "incomeTaxExpense": 17300000,
        "netIncome": 25100000,
        "netIncomeRatio": 0.0784129959,
        "eps": 0.51,
        "epsdiluted": 0.49,
        "weightedAverageShsOut": 49420000,
        "weightedAverageShsOutDil": 50880000,
        "link": "https://www.sec.gov/Archives/edgar/data/716133/000119312506228537/0001193125-06-228537-index.htm",
        "finalLink": "https://www.sec.gov/Archives/edgar/data/716133/000119312506228537/d10q.htm"
    },
    {
        "date": "2006-06-30",
        "symbol": "CBB",
        "reportedCurrency": "USD",
        "cik": "0000716133",
        "fillingDate": "2006-08-08",
        "acceptedDate": "2006-08-08 16:31:42",
        "calendarYear": "2006",
        "period": "Q2",
        "revenue": 323300000,
        "costOfRevenue": 145500000,
        "grossProfit": 177800000,
        "grossProfitRatio": 0.5499536035,
        "researchAndDevelopmentExpenses": 0,
        "generalAndAdministrativeExpenses": 0,
        "sellingAndMarketingExpenses": 0,
        "sellingGeneralAndAdministrativeExpenses": 94600000,
        "otherExpenses": 0,
        "operatingExpenses": 94600000,
        "costAndExpenses": 240100000,
        "interestIncome": 0,
        "interestExpense": 0,
        "depreciationAndAmortization": 35700000,
        "ebitda": 78700000,
        "ebitdaratio": 0.2434271574,
        "operatingIncome": 83200000,
        "operatingIncomeRatio": 0.2573461182,
        "totalOtherIncomeExpensesNet": -40200000,
        "incomeBeforeTax": 43000000,
        "incomeBeforeTaxRatio": 0.1330034024,
        "incomeTaxExpense": 18700000,
        "netIncome": 24300000,
        "netIncomeRatio": 0.0751623879,
        "eps": 0.49,
        "epsdiluted": 0.48,
        "weightedAverageShsOut": 49360000,
        "weightedAverageShsOutDil": 50480000,
        "link": "https://www.sec.gov/Archives/edgar/data/716133/000119312506165773/0001193125-06-165773-index.htm",
        "finalLink": "https://www.sec.gov/Archives/edgar/data/716133/000119312506165773/d10q.htm"
    },
    {
        "date": "2006-03-31",
        "symbol": "CBB",
        "reportedCurrency": "USD",
        "cik": "0000716133",
        "fillingDate": "2006-05-10",
        "acceptedDate": "2006-05-09 18:37:45",
        "calendarYear": "2006",
        "period": "Q1",
        "revenue": 298200000,
        "costOfRevenue": 128000000,
        "grossProfit": 170200000,
        "grossProfitRatio": 0.5707578806,
        "researchAndDevelopmentExpenses": 0,
        "generalAndAdministrativeExpenses": 0,
        "sellingAndMarketingExpenses": 0,
        "sellingGeneralAndAdministrativeExpenses": 99100000,
        "otherExpenses": 0,
        "operatingExpenses": 99100000,
        "costAndExpenses": 227100000,
        "interestIncome": 0,
        "interestExpense": 0,
        "depreciationAndAmortization": 34400000,
        "ebitda": 65600000,
        "ebitdaratio": 0.2199865862,
        "operatingIncome": 71100000,
        "operatingIncomeRatio": 0.2384305835,
        "totalOtherIncomeExpensesNet": -39900000,
        "incomeBeforeTax": 31200000,
        "incomeBeforeTaxRatio": 0.1046277666,
        "incomeTaxExpense": 17100000,
        "netIncome": 14100000,
        "netIncomeRatio": 0.0472837022,
        "eps": 0.29,
        "epsdiluted": 0.28,
        "weightedAverageShsOut": 49320000,
        "weightedAverageShsOutDil": 50240000,
        "link": "https://www.sec.gov/Archives/edgar/data/716133/000119312506105771/0001193125-06-105771-index.htm",
        "finalLink": "https://www.sec.gov/Archives/edgar/data/716133/000119312506054244/d10k.htm"
    },
    {
        "date": "2005-12-31",
        "symbol": "CBB",
        "reportedCurrency": "USD",
        "cik": "0000716133",
        "fillingDate": "2006-03-15",
        "acceptedDate": "2006-03-15 06:34:45",
        "calendarYear": "2005",
        "period": "Q4",
        "revenue": 305300000,
        "costOfRevenue": 138800000,
        "grossProfit": 166500000,
        "grossProfitRatio": 0.5453652145,
        "researchAndDevelopmentExpenses": 0,
        "generalAndAdministrativeExpenses": 0,
        "sellingAndMarketingExpenses": 0,
        "sellingGeneralAndAdministrativeExpenses": 109800000,
        "otherExpenses": 0,
        "operatingExpenses": 109800000,
        "costAndExpenses": 248600000,
        "interestIncome": 0,
        "interestExpense": 0,
        "depreciationAndAmortization": 41500000,
        "ebitda": 67700000,
        "ebitdaratio": 0.2217490992,
        "operatingIncome": 56700000,
        "operatingIncomeRatio": 0.185718965,
        "totalOtherIncomeExpensesNet": -30500000,
        "incomeBeforeTax": 26200000,
        "incomeBeforeTaxRatio": 0.085817229,
        "incomeTaxExpense": 13600000,
        "netIncome": 12600000,
        "netIncomeRatio": 0.0412708811,
        "eps": 0.26,
        "epsdiluted": 0.26,
        "weightedAverageShsOut": 49320000,
        "weightedAverageShsOutDil": 49320000,
        "link": "https://www.sec.gov/Archives/edgar/data/716133/000119312506054244/0001193125-06-054244-index.htm",
        "finalLink": "https://www.sec.gov/Archives/edgar/data/716133/000119312506054244/d10k.htm"
    },
    {
        "date": "2005-09-30",
        "symbol": "CBB",
        "reportedCurrency": "USD",
        "cik": "0000716133",
        "fillingDate": "2005-11-09",
        "acceptedDate": "2005-11-08 19:40:13",
        "calendarYear": "2005",
        "period": "Q3",
        "revenue": 300300000,
        "costOfRevenue": 130600000,
        "grossProfit": 169700000,
        "grossProfitRatio": 0.5651015651,
        "researchAndDevelopmentExpenses": 0,
        "generalAndAdministrativeExpenses": 0,
        "sellingAndMarketingExpenses": 0,
        "sellingGeneralAndAdministrativeExpenses": 97600000,
        "otherExpenses": 0,
        "operatingExpenses": 97600000,
        "costAndExpenses": 228200000,
        "interestIncome": 0,
        "interestExpense": 0,
        "depreciationAndAmortization": 41800000,
        "ebitda": -22700000,
        "ebitdaratio": -0.0755910756,
        "operatingIncome": 72100000,
        "operatingIncomeRatio": 0.2400932401,
        "totalOtherIncomeExpensesNet": -136600000,
        "incomeBeforeTax": -64500000,
        "incomeBeforeTaxRatio": -0.2147852148,
        "incomeTaxExpense": -20400000,
        "netIncome": -44100000,
        "netIncomeRatio": -0.1468531469,
        "eps": -0.9,
        "epsdiluted": -0.9,
        "weightedAverageShsOut": 49220000,
        "weightedAverageShsOutDil": 49220000,
        "link": "https://www.sec.gov/Archives/edgar/data/716133/000119312505220120/0001193125-05-220120-index.htm",
        "finalLink": "https://www.sec.gov/Archives/edgar/data/716133/000119312505220120/d10q.htm"
    },
    {
        "date": "2005-06-30",
        "symbol": "CBB",
        "reportedCurrency": "USD",
        "cik": "0000716133",
        "fillingDate": "2005-08-09",
        "acceptedDate": "2005-08-09 13:17:23",
        "calendarYear": "2005",
        "period": "Q2",
        "revenue": 315400000,
        "costOfRevenue": 133700000,
        "grossProfit": 181700000,
        "grossProfitRatio": 0.5760938491,
        "researchAndDevelopmentExpenses": 0,
        "generalAndAdministrativeExpenses": 0,
        "sellingAndMarketingExpenses": 0,
        "sellingGeneralAndAdministrativeExpenses": 105800000,
        "otherExpenses": 0,
        "operatingExpenses": 105800000,
        "costAndExpenses": 239500000,
        "interestIncome": 0,
        "interestExpense": 0,
        "depreciationAndAmortization": 48400000,
        "ebitda": 75900000,
        "ebitdaratio": 0.2406467977,
        "operatingIncome": 75900000,
        "operatingIncomeRatio": 0.2406467977,
        "totalOtherIncomeExpensesNet": -48400000,
        "incomeBeforeTax": 27500000,
        "incomeBeforeTaxRatio": 0.0871908687,
        "incomeTaxExpense": 57300000,
        "netIncome": -29800000,
        "netIncomeRatio": -0.0944831959,
        "eps": -0.61,
        "epsdiluted": -0.61,
        "weightedAverageShsOut": 49160000,
        "weightedAverageShsOutDil": 49160000,
        "link": "https://www.sec.gov/Archives/edgar/data/716133/000119312505162223/0001193125-05-162223-index.htm",
        "finalLink": "https://www.sec.gov/Archives/edgar/data/716133/000119312505162223/d10q.htm"
    },
    {
        "date": "2005-03-31",
        "symbol": "CBB",
        "reportedCurrency": "USD",
        "cik": "0000716133",
        "fillingDate": "2005-05-10",
        "acceptedDate": "2005-05-10 14:16:42",
        "calendarYear": "2005",
        "period": "Q1",
        "revenue": 288600000,
        "costOfRevenue": 109200000,
        "grossProfit": 179400000,
        "grossProfitRatio": 0.6216216216,
        "researchAndDevelopmentExpenses": 0,
        "generalAndAdministrativeExpenses": 0,
        "sellingAndMarketingExpenses": 0,
        "sellingGeneralAndAdministrativeExpenses": 124200000,
        "otherExpenses": 0,
        "operatingExpenses": 124200000,
        "costAndExpenses": 233400000,
        "interestIncome": 0,
        "interestExpense": 0,
        "depreciationAndAmortization": 43000000,
        "ebitda": 43600000,
        "ebitdaratio": 0.1510741511,
        "operatingIncome": 55200000,
        "operatingIncomeRatio": 0.1912681913,
        "totalOtherIncomeExpensesNet": -54600000,
        "incomeBeforeTax": 600000,
        "incomeBeforeTaxRatio": 0.0020790021,
        "incomeTaxExpense": 3800000,
        "netIncome": -3200000,
        "netIncomeRatio": -0.0110880111,
        "eps": -0.0651,
        "epsdiluted": -0.0651,
        "weightedAverageShsOut": 49160000,
        "weightedAverageShsOutDil": 49160000,
        "link": "https://www.sec.gov/Archives/edgar/data/716133/000119312505102474/0001193125-05-102474-index.htm",
        "finalLink": "https://www.sec.gov/Archives/edgar/data/716133/000120677405000368/d16555_10k.htm"
    },
    {
        "date": "2004-12-31",
        "symbol": "CBB",
        "reportedCurrency": "USD",
        "cik": "0000716133",
        "fillingDate": "2005-03-16",
        "acceptedDate": "2005-03-16 16:30:04",
        "calendarYear": "2004",
        "period": "Q4",
        "revenue": 299800000,
        "costOfRevenue": 120000000,
        "grossProfit": 179800000,
        "grossProfitRatio": 0.5997331554,
        "researchAndDevelopmentExpenses": 0,
        "generalAndAdministrativeExpenses": 0,
        "sellingAndMarketingExpenses": 0,
        "sellingGeneralAndAdministrativeExpenses": 104900000,
        "otherExpenses": 0,
        "operatingExpenses": 104900000,
        "costAndExpenses": 224900000,
        "interestIncome": 0,
        "interestExpense": 0,
        "depreciationAndAmortization": 44900000,
        "ebitda": 62100000,
        "ebitdaratio": 0.2071380921,
        "operatingIncome": 74900000,
        "operatingIncomeRatio": 0.2498332221,
        "totalOtherIncomeExpensesNet": -57700000,
        "incomeBeforeTax": 17200000,
        "incomeBeforeTaxRatio": 0.0573715811,
        "incomeTaxExpense": -3700000,
        "netIncome": 20900000,
        "netIncomeRatio": 0.0697131421,
        "eps": 0.43,
        "epsdiluted": 0.43,
        "weightedAverageShsOut": 49120000,
        "weightedAverageShsOutDil": 49120000,
        "link": "https://www.sec.gov/Archives/edgar/data/716133/000120677405000368/0001206774-05-000368-index.htm",
        "finalLink": "https://www.sec.gov/Archives/edgar/data/716133/000120677405000368/d16555_10k.htm"
    },
    {
        "date": "2004-09-30",
        "symbol": "CBB",
        "reportedCurrency": "USD",
        "cik": "0000716133",
        "fillingDate": "2004-11-09",
        "acceptedDate": "2004-11-09 17:17:28",
        "calendarYear": "2004",
        "period": "Q3",
        "revenue": 307900000,
        "costOfRevenue": 118300000,
        "grossProfit": 189600000,
        "grossProfitRatio": 0.6157843456,
        "researchAndDevelopmentExpenses": 0,
        "generalAndAdministrativeExpenses": 0,
        "sellingAndMarketingExpenses": 0,
        "sellingGeneralAndAdministrativeExpenses": 107000000,
        "otherExpenses": 0,
        "operatingExpenses": 107000000,
        "costAndExpenses": 225300000,
        "interestIncome": 0,
        "interestExpense": 0,
        "depreciationAndAmortization": 51500000,
        "ebitda": 84000000,
        "ebitdaratio": 0.2728158493,
        "operatingIncome": 82600000,
        "operatingIncomeRatio": 0.2682689185,
        "totalOtherIncomeExpensesNet": -50100000,
        "incomeBeforeTax": 32500000,
        "incomeBeforeTaxRatio": 0.1055537512,
        "incomeTaxExpense": 15000000,
        "netIncome": 17500000,
        "netIncomeRatio": 0.0568366353,
        "eps": 0.36,
        "epsdiluted": 0.35,
        "weightedAverageShsOut": 49020000,
        "weightedAverageShsOutDil": 49840000,
        "link": "https://www.sec.gov/Archives/edgar/data/716133/000095015204008123/0000950152-04-008123-index.htm",
        "finalLink": "https://www.sec.gov/Archives/edgar/data/716133/000095015204008123/l10421ae10vq.htm"
    },
    {
        "date": "2004-06-30",
        "symbol": "CBB",
        "reportedCurrency": "USD",
        "cik": "0000716133",
        "fillingDate": "2004-08-09",
        "acceptedDate": "2004-08-09 16:08:25",
        "calendarYear": "2004",
        "period": "Q2",
        "revenue": 297000000,
        "costOfRevenue": 117600000,
        "grossProfit": 179400000,
        "grossProfitRatio": 0.604040404,
        "researchAndDevelopmentExpenses": 0,
        "generalAndAdministrativeExpenses": 0,
        "sellingAndMarketingExpenses": 0,
        "sellingGeneralAndAdministrativeExpenses": 99000000,
        "otherExpenses": 0,
        "operatingExpenses": 99000000,
        "costAndExpenses": 216600000,
        "interestIncome": 0,
        "interestExpense": 0,
        "depreciationAndAmortization": 45600000,
        "ebitda": 74300000,
        "ebitdaratio": 0.2501683502,
        "operatingIncome": 80400000,
        "operatingIncomeRatio": 0.2707070707,
        "totalOtherIncomeExpensesNet": -51700000,
        "incomeBeforeTax": 28700000,
        "incomeBeforeTaxRatio": 0.0966329966,
        "incomeTaxExpense": 13800000,
        "netIncome": 14900000,
        "netIncomeRatio": 0.0501683502,
        "eps": 0.3,
        "epsdiluted": 0.3,
        "weightedAverageShsOut": 49000000,
        "weightedAverageShsOutDil": 50080000,
        "link": "https://www.sec.gov/Archives/edgar/data/716133/000095015204006041/0000950152-04-006041-index.htm",
        "finalLink": "https://www.sec.gov/Archives/edgar/data/716133/000095015204006041/l09000ae10vq.htm"
    },
    {
        "date": "2004-03-31",
        "symbol": "CBB",
        "reportedCurrency": "USD",
        "cik": "0000716133",
        "fillingDate": "2004-05-10",
        "acceptedDate": "2004-05-10 16:24:53",
        "calendarYear": "2004",
        "period": "Q1",
        "revenue": 302400000,
        "costOfRevenue": 125700000,
        "grossProfit": 176700000,
        "grossProfitRatio": 0.5843253968,
        "researchAndDevelopmentExpenses": 0,
        "generalAndAdministrativeExpenses": 0,
        "sellingAndMarketingExpenses": 0,
        "sellingGeneralAndAdministrativeExpenses": 103700000,
        "otherExpenses": 0,
        "operatingExpenses": 103700000,
        "costAndExpenses": 229400000,
        "interestIncome": 0,
        "interestExpense": 0,
        "depreciationAndAmortization": 45700000,
        "ebitda": 67600000,
        "ebitdaratio": 0.2235449735,
        "operatingIncome": 73000000,
        "operatingIncomeRatio": 0.2414021164,
        "totalOtherIncomeExpensesNet": -51100000,
        "incomeBeforeTax": 21900000,
        "incomeBeforeTaxRatio": 0.0724206349,
        "incomeTaxExpense": 11000000,
        "netIncome": 10900000,
        "netIncomeRatio": 0.0360449735,
        "eps": 0.22,
        "epsdiluted": 0.21,
        "weightedAverageShsOut": 49000000,
        "weightedAverageShsOutDil": 50720000,
        "link": "https://www.sec.gov/Archives/edgar/data/716133/000095015204003814/0000950152-04-003814-index.htm",
        "finalLink": "https://www.sec.gov/Archives/edgar/data/716133/000095012304003619/l05535ae10vk.htm"
    },
    {
        "date": "2003-12-31",
        "symbol": "CBB",
        "reportedCurrency": "USD",
        "cik": "0000716133",
        "fillingDate": "2004-03-23",
        "acceptedDate": "2004-03-23 06:52:39",
        "calendarYear": "2003",
        "period": "Q4",
        "revenue": 311200000,
        "costOfRevenue": 76400000,
        "grossProfit": 234800000,
        "grossProfitRatio": 0.7544987147,
        "researchAndDevelopmentExpenses": 0,
        "generalAndAdministrativeExpenses": 0,
        "sellingAndMarketingExpenses": 0,
        "sellingGeneralAndAdministrativeExpenses": 123300000,
        "otherExpenses": 0,
        "operatingExpenses": 123300000,
        "costAndExpenses": 199700000,
        "interestIncome": 0,
        "interestExpense": 0,
        "depreciationAndAmortization": 48700000,
        "ebitda": 125500000,
        "ebitdaratio": 0.403277635,
        "operatingIncome": 111500000,
        "operatingIncomeRatio": 0.3582904884,
        "totalOtherIncomeExpensesNet": -34700000,
        "incomeBeforeTax": 76800000,
        "incomeBeforeTaxRatio": 0.2467866324,
        "incomeTaxExpense": -816700000,
        "netIncome": 893500000,
        "netIncomeRatio": 2.8711439589,
        "eps": 18.23,
        "epsdiluted": 18.23,
        "weightedAverageShsOut": 49000000,
        "weightedAverageShsOutDil": 49000000,
        "link": "https://www.sec.gov/Archives/edgar/data/716133/000095012304003619/0000950123-04-003619-index.htm",
        "finalLink": "https://www.sec.gov/Archives/edgar/data/716133/000095012304003619/l05535ae10vk.htm"
    },
    {
        "date": "2003-09-30",
        "symbol": "CBB",
        "reportedCurrency": "USD",
        "cik": "0000716133",
        "fillingDate": "2003-11-14",
        "acceptedDate": "2003-11-14 15:10:17",
        "calendarYear": "2003",
        "period": "Q3",
        "revenue": 315300000,
        "costOfRevenue": 124000000,
        "grossProfit": 191300000,
        "grossProfitRatio": 0.6067237552,
        "researchAndDevelopmentExpenses": 0,
        "generalAndAdministrativeExpenses": 0,
        "sellingAndMarketingExpenses": 0,
        "sellingGeneralAndAdministrativeExpenses": 61700000,
        "otherExpenses": 0,
        "operatingExpenses": 61700000,
        "costAndExpenses": 185700000,
        "interestIncome": 0,
        "interestExpense": 0,
        "depreciationAndAmortization": 39700000,
        "ebitda": 72300000,
        "ebitdaratio": 0.2293054234,
        "operatingIncome": 129600000,
        "operatingIncomeRatio": 0.4110371075,
        "totalOtherIncomeExpensesNet": -97000000,
        "incomeBeforeTax": 32600000,
        "incomeBeforeTaxRatio": 0.1033935934,
        "incomeTaxExpense": -12100000,
        "netIncome": 44700000,
        "netIncomeRatio": 0.1417697431,
        "eps": 0.99,
        "epsdiluted": 0.95,
        "weightedAverageShsOut": 45080000,
        "weightedAverageShsOutDil": 47040000,
        "link": "https://www.sec.gov/Archives/edgar/data/716133/000095015203009779/0000950152-03-009779-index.htm",
        "finalLink": "https://www.sec.gov/Archives/edgar/data/716133/000095015203009779/l04089ae10vq.htm"
    },
    {
        "date": "2003-06-30",
        "symbol": "CBB",
        "reportedCurrency": "USD",
        "cik": "0000716133",
        "fillingDate": "2003-08-14",
        "acceptedDate": "2003-08-14 16:50:35",
        "calendarYear": "2003",
        "period": "Q2",
        "revenue": 450600000,
        "costOfRevenue": 261700000,
        "grossProfit": 188900000,
        "grossProfitRatio": 0.4192188194,
        "researchAndDevelopmentExpenses": 0,
        "generalAndAdministrativeExpenses": 0,
        "sellingAndMarketingExpenses": 0,
        "sellingGeneralAndAdministrativeExpenses": -152200000,
        "otherExpenses": 0,
        "operatingExpenses": -152200000,
        "costAndExpenses": 109500000,
        "interestIncome": 0,
        "interestExpense": 0,
        "depreciationAndAmortization": 39800000,
        "ebitda": 307700000,
        "ebitdaratio": 0.6828672881,
        "operatingIncome": 341100000,
        "operatingIncomeRatio": 0.7569906791,
        "totalOtherIncomeExpensesNet": -73200000,
        "incomeBeforeTax": 267900000,
        "incomeBeforeTaxRatio": 0.5945406125,
        "incomeTaxExpense": -2000000,
        "netIncome": 269900000,
        "netIncomeRatio": 0.5989791389,
        "eps": 6.16,
        "epsdiluted": 5.42,
        "weightedAverageShsOut": 43780000,
        "weightedAverageShsOutDil": 49820000,
        "link": "https://www.sec.gov/Archives/edgar/data/716133/000104746903027776/0001047469-03-027776-index.htm",
        "finalLink": "https://www.sec.gov/Archives/edgar/data/716133/000104746903027776/a2116731z10-q.htm"
    },
    {
        "date": "2003-03-31",
        "symbol": "CBB",
        "reportedCurrency": "USD",
        "cik": "0000716133",
        "fillingDate": "2003-05-15",
        "acceptedDate": "2003-05-15 17:20:01",
        "calendarYear": "2003",
        "period": "Q1",
        "revenue": 480700000,
        "costOfRevenue": 219400000,
        "grossProfit": 261300000,
        "grossProfitRatio": 0.5435822758,
        "researchAndDevelopmentExpenses": 0,
        "generalAndAdministrativeExpenses": 0,
        "sellingAndMarketingExpenses": 0,
        "sellingGeneralAndAdministrativeExpenses": 162100000,
        "otherExpenses": 0,
        "operatingExpenses": 162100000,
        "costAndExpenses": 381500000,
        "interestIncome": 0,
        "interestExpense": 0,
        "depreciationAndAmortization": 41500000,
        "ebitda": 167300000,
        "ebitdaratio": 0.3480341169,
        "operatingIncome": 99200000,
        "operatingIncomeRatio": 0.2063657167,
        "totalOtherIncomeExpensesNet": -59300000,
        "incomeBeforeTax": 39900000,
        "incomeBeforeTaxRatio": 0.0830039526,
        "incomeTaxExpense": 2000000,
        "netIncome": 123800000,
        "netIncomeRatio": 0.2575410859,
        "eps": 2.83,
        "epsdiluted": 2.81,
        "weightedAverageShsOut": 43780000,
        "weightedAverageShsOutDil": 43980000,
        "link": "https://www.sec.gov/Archives/edgar/data/716133/000104746903018931/0001047469-03-018931-index.htm",
        "finalLink": "https://www.sec.gov/Archives/edgar/data/716133/000110465903005395/j8847_10k.htm"
    },
    {
        "date": "2002-12-31",
        "symbol": "CBB",
        "reportedCurrency": "USD",
        "cik": "0000716133",
        "fillingDate": "2003-03-31",
        "acceptedDate": "2003-03-31 09:59:47",
        "calendarYear": "2002",
        "period": "Q4",
        "revenue": 503100000,
        "costOfRevenue": 243700000,
        "grossProfit": 259400000,
        "grossProfitRatio": 0.5156032598,
        "researchAndDevelopmentExpenses": 0,
        "generalAndAdministrativeExpenses": 0,
        "sellingAndMarketingExpenses": 0,
        "sellingGeneralAndAdministrativeExpenses": 2444700000,
        "otherExpenses": 0,
        "operatingExpenses": 2444700000,
        "costAndExpenses": 2688400000,
        "interestIncome": 0,
        "interestExpense": 0,
        "depreciationAndAmortization": 125500000,
        "ebitda": -2143100000,
        "ebitdaratio": -4.2597893063,
        "operatingIncome": -2185300000,
        "operatingIncomeRatio": -4.3436692506,
        "totalOtherIncomeExpensesNet": -83300000,
        "incomeBeforeTax": -2268600000,
        "incomeBeforeTaxRatio": -4.5092426953,
        "incomeTaxExpense": 114800000,
        "netIncome": -2383400000,
        "netIncomeRatio": -4.7374279467,
        "eps": -54.44,
        "epsdiluted": -54.44,
        "weightedAverageShsOut": 43780000,
        "weightedAverageShsOutDil": 43780000,
        "link": "https://www.sec.gov/Archives/edgar/data/716133/000110465903005395/0001104659-03-005395-index.htm",
        "finalLink": "https://www.sec.gov/Archives/edgar/data/716133/000110465903005395/j8847_10k.htm"
    },
    {
        "date": "2002-09-30",
        "symbol": "CBB",
        "reportedCurrency": "USD",
        "cik": "0000716133",
        "fillingDate": "2002-11-14",
        "acceptedDate": "2002-11-14 17:49:32",
        "calendarYear": "2002",
        "period": "Q3",
        "revenue": 562900000,
        "costOfRevenue": 251800000,
        "grossProfit": 311100000,
        "grossProfitRatio": 0.5526736543,
        "researchAndDevelopmentExpenses": 0,
        "generalAndAdministrativeExpenses": 116500000,
        "sellingAndMarketingExpenses": 126800000,
        "sellingGeneralAndAdministrativeExpenses": 243300000,
        "otherExpenses": 0,
        "operatingExpenses": 243300000,
        "costAndExpenses": 495100000,
        "interestIncome": 0,
        "interestExpense": 0,
        "depreciationAndAmortization": 127000000,
        "ebitda": 130700000,
        "ebitdaratio": 0.2321904424,
        "operatingIncome": 67800000,
        "operatingIncomeRatio": 0.1204476816,
        "totalOtherIncomeExpensesNet": -64100000,
        "incomeBeforeTax": 3700000,
        "incomeBeforeTaxRatio": 0.0065731036,
        "incomeTaxExpense": -300000,
        "netIncome": 4000000,
        "netIncomeRatio": 0.0071060579,
        "eps": 0.0915,
        "epsdiluted": 0.0913,
        "weightedAverageShsOut": 43700000,
        "weightedAverageShsOutDil": 43800000,
        "link": "https://www.sec.gov/Archives/edgar/data/716133/000110465902006238/0001104659-02-006238-index.htm",
        "finalLink": "https://www.sec.gov/Archives/edgar/data/716133/000110465902006238/j5169_10q.htm"
    },
    {
        "date": "2002-06-30",
        "symbol": "CBB",
        "reportedCurrency": "USD",
        "cik": "0000716133",
        "fillingDate": "2002-08-13",
        "acceptedDate": "2002-08-13 16:40:48",
        "calendarYear": "2002",
        "period": "Q2",
        "revenue": 552500000,
        "costOfRevenue": 267600000,
        "grossProfit": 284900000,
        "grossProfitRatio": 0.5156561086,
        "researchAndDevelopmentExpenses": 0,
        "generalAndAdministrativeExpenses": 126800000,
        "sellingAndMarketingExpenses": 122200000,
        "sellingGeneralAndAdministrativeExpenses": 249000000,
        "otherExpenses": 0,
        "operatingExpenses": 249000000,
        "costAndExpenses": 516600000,
        "interestIncome": 0,
        "interestExpense": 0,
        "depreciationAndAmortization": 122200000,
        "ebitda": 103800000,
        "ebitdaratio": 0.1878733032,
        "operatingIncome": 35900000,
        "operatingIncomeRatio": 0.0649773756,
        "totalOtherIncomeExpensesNet": -54100000,
        "incomeBeforeTax": -18200000,
        "incomeBeforeTaxRatio": -0.0329411765,
        "incomeTaxExpense": 100000,
        "netIncome": -18500000,
        "netIncomeRatio": -0.0334841629,
        "eps": -0.42,
        "epsdiluted": -0.42,
        "weightedAverageShsOut": 43680000,
        "weightedAverageShsOutDil": 43680000,
        "link": "https://www.sec.gov/Archives/edgar/data/716133/000110465902003764/0001104659-02-003764-index.htm",
        "finalLink": "https://www.sec.gov/Archives/edgar/data/716133/000110465902003764/j4419_10q.htm"
    },
    {
        "date": "2002-03-31",
        "symbol": "CBB",
        "reportedCurrency": "USD",
        "cik": "0000716133",
        "fillingDate": "2002-05-15",
        "acceptedDate": "2002-05-15 16:29:40",
        "calendarYear": "2002",
        "period": "Q1",
        "revenue": 537400000,
        "costOfRevenue": 264600000,
        "grossProfit": 272800000,
        "grossProfitRatio": 0.5076293264,
        "researchAndDevelopmentExpenses": 0,
        "generalAndAdministrativeExpenses": 125800000,
        "sellingAndMarketingExpenses": 121600000,
        "sellingGeneralAndAdministrativeExpenses": 247400000,
        "otherExpenses": 0,
        "operatingExpenses": 247400000,
        "costAndExpenses": 512000000,
        "interestIncome": 0,
        "interestExpense": 0,
        "depreciationAndAmortization": 121600000,
        "ebitda": 297000000,
        "ebitdaratio": 0.5526609602,
        "operatingIncome": 25400000,
        "operatingIncomeRatio": 0.0472646074,
        "totalOtherIncomeExpensesNet": -67800000,
        "incomeBeforeTax": -42400000,
        "incomeBeforeTaxRatio": -0.0788983997,
        "incomeTaxExpense": -8900000,
        "netIncome": 184300000,
        "netIncomeRatio": 0.3429475251,
        "eps": 4.22,
        "epsdiluted": 4.22,
        "weightedAverageShsOut": 43640000,
        "weightedAverageShsOutDil": 43640000,
        "link": "https://www.sec.gov/Archives/edgar/data/716133/000110465902002569/0001104659-02-002569-index.htm",
        "finalLink": "https://www.sec.gov/Archives/edgar/data/716133/000091205702012260/a2072112z10-k.htm"
    },
    {
        "date": "2001-12-31",
        "symbol": "CBB",
        "reportedCurrency": "USD",
        "cik": "0000716133",
        "fillingDate": "2002-03-28",
        "acceptedDate": "2002-03-28 00:00:00",
        "calendarYear": "2001",
        "period": "Q4",
        "revenue": 566300000,
        "costOfRevenue": 292600000,
        "grossProfit": 273700000,
        "grossProfitRatio": 0.4833127318,
        "researchAndDevelopmentExpenses": 0,
        "generalAndAdministrativeExpenses": 130500000,
        "sellingAndMarketingExpenses": 149200000,
        "sellingGeneralAndAdministrativeExpenses": 279700000,
        "otherExpenses": 0,
        "operatingExpenses": 279700000,
        "costAndExpenses": 572300000,
        "interestIncome": 0,
        "interestExpense": 0,
        "depreciationAndAmortization": 149200000,
        "ebitda": -119900000,
        "ebitdaratio": -0.211725234,
        "operatingIncome": -6000000,
        "operatingIncomeRatio": -0.0105950909,
        "totalOtherIncomeExpensesNet": -263100000,
        "incomeBeforeTax": -269100000,
        "incomeBeforeTaxRatio": -0.4751898287,
        "incomeTaxExpense": -73500000,
        "netIncome": -195600000,
        "netIncomeRatio": -0.3453999647,
        "eps": -4.48,
        "epsdiluted": -4.48,
        "weightedAverageShsOut": 43640000,
        "weightedAverageShsOutDil": 43640000,
        "link": "https://www.sec.gov/Archives/edgar/data/716133/000091205702012260/0000912057-02-012260-index.htm",
        "finalLink": "https://www.sec.gov/Archives/edgar/data/716133/000091205702012260/a2072112z10-k.htm"
    },
    {
        "date": "2001-09-30",
        "symbol": "CBB",
        "reportedCurrency": "USD",
        "cik": "0000716133",
        "fillingDate": "2001-11-14",
        "acceptedDate": "2001-11-14 00:00:00",
        "calendarYear": "2001",
        "period": "Q3",
        "revenue": 597900000,
        "costOfRevenue": 295000000,
        "grossProfit": 302900000,
        "grossProfitRatio": 0.5066064559,
        "researchAndDevelopmentExpenses": 0,
        "generalAndAdministrativeExpenses": 137300000,
        "sellingAndMarketingExpenses": 143400000,
        "sellingGeneralAndAdministrativeExpenses": 280700000,
        "otherExpenses": 0,
        "operatingExpenses": 280700000,
        "costAndExpenses": 575700000,
        "interestIncome": 0,
        "interestExpense": 0,
        "depreciationAndAmortization": 143400000,
        "ebitda": 115100000,
        "ebitdaratio": 0.1925071082,
        "operatingIncome": 22200000,
        "operatingIncomeRatio": 0.0371299548,
        "totalOtherIncomeExpensesNet": -50500000,
        "incomeBeforeTax": -28300000,
        "incomeBeforeTaxRatio": -0.0473323298,
        "incomeTaxExpense": -400000,
        "netIncome": -27900000,
        "netIncomeRatio": -0.0466633216,
        "eps": -0.64,
        "epsdiluted": -0.64,
        "weightedAverageShsOut": 43560000,
        "weightedAverageShsOutDil": 43560000,
        "link": "https://www.sec.gov/Archives/edgar/data/716133/000110465901503244/0001104659-01-503244-index.htm",
        "finalLink": "https://www.sec.gov/Archives/edgar/data/716133/000110465901503244/j2384_10q.htm"
    },
    {
        "date": "2001-06-30",
        "symbol": "CBB",
        "reportedCurrency": "USD",
        "cik": "0000716133",
        "fillingDate": "2001-08-14",
        "acceptedDate": "2001-08-14 00:00:00",
        "calendarYear": "2001",
        "period": "Q2",
        "revenue": 608000000,
        "costOfRevenue": 291800000,
        "grossProfit": 316200000,
        "grossProfitRatio": 0.5200657895,
        "researchAndDevelopmentExpenses": 0,
        "generalAndAdministrativeExpenses": 154200000,
        "sellingAndMarketingExpenses": 134600000,
        "sellingGeneralAndAdministrativeExpenses": 288800000,
        "otherExpenses": 0,
        "operatingExpenses": 288800000,
        "costAndExpenses": 580600000,
        "interestIncome": 0,
        "interestExpense": 0,
        "depreciationAndAmortization": 134600000,
        "ebitda": 104500000,
        "ebitdaratio": 0.171875,
        "operatingIncome": 27400000,
        "operatingIncomeRatio": 0.0450657895,
        "totalOtherIncomeExpensesNet": -57500000,
        "incomeBeforeTax": -30100000,
        "incomeBeforeTaxRatio": -0.0495065789,
        "incomeTaxExpense": -1400000,
        "netIncome": -28700000,
        "netIncomeRatio": -0.0472039474,
        "eps": -0.66,
        "epsdiluted": -0.66,
        "weightedAverageShsOut": 43480000,
        "weightedAverageShsOutDil": 43480000,
        "link": "https://www.sec.gov/Archives/edgar/data/716133/000110465901501940/0001104659-01-501940-index.html",
        "finalLink": "https://www.sec.gov/Archives/edgar/data/716133/000110465901501940/j1179_10q.htm"
    },
    {
        "date": "2001-03-31",
        "symbol": "CBB",
        "reportedCurrency": "USD",
        "cik": "0000716133",
        "fillingDate": "2001-05-15",
        "acceptedDate": "2001-05-15 00:00:00",
        "calendarYear": "2001",
        "period": "Q1",
        "revenue": 578300000,
        "costOfRevenue": 280000000,
        "grossProfit": 298300000,
        "grossProfitRatio": 0.5158222376,
        "researchAndDevelopmentExpenses": 0,
        "generalAndAdministrativeExpenses": 143600000,
        "sellingAndMarketingExpenses": 127700000,
        "sellingGeneralAndAdministrativeExpenses": 271300000,
        "otherExpenses": 0,
        "operatingExpenses": 271300000,
        "costAndExpenses": 551300000,
        "interestIncome": 0,
        "interestExpense": 0,
        "depreciationAndAmortization": 127700000,
        "ebitda": 88800000,
        "ebitdaratio": 0.1535535189,
        "operatingIncome": 27000000,
        "operatingIncomeRatio": 0.0466885699,
        "totalOtherIncomeExpensesNet": -65900000,
        "incomeBeforeTax": -38900000,
        "incomeBeforeTaxRatio": -0.0672661248,
        "incomeTaxExpense": -4900000,
        "netIncome": -34000000,
        "netIncomeRatio": -0.058793014,
        "eps": -0.79,
        "epsdiluted": -0.79,
        "weightedAverageShsOut": 43280000,
        "weightedAverageShsOutDil": 43280000,
        "link": "https://www.sec.gov/Archives/edgar/data/716133/000091205701515530/0000912057-01-515530-index.html",
        "finalLink": "https://www.sec.gov/Archives/edgar/data/716133/000091205701515530/a2048723z10-q.txt"
    },
    {
        "date": "2000-12-31",
        "symbol": "CBB",
        "reportedCurrency": "USD",
        "cik": "0000716133",
        "fillingDate": "2001-03-16",
        "acceptedDate": "2001-03-16 00:00:00",
        "calendarYear": "2000",
        "period": "Q4",
        "revenue": 557600000,
        "costOfRevenue": 266300000,
        "grossProfit": 291300000,
        "grossProfitRatio": 0.5224175036,
        "researchAndDevelopmentExpenses": 0,
        "generalAndAdministrativeExpenses": 145400000,
        "sellingAndMarketingExpenses": 122600000,
        "sellingGeneralAndAdministrativeExpenses": 268000000,
        "otherExpenses": 0,
        "operatingExpenses": 268000000,
        "costAndExpenses": 534300000,
        "interestIncome": 0,
        "interestExpense": 0,
        "depreciationAndAmortization": 122600000,
        "ebitda": -304900000,
        "ebitdaratio": -0.5468077475,
        "operatingIncome": 23300000,
        "operatingIncomeRatio": 0.0417862267,
        "totalOtherIncomeExpensesNet": -449800000,
        "incomeBeforeTax": -426500000,
        "incomeBeforeTaxRatio": -0.7648852224,
        "incomeTaxExpense": -158500000,
        "netIncome": -269000000,
        "netIncomeRatio": -0.4824246772,
        "eps": -6.22,
        "epsdiluted": -6.22,
        "weightedAverageShsOut": 43280000,
        "weightedAverageShsOutDil": 43280000,
        "link": "https://www.sec.gov/Archives/edgar/data/716133/000091205701007675/0000912057-01-007675-index.html",
        "finalLink": "https://www.sec.gov/Archives/edgar/data/716133/000091205701007675/a2041097z10-k.txt"
    },
    {
        "date": "2000-09-30",
        "symbol": "CBB",
        "reportedCurrency": "USD",
        "cik": "0000716133",
        "fillingDate": "2000-11-14",
        "acceptedDate": "2000-11-14 00:00:00",
        "calendarYear": "2000",
        "period": "Q3",
        "revenue": 531300000,
        "costOfRevenue": 251600000,
        "grossProfit": 279700000,
        "grossProfitRatio": 0.5264445699,
        "researchAndDevelopmentExpenses": 0,
        "generalAndAdministrativeExpenses": 142300000,
        "sellingAndMarketingExpenses": 117300000,
        "sellingGeneralAndAdministrativeExpenses": 259600000,
        "otherExpenses": 0,
        "operatingExpenses": 259600000,
        "costAndExpenses": 511200000,
        "interestIncome": 0,
        "interestExpense": 0,
        "depreciationAndAmortization": 117300000,
        "ebitda": 104300000,
        "ebitdaratio": 0.1963109354,
        "operatingIncome": 20100000,
        "operatingIncomeRatio": 0.0378317335,
        "totalOtherIncomeExpensesNet": -33200000,
        "incomeBeforeTax": -13100000,
        "incomeBeforeTaxRatio": -0.0246565029,
        "incomeTaxExpense": 10300000,
        "netIncome": -23300000,
        "netIncomeRatio": -0.043854696,
        "eps": -0.54,
        "epsdiluted": -0.54,
        "weightedAverageShsOut": 43020000,
        "weightedAverageShsOutDil": 43020000,
        "link": "https://www.sec.gov/Archives/edgar/data/716133/000091205700049628/0000912057-00-049628-index.html",
        "finalLink": "https://www.sec.gov/Archives/edgar/data/716133/000091205700049628/a2029194z10-q.txt"
    },
    {
        "date": "2000-06-30",
        "symbol": "CBB",
        "reportedCurrency": "USD",
        "cik": "0000716133",
        "fillingDate": "2000-08-14",
        "acceptedDate": "2000-08-14 00:00:00",
        "calendarYear": "2000",
        "period": "Q2",
        "revenue": 500000000,
        "costOfRevenue": 231300000,
        "grossProfit": 268700000,
        "grossProfitRatio": 0.5374,
        "researchAndDevelopmentExpenses": 0,
        "generalAndAdministrativeExpenses": 139000000,
        "sellingAndMarketingExpenses": 109200000,
        "sellingGeneralAndAdministrativeExpenses": 248200000,
        "otherExpenses": 0,
        "operatingExpenses": 248200000,
        "costAndExpenses": 479500000,
        "interestIncome": 0,
        "interestExpense": 0,
        "depreciationAndAmortization": 109200000,
        "ebitda": 74800000,
        "ebitdaratio": 0.1496,
        "operatingIncome": 20500000,
        "operatingIncomeRatio": 0.041,
        "totalOtherIncomeExpensesNet": -55100000,
        "incomeBeforeTax": -34600000,
        "incomeBeforeTaxRatio": -0.0692,
        "incomeTaxExpense": -5100000,
        "netIncome": -29300000,
        "netIncomeRatio": -0.0586,
        "eps": -0.68,
        "epsdiluted": -0.68,
        "weightedAverageShsOut": 42780000,
        "weightedAverageShsOutDil": 42780000,
        "link": "https://www.sec.gov/Archives/edgar/data/716133/000091205700037063/0000912057-00-037063-index.html",
        "finalLink": "https://www.sec.gov/Archives/edgar/data/716133/000091205700037063/a10-q.txt"
    },
    {
        "date": "2000-03-31",
        "symbol": "CBB",
        "reportedCurrency": "USD",
        "cik": "0000716133",
        "fillingDate": "2000-05-15",
        "acceptedDate": "2000-05-15 00:00:00",
        "calendarYear": "2000",
        "period": "Q1",
        "revenue": 470200000,
        "costOfRevenue": 226200000,
        "grossProfit": 244000000,
        "grossProfitRatio": 0.5189281157,
        "researchAndDevelopmentExpenses": 0,
        "generalAndAdministrativeExpenses": 158900000,
        "sellingAndMarketingExpenses": 110600000,
        "sellingGeneralAndAdministrativeExpenses": 269500000,
        "otherExpenses": 0,
        "operatingExpenses": 269500000,
        "costAndExpenses": 495700000,
        "interestIncome": 0,
        "interestExpense": 0,
        "depreciationAndAmortization": 110600000,
        "ebitda": 42800000,
        "ebitdaratio": 0.0910250957,
        "operatingIncome": -25500000,
        "operatingIncomeRatio": -0.0542322416,
        "totalOtherIncomeExpensesNet": -42300000,
        "incomeBeforeTax": -67800000,
        "incomeBeforeTaxRatio": -0.14419396,
        "incomeTaxExpense": -12400000,
        "netIncome": -55400000,
        "netIncomeRatio": -0.1178222033,
        "eps": -1.37,
        "epsdiluted": -1.37,
        "weightedAverageShsOut": 40460000,
        "weightedAverageShsOutDil": 40460000,
        "link": "https://www.sec.gov/Archives/edgar/data/716133/000091205700024829/0000912057-00-024829-index.html",
        "finalLink": "https://www.sec.gov/Archives/edgar/data/716133/0000912057-00-024829.txt"
    },
    {
        "date": "1999-12-31",
        "symbol": "CBB",
        "reportedCurrency": "USD",
        "cik": "0000716133",
        "fillingDate": "1999-12-31",
        "acceptedDate": "1999-12-30 19:00:00",
        "calendarYear": "1999",
        "period": "Q4",
        "revenue": 373100000,
        "costOfRevenue": 175500000,
        "grossProfit": 197600000,
        "grossProfitRatio": 0.5296167247,
        "researchAndDevelopmentExpenses": 0,
        "generalAndAdministrativeExpenses": 115300000,
        "sellingAndMarketingExpenses": 82800000,
        "sellingGeneralAndAdministrativeExpenses": 198100000,
        "otherExpenses": 0,
        "operatingExpenses": 198100000,
        "costAndExpenses": 373600000,
        "interestIncome": 0,
        "interestExpense": 0,
        "depreciationAndAmortization": 82800000,
        "ebitda": 17700000,
        "ebitdaratio": 0.0474403645,
        "operatingIncome": -500000,
        "operatingIncomeRatio": -0.0013401233,
        "totalOtherIncomeExpensesNet": -58000000,
        "incomeBeforeTax": -58500000,
        "incomeBeforeTaxRatio": -0.1567944251,
        "incomeTaxExpense": -13700000,
        "netIncome": -51400000,
        "netIncomeRatio": -0.1377646744,
        "eps": -1.27,
        "epsdiluted": -1.27,
        "weightedAverageShsOut": 40460000,
        "weightedAverageShsOutDil": 40460000,
        "link": "",
        "finalLink": ""
    },
    {
        "date": "1999-09-30",
        "symbol": "CBB",
        "reportedCurrency": "USD",
        "cik": "0000716133",
        "fillingDate": "1999-11-15",
        "acceptedDate": "1999-11-15 00:00:00",
        "calendarYear": "1999",
        "period": "Q3",
        "revenue": 262400000,
        "costOfRevenue": 112600000,
        "grossProfit": 149800000,
        "grossProfitRatio": 0.5708841463,
        "researchAndDevelopmentExpenses": 0,
        "generalAndAdministrativeExpenses": 58200000,
        "sellingAndMarketingExpenses": 33300000,
        "sellingGeneralAndAdministrativeExpenses": 91500000,
        "otherExpenses": 0,
        "operatingExpenses": 91500000,
        "costAndExpenses": 204100000,
        "interestIncome": 0,
        "interestExpense": 0,
        "depreciationAndAmortization": 33300000,
        "ebitda": 79900000,
        "ebitdaratio": 0.3044969512,
        "operatingIncome": 58300000,
        "operatingIncomeRatio": 0.222179878,
        "totalOtherIncomeExpensesNet": -11700000,
        "incomeBeforeTax": 46600000,
        "incomeBeforeTaxRatio": 0.1775914634,
        "incomeTaxExpense": 16800000,
        "netIncome": 29800000,
        "netIncomeRatio": 0.1135670732,
        "eps": 1.1,
        "epsdiluted": 1.1,
        "weightedAverageShsOut": 27090909,
        "weightedAverageShsOutDil": 27090909,
        "link": "https://www.sec.gov/Archives/edgar/data/716133/000091205799006032/0000912057-99-006032-index.html",
        "finalLink": "https://www.sec.gov/Archives/edgar/data/716133/0000912057-99-006032.txt"
    },
    {
        "date": "1999-06-30",
        "symbol": "CBB",
        "reportedCurrency": "USD",
        "cik": "0000716133",
        "fillingDate": "1999-08-16",
        "acceptedDate": "1999-08-16 00:00:00",
        "calendarYear": "1999",
        "period": "Q2",
        "revenue": 253600000,
        "costOfRevenue": 109800000,
        "grossProfit": 143800000,
        "grossProfitRatio": 0.5670347003,
        "researchAndDevelopmentExpenses": 0,
        "generalAndAdministrativeExpenses": 58100000,
        "sellingAndMarketingExpenses": 32600000,
        "sellingGeneralAndAdministrativeExpenses": 90700000,
        "otherExpenses": 0,
        "operatingExpenses": 90700000,
        "costAndExpenses": 200500000,
        "interestIncome": 0,
        "interestExpense": 0,
        "depreciationAndAmortization": 32600000,
        "ebitda": 76900000,
        "ebitdaratio": 0.3032334385,
        "operatingIncome": 53100000,
        "operatingIncomeRatio": 0.209384858,
        "totalOtherIncomeExpensesNet": -8800000,
        "incomeBeforeTax": 44300000,
        "incomeBeforeTaxRatio": 0.1746845426,
        "incomeTaxExpense": 16000000,
        "netIncome": 28300000,
        "netIncomeRatio": 0.1115930599,
        "eps": 1.05,
        "epsdiluted": 1,
        "weightedAverageShsOut": 26952381,
        "weightedAverageShsOutDil": 28300000,
        "link": "https://www.sec.gov/Archives/edgar/data/716133/000104746999032294/0001047469-99-032294-index.html",
        "finalLink": "https://www.sec.gov/Archives/edgar/data/716133/0001047469-99-032294.txt"
    },
    {
        "date": "1999-03-31",
        "symbol": "CBB",
        "reportedCurrency": "USD",
        "cik": "0000716133",
        "fillingDate": "1999-03-31",
        "acceptedDate": "1999-03-30 19:00:00",
        "calendarYear": "1999",
        "period": "Q1",
        "revenue": 242200000,
        "costOfRevenue": 109500000,
        "grossProfit": 132700000,
        "grossProfitRatio": 0.5478943022,
        "researchAndDevelopmentExpenses": 0,
        "generalAndAdministrativeExpenses": 55100000,
        "sellingAndMarketingExpenses": 32300000,
        "sellingGeneralAndAdministrativeExpenses": 87400000,
        "otherExpenses": 0,
        "operatingExpenses": 87400000,
        "costAndExpenses": 196900000,
        "interestIncome": 0,
        "interestExpense": 0,
        "depreciationAndAmortization": 32300000,
        "ebitda": 71200000,
        "ebitdaratio": 0.293971924,
        "operatingIncome": 45300000,
        "operatingIncomeRatio": 0.1870355078,
        "totalOtherIncomeExpensesNet": -6400000,
        "incomeBeforeTax": 38900000,
        "incomeBeforeTaxRatio": 0.1606110652,
        "incomeTaxExpense": 14200000,
        "netIncome": 24700000,
        "netIncomeRatio": 0.1019818332,
        "eps": 0.9,
        "epsdiluted": 0.9,
        "weightedAverageShsOut": 27444444,
        "weightedAverageShsOutDil": 27444444,
        "link": "",
        "finalLink": ""
    },
    {
        "date": "1998-12-31",
        "symbol": "CBB",
        "reportedCurrency": "USD",
        "cik": "0000716133",
        "fillingDate": "1998-12-31",
        "acceptedDate": "1998-12-30 19:00:00",
        "calendarYear": "1998",
        "period": "Q4",
        "revenue": -768600000,
        "costOfRevenue": -584900000,
        "grossProfit": -183700000,
        "grossProfitRatio": 0.2390059849,
        "researchAndDevelopmentExpenses": 0,
        "generalAndAdministrativeExpenses": -65300000,
        "sellingAndMarketingExpenses": 0,
        "sellingGeneralAndAdministrativeExpenses": -109100000,
        "otherExpenses": 0,
        "operatingExpenses": -109100000,
        "costAndExpenses": -694000000,
        "interestIncome": 0,
        "interestExpense": 0,
        "depreciationAndAmortization": -43800000,
        "ebitda": -23500000,
        "ebitdaratio": 0.0305750716,
        "operatingIncome": -74600000,
        "operatingIncomeRatio": 0.0970595889,
        "totalOtherIncomeExpensesNet": 26800000,
        "incomeBeforeTax": -47800000,
        "incomeBeforeTaxRatio": 0.0621909966,
        "incomeTaxExpense": -15900000,
        "netIncome": 36200000,
        "netIncomeRatio": -0.0470986209,
        "eps": 1.32,
        "epsdiluted": 1.32,
        "weightedAverageShsOut": 27444444,
        "weightedAverageShsOutDil": 27444444,
        "link": "",
        "finalLink": ""
    },
    {
        "date": "1998-09-30",
        "symbol": "CBB",
        "reportedCurrency": "USD",
        "cik": "0000716133",
        "fillingDate": "1998-11-16",
        "acceptedDate": "1998-11-16 00:00:00",
        "calendarYear": "1998",
        "period": "Q3",
        "revenue": 578400000,
        "costOfRevenue": 334700000,
        "grossProfit": 243700000,
        "grossProfitRatio": 0.4213347165,
        "researchAndDevelopmentExpenses": 0,
        "generalAndAdministrativeExpenses": 92000000,
        "sellingAndMarketingExpenses": 56200000,
        "sellingGeneralAndAdministrativeExpenses": 148200000,
        "otherExpenses": 0,
        "operatingExpenses": 148200000,
        "costAndExpenses": 482900000,
        "interestIncome": 0,
        "interestExpense": 0,
        "depreciationAndAmortization": 56200000,
        "ebitda": 131400000,
        "ebitdaratio": 0.2271784232,
        "operatingIncome": 95500000,
        "operatingIncomeRatio": 0.1651106501,
        "totalOtherIncomeExpensesNet": -20300000,
        "incomeBeforeTax": 75200000,
        "incomeBeforeTaxRatio": 0.1300138313,
        "incomeTaxExpense": 26800000,
        "netIncome": 48400000,
        "netIncomeRatio": 0.0836791148,
        "eps": 1.8,
        "epsdiluted": 1.75,
        "weightedAverageShsOut": 26888889,
        "weightedAverageShsOutDil": 27657143,
        "link": "https://www.sec.gov/Archives/edgar/data/716133/000104746998041280/0001047469-98-041280-index.html",
        "finalLink": "https://www.sec.gov/Archives/edgar/data/716133/0001047469-98-041280.txt"
    },
    {
        "date": "1998-06-30",
        "symbol": "CBB",
        "reportedCurrency": "USD",
        "cik": "0000716133",
        "fillingDate": "1998-08-12",
        "acceptedDate": "1998-08-12 00:00:00",
        "calendarYear": "1998",
        "period": "Q2",
        "revenue": 567200000,
        "costOfRevenue": 344700000,
        "grossProfit": 222500000,
        "grossProfitRatio": 0.3922778561,
        "researchAndDevelopmentExpenses": 0,
        "generalAndAdministrativeExpenses": 85200000,
        "sellingAndMarketingExpenses": 53500000,
        "sellingGeneralAndAdministrativeExpenses": 138700000,
        "otherExpenses": 0,
        "operatingExpenses": 138700000,
        "costAndExpenses": 483400000,
        "interestIncome": 0,
        "interestExpense": 0,
        "depreciationAndAmortization": 53500000,
        "ebitda": 118900000,
        "ebitdaratio": 0.2096262341,
        "operatingIncome": 83800000,
        "operatingIncomeRatio": 0.1477433004,
        "totalOtherIncomeExpensesNet": -18400000,
        "incomeBeforeTax": 65400000,
        "incomeBeforeTaxRatio": 0.115303244,
        "incomeTaxExpense": 22900000,
        "netIncome": 42500000,
        "netIncomeRatio": 0.0749294781,
        "eps": 1.55,
        "epsdiluted": 1.55,
        "weightedAverageShsOut": 27419355,
        "weightedAverageShsOutDil": 27419355,
        "link": "https://www.sec.gov/Archives/edgar/data/716133/000104746998030719/0001047469-98-030719-index.html",
        "finalLink": "https://www.sec.gov/Archives/edgar/data/716133/0001047469-98-030719.txt"
    },
    {
        "date": "1998-03-31",
        "symbol": "CBB",
        "reportedCurrency": "USD",
        "cik": "0000716133",
        "fillingDate": "1998-05-14",
        "acceptedDate": "1998-05-14 00:00:00",
        "calendarYear": "1998",
        "period": "Q1",
        "revenue": 508100000,
        "costOfRevenue": 294100000,
        "grossProfit": 214000000,
        "grossProfitRatio": 0.4211769337,
        "researchAndDevelopmentExpenses": 0,
        "generalAndAdministrativeExpenses": 83700000,
        "sellingAndMarketingExpenses": 45200000,
        "sellingGeneralAndAdministrativeExpenses": 128900000,
        "otherExpenses": 0,
        "operatingExpenses": 128900000,
        "costAndExpenses": 423000000,
        "interestIncome": 0,
        "interestExpense": 0,
        "depreciationAndAmortization": 45200000,
        "ebitda": 78500000,
        "ebitdaratio": 0.1544971462,
        "operatingIncome": 85100000,
        "operatingIncomeRatio": 0.1674867152,
        "totalOtherIncomeExpensesNet": -51800000,
        "incomeBeforeTax": 33300000,
        "incomeBeforeTaxRatio": 0.0655382799,
        "incomeTaxExpense": 10500000,
        "netIncome": 22800000,
        "netIncomeRatio": 0.0448730565,
        "eps": 0.85,
        "epsdiluted": 0.8,
        "weightedAverageShsOut": 26823529,
        "weightedAverageShsOutDil": 28500000,
        "link": "https://www.sec.gov/Archives/edgar/data/716133/000104746998020154/0001047469-98-020154-index.html",
        "finalLink": "https://www.sec.gov/Archives/edgar/data/716133/0001047469-98-020154.txt"
    },
    {
        "date": "1997-12-31",
        "symbol": "CBB",
        "reportedCurrency": "USD",
        "cik": "0000716133",
        "fillingDate": "1997-12-31",
        "acceptedDate": "1997-12-30 19:00:00",
        "calendarYear": "1997",
        "period": "Q4",
        "revenue": 461000000,
        "costOfRevenue": 232500000,
        "grossProfit": 228500000,
        "grossProfitRatio": 0.4956616052,
        "researchAndDevelopmentExpenses": 0,
        "generalAndAdministrativeExpenses": 74700000,
        "sellingAndMarketingExpenses": 48200000,
        "sellingGeneralAndAdministrativeExpenses": 122900000,
        "otherExpenses": 0,
        "operatingExpenses": 122900000,
        "costAndExpenses": 355400000,
        "interestIncome": 0,
        "interestExpense": 0,
        "depreciationAndAmortization": 48200000,
        "ebitda": -115300000,
        "ebitdaratio": -0.2501084599,
        "operatingIncome": 105600000,
        "operatingIncomeRatio": 0.2290672451,
        "totalOtherIncomeExpensesNet": -59100000,
        "incomeBeforeTax": 46500000,
        "incomeBeforeTaxRatio": 0.100867679,
        "incomeTaxExpense": 16100000,
        "netIncome": -179600000,
        "netIncomeRatio": -0.3895878525,
        "eps": -6.7,
        "epsdiluted": -6.7,
        "weightedAverageShsOut": 26823529,
        "weightedAverageShsOutDil": 26823529,
        "link": "",
        "finalLink": ""
    },
    {
        "date": "1997-09-30",
        "symbol": "CBB",
        "reportedCurrency": "USD",
        "cik": "0000716133",
        "fillingDate": "1997-11-13",
        "acceptedDate": "1997-11-13 00:00:00",
        "calendarYear": "1997",
        "period": "Q3",
        "revenue": 433200000,
        "costOfRevenue": 226100000,
        "grossProfit": 207100000,
        "grossProfitRatio": 0.4780701754,
        "researchAndDevelopmentExpenses": 0,
        "generalAndAdministrativeExpenses": 77900000,
        "sellingAndMarketingExpenses": 47400000,
        "sellingGeneralAndAdministrativeExpenses": 125300000,
        "otherExpenses": 0,
        "operatingExpenses": 125300000,
        "costAndExpenses": 351400000,
        "interestIncome": 0,
        "interestExpense": 0,
        "depreciationAndAmortization": 47400000,
        "ebitda": 126100000,
        "ebitdaratio": 0.291089566,
        "operatingIncome": 81800000,
        "operatingIncomeRatio": 0.1888273315,
        "totalOtherIncomeExpensesNet": -3100000,
        "incomeBeforeTax": 78700000,
        "incomeBeforeTaxRatio": 0.1816712835,
        "incomeTaxExpense": 26900000,
        "netIncome": 51800000,
        "netIncomeRatio": 0.1195752539,
        "eps": 1.9,
        "epsdiluted": 1.9,
        "weightedAverageShsOut": 27263158,
        "weightedAverageShsOutDil": 27263158,
        "link": "https://www.sec.gov/Archives/edgar/data/716133/000104746997004364/0001047469-97-004364-index.html",
        "finalLink": "https://www.sec.gov/Archives/edgar/data/716133/0001047469-97-004364.txt"
    },
    {
        "date": "1997-06-30",
        "symbol": "CBB",
        "reportedCurrency": "USD",
        "cik": "0000716133",
        "fillingDate": "1997-08-08",
        "acceptedDate": "1997-08-08 00:00:00",
        "calendarYear": "1997",
        "period": "Q2",
        "revenue": 433100000,
        "costOfRevenue": 240600000,
        "grossProfit": 192500000,
        "grossProfitRatio": 0.4444700993,
        "researchAndDevelopmentExpenses": 0,
        "generalAndAdministrativeExpenses": 65300000,
        "sellingAndMarketingExpenses": 45600000,
        "sellingGeneralAndAdministrativeExpenses": 110900000,
        "otherExpenses": 0,
        "operatingExpenses": 110900000,
        "costAndExpenses": 351500000,
        "interestIncome": 0,
        "interestExpense": 0,
        "depreciationAndAmortization": 45600000,
        "ebitda": 129000000,
        "ebitdaratio": 0.2978526899,
        "operatingIncome": 81600000,
        "operatingIncomeRatio": 0.1884091434,
        "totalOtherIncomeExpensesNet": 1800000,
        "incomeBeforeTax": 83400000,
        "incomeBeforeTaxRatio": 0.1925652274,
        "incomeTaxExpense": 29200000,
        "netIncome": 54200000,
        "netIncomeRatio": 0.1251443085,
        "eps": 2,
        "epsdiluted": 1.95,
        "weightedAverageShsOut": 27100000,
        "weightedAverageShsOutDil": 27794872,
        "link": "https://www.sec.gov/Archives/edgar/data/716133/000091205797026690/0000912057-97-026690-index.html",
        "finalLink": "https://www.sec.gov/Archives/edgar/data/716133/0000912057-97-026690.txt"
    },
    {
        "date": "1997-03-31",
        "symbol": "CBB",
        "reportedCurrency": "USD",
        "cik": "0000716133",
        "fillingDate": "1997-05-14",
        "acceptedDate": "1997-05-14 00:00:00",
        "calendarYear": "1997",
        "period": "Q1",
        "revenue": 429500000,
        "costOfRevenue": 236000000,
        "grossProfit": 193500000,
        "grossProfitRatio": 0.450523865,
        "researchAndDevelopmentExpenses": 0,
        "generalAndAdministrativeExpenses": 70800000,
        "sellingAndMarketingExpenses": 44200000,
        "sellingGeneralAndAdministrativeExpenses": 115000000,
        "otherExpenses": 0,
        "operatingExpenses": 115000000,
        "costAndExpenses": 351000000,
        "interestIncome": 0,
        "interestExpense": 0,
        "depreciationAndAmortization": 44200000,
        "ebitda": 132500000,
        "ebitdaratio": 0.3084982538,
        "operatingIncome": 78500000,
        "operatingIncomeRatio": 0.1827706636,
        "totalOtherIncomeExpensesNet": 9800000,
        "incomeBeforeTax": 88300000,
        "incomeBeforeTaxRatio": 0.2055878929,
        "incomeTaxExpense": 31100000,
        "netIncome": 57200000,
        "netIncomeRatio": 0.1331781141,
        "eps": 2.1,
        "epsdiluted": 2.1,
        "weightedAverageShsOut": 27238095,
        "weightedAverageShsOutDil": 27238095,
        "link": "https://www.sec.gov/Archives/edgar/data/716133/000091205797017604/0000912057-97-017604-index.html",
        "finalLink": "https://www.sec.gov/Archives/edgar/data/716133/0000912057-97-017604.txt"
    },
    {
        "date": "1996-12-31",
        "symbol": "CBB",
        "reportedCurrency": "USD",
        "cik": "0000716133",
        "fillingDate": "1997-03-27",
        "acceptedDate": "1997-03-27 00:00:00",
        "calendarYear": "1996",
        "period": "Q4",
        "revenue": 432400000,
        "costOfRevenue": 240300000,
        "grossProfit": 192100000,
        "grossProfitRatio": 0.4442645698,
        "researchAndDevelopmentExpenses": 0,
        "generalAndAdministrativeExpenses": 75600000,
        "sellingAndMarketingExpenses": 45200000,
        "sellingGeneralAndAdministrativeExpenses": 120800000,
        "otherExpenses": 0,
        "operatingExpenses": 120800000,
        "costAndExpenses": 361100000,
        "interestIncome": 0,
        "interestExpense": 0,
        "depreciationAndAmortization": 45200000,
        "ebitda": 123600000,
        "ebitdaratio": 0.2858464385,
        "operatingIncome": 71300000,
        "operatingIncomeRatio": 0.164893617,
        "totalOtherIncomeExpensesNet": 7100000,
        "incomeBeforeTax": 78400000,
        "incomeBeforeTaxRatio": 0.1813135985,
        "incomeTaxExpense": 26800000,
        "netIncome": 51600000,
        "netIncomeRatio": 0.11933395,
        "eps": 1.89,
        "epsdiluted": 1.89,
        "weightedAverageShsOut": 27238095,
        "weightedAverageShsOutDil": 27238095,
        "link": "https://www.sec.gov/Archives/edgar/data/716133/000091205797010511/0000912057-97-010511-index.html",
        "finalLink": "https://www.sec.gov/Archives/edgar/data/716133/0000912057-97-010511.txt"
    },
    {
        "date": "1996-09-30",
        "symbol": "CBB",
        "reportedCurrency": "USD",
        "cik": "0000716133",
        "fillingDate": "1996-11-13",
        "acceptedDate": "1996-11-13 00:00:00",
        "calendarYear": "1996",
        "period": "Q3",
        "revenue": 403200000,
        "costOfRevenue": 220300000,
        "grossProfit": 182900000,
        "grossProfitRatio": 0.4536210317,
        "researchAndDevelopmentExpenses": 0,
        "generalAndAdministrativeExpenses": 70200000,
        "sellingAndMarketingExpenses": 43300000,
        "sellingGeneralAndAdministrativeExpenses": 113500000,
        "otherExpenses": 0,
        "operatingExpenses": 113500000,
        "costAndExpenses": 333800000,
        "interestIncome": 0,
        "interestExpense": 0,
        "depreciationAndAmortization": 43300000,
        "ebitda": 116000000,
        "ebitdaratio": 0.2876984127,
        "operatingIncome": 69400000,
        "operatingIncomeRatio": 0.1721230159,
        "totalOtherIncomeExpensesNet": 3300000,
        "incomeBeforeTax": 72700000,
        "incomeBeforeTaxRatio": 0.1803075397,
        "incomeTaxExpense": 25800000,
        "netIncome": 46900000,
        "netIncomeRatio": 0.1163194444,
        "eps": 1.75,
        "epsdiluted": 1.7,
        "weightedAverageShsOut": 26800000,
        "weightedAverageShsOutDil": 27588235,
        "link": "https://www.sec.gov/Archives/edgar/data/716133/000091205796025876/0000912057-96-025876-index.html",
        "finalLink": "https://www.sec.gov/Archives/edgar/data/716133/0000912057-96-025876.txt"
    },
    {
        "date": "1996-06-30",
        "symbol": "CBB",
        "reportedCurrency": "USD",
        "cik": "0000716133",
        "fillingDate": "1996-08-14",
        "acceptedDate": "1996-08-14 00:00:00",
        "calendarYear": "1996",
        "period": "Q2",
        "revenue": 376000000,
        "costOfRevenue": 201800000,
        "grossProfit": 174200000,
        "grossProfitRatio": 0.4632978723,
        "researchAndDevelopmentExpenses": 0,
        "generalAndAdministrativeExpenses": 62800000,
        "sellingAndMarketingExpenses": 42400000,
        "sellingGeneralAndAdministrativeExpenses": 105200000,
        "otherExpenses": 0,
        "operatingExpenses": 105200000,
        "costAndExpenses": 307000000,
        "interestIncome": 0,
        "interestExpense": 0,
        "depreciationAndAmortization": 42400000,
        "ebitda": 111500000,
        "ebitdaratio": 0.2965425532,
        "operatingIncome": 69000000,
        "operatingIncomeRatio": 0.1835106383,
        "totalOtherIncomeExpensesNet": 100000,
        "incomeBeforeTax": 69100000,
        "incomeBeforeTaxRatio": 0.1837765957,
        "incomeTaxExpense": 24300000,
        "netIncome": 44800000,
        "netIncomeRatio": 0.1191489362,
        "eps": 1.6,
        "epsdiluted": 1.6,
        "weightedAverageShsOut": 28000000,
        "weightedAverageShsOutDil": 28000000,
        "link": "https://www.sec.gov/Archives/edgar/data/716133/000091205796017965/0000912057-96-017965-index.html",
        "finalLink": "https://www.sec.gov/Archives/edgar/data/716133/0000912057-96-017965.txt"
    },
    {
        "date": "1996-03-31",
        "symbol": "CBB",
        "reportedCurrency": "USD",
        "cik": "0000716133",
        "fillingDate": "1996-05-13",
        "acceptedDate": "1996-05-13 00:00:00",
        "calendarYear": "1996",
        "period": "Q1",
        "revenue": 362100000,
        "costOfRevenue": 187900000,
        "grossProfit": 174200000,
        "grossProfitRatio": 0.4810825739,
        "researchAndDevelopmentExpenses": 0,
        "generalAndAdministrativeExpenses": 65200000,
        "sellingAndMarketingExpenses": 41900000,
        "sellingGeneralAndAdministrativeExpenses": 107100000,
        "otherExpenses": 0,
        "operatingExpenses": 107100000,
        "costAndExpenses": 295000000,
        "interestIncome": 0,
        "interestExpense": 0,
        "depreciationAndAmortization": 41900000,
        "ebitda": 106400000,
        "ebitdaratio": 0.2938414803,
        "operatingIncome": 67100000,
        "operatingIncomeRatio": 0.185307926,
        "totalOtherIncomeExpensesNet": -2600000,
        "incomeBeforeTax": 64500000,
        "incomeBeforeTaxRatio": 0.1781275891,
        "incomeTaxExpense": 22800000,
        "netIncome": 41700000,
        "netIncomeRatio": 0.1151615576,
        "eps": 1.55,
        "epsdiluted": 1.55,
        "weightedAverageShsOut": 26903226,
        "weightedAverageShsOutDil": 26903226,
        "link": "https://www.sec.gov/Archives/edgar/data/716133/000091205796009144/0000912057-96-009144-index.html",
        "finalLink": "https://www.sec.gov/Archives/edgar/data/716133/0000912057-96-009144.txt"
    },
    {
        "date": "1995-12-31",
        "symbol": "CBB",
        "reportedCurrency": "USD",
        "cik": "0000716133",
        "fillingDate": "1996-03-29",
        "acceptedDate": "1996-03-29 00:00:00",
        "calendarYear": "1995",
        "period": "Q4",
        "revenue": 343200000,
        "costOfRevenue": 176000000,
        "grossProfit": 167200000,
        "grossProfitRatio": 0.4871794872,
        "researchAndDevelopmentExpenses": 0,
        "generalAndAdministrativeExpenses": 49000000,
        "sellingAndMarketingExpenses": 65300000,
        "sellingGeneralAndAdministrativeExpenses": 114300000,
        "otherExpenses": 0,
        "operatingExpenses": 114300000,
        "costAndExpenses": 290300000,
        "interestIncome": 0,
        "interestExpense": 0,
        "depreciationAndAmortization": 42500000,
        "ebitda": 22000000,
        "ebitdaratio": 0.0641025641,
        "operatingIncome": 52900000,
        "operatingIncomeRatio": 0.1541375291,
        "totalOtherIncomeExpensesNet": -66400000,
        "incomeBeforeTax": -13500000,
        "incomeBeforeTaxRatio": -0.0393356643,
        "incomeTaxExpense": 8000000,
        "netIncome": -28500000,
        "netIncomeRatio": -0.083041958,
        "eps": -1.06,
        "epsdiluted": -1.06,
        "weightedAverageShsOut": 26903226,
        "weightedAverageShsOutDil": 26903226,
        "link": "https://www.sec.gov/Archives/edgar/data/716133/000091205796005518/0000912057-96-005518-index.html",
        "finalLink": "https://www.sec.gov/Archives/edgar/data/716133/0000912057-96-005518.txt"
    },
    {
        "date": "1995-09-30",
        "symbol": "CBB",
        "reportedCurrency": "USD",
        "cik": "0000716133",
        "fillingDate": "1995-11-13",
        "acceptedDate": "1995-11-13 00:00:00",
        "calendarYear": "1995",
        "period": "Q3",
        "revenue": 327100000,
        "costOfRevenue": 162100000,
        "grossProfit": 165000000,
        "grossProfitRatio": 0.5044328951,
        "researchAndDevelopmentExpenses": 0,
        "generalAndAdministrativeExpenses": 45800000,
        "sellingAndMarketingExpenses": 62100000,
        "sellingGeneralAndAdministrativeExpenses": 107900000,
        "otherExpenses": 0,
        "operatingExpenses": 107900000,
        "costAndExpenses": 270000000,
        "interestIncome": 0,
        "interestExpense": 0,
        "depreciationAndAmortization": 40400000,
        "ebitda": 84200000,
        "ebitdaratio": 0.257413635,
        "operatingIncome": 57100000,
        "operatingIncomeRatio": 0.1745643534,
        "totalOtherIncomeExpensesNet": -13300000,
        "incomeBeforeTax": 43800000,
        "incomeBeforeTaxRatio": 0.1339040049,
        "incomeTaxExpense": 15100000,
        "netIncome": 28700000,
        "netIncomeRatio": 0.0877407521,
        "eps": 1.1,
        "epsdiluted": 1.1,
        "weightedAverageShsOut": 26090909,
        "weightedAverageShsOutDil": 26090909,
        "link": "https://www.sec.gov/Archives/edgar/data/716133/000091205795009618/0000912057-95-009618-index.html",
        "finalLink": "https://www.sec.gov/Archives/edgar/data/716133/0000912057-95-009618.txt"
    },
    {
        "date": "1995-06-30",
        "symbol": "CBB",
        "reportedCurrency": "USD",
        "cik": "0000716133",
        "fillingDate": "1995-08-10",
        "acceptedDate": "1995-08-10 00:00:00",
        "calendarYear": "1995",
        "period": "Q2",
        "revenue": 334100000,
        "costOfRevenue": 165200000,
        "grossProfit": 168900000,
        "grossProfitRatio": 0.5055372643,
        "researchAndDevelopmentExpenses": 0,
        "generalAndAdministrativeExpenses": 48300000,
        "sellingAndMarketingExpenses": 64100000,
        "sellingGeneralAndAdministrativeExpenses": 112400000,
        "otherExpenses": 0,
        "operatingExpenses": 112400000,
        "costAndExpenses": 277600000,
        "interestIncome": 0,
        "interestExpense": 0,
        "depreciationAndAmortization": 39900000,
        "ebitda": 83000000,
        "ebitdaratio": 0.2484286142,
        "operatingIncome": 56500000,
        "operatingIncomeRatio": 0.1691110446,
        "totalOtherIncomeExpensesNet": -13400000,
        "incomeBeforeTax": 43100000,
        "incomeBeforeTaxRatio": 0.1290032924,
        "incomeTaxExpense": 16100000,
        "netIncome": 27000000,
        "netIncomeRatio": 0.0808141275,
        "eps": 1.05,
        "epsdiluted": 1.05,
        "weightedAverageShsOut": 25714286,
        "weightedAverageShsOutDil": 25714286,
        "link": "https://www.sec.gov/Archives/edgar/data/716133/000091205795006198/0000912057-95-006198-index.html",
        "finalLink": "https://www.sec.gov/Archives/edgar/data/716133/0000912057-95-006198.txt"
    },
    {
        "date": "1995-03-31",
        "symbol": "CBB",
        "reportedCurrency": "USD",
        "cik": "0000716133",
        "fillingDate": "1995-05-12",
        "acceptedDate": "1995-05-12 00:00:00",
        "calendarYear": "1995",
        "period": "Q1",
        "revenue": 331800000,
        "costOfRevenue": 168800000,
        "grossProfit": 163000000,
        "grossProfitRatio": 0.4912597951,
        "researchAndDevelopmentExpenses": 0,
        "generalAndAdministrativeExpenses": 47000000,
        "sellingAndMarketingExpenses": 64300000,
        "sellingGeneralAndAdministrativeExpenses": 111300000,
        "otherExpenses": 0,
        "operatingExpenses": 111300000,
        "costAndExpenses": 280100000,
        "interestIncome": 0,
        "interestExpense": 0,
        "depreciationAndAmortization": 39400000,
        "ebitda": -53700000,
        "ebitdaratio": -0.1618444846,
        "operatingIncome": 51700000,
        "operatingIncomeRatio": 0.1558167571,
        "totalOtherIncomeExpensesNet": -144800000,
        "incomeBeforeTax": -93100000,
        "incomeBeforeTaxRatio": -0.2805907173,
        "incomeTaxExpense": -33500000,
        "netIncome": -59600000,
        "netIncomeRatio": -0.1796262809,
        "eps": -2.25,
        "epsdiluted": -2.25,
        "weightedAverageShsOut": 26488889,
        "weightedAverageShsOutDil": 26488889,
        "link": "https://www.sec.gov/Archives/edgar/data/716133/000091205795003652/0000912057-95-003652-index.html",
        "finalLink": "https://www.sec.gov/Archives/edgar/data/716133/0000912057-95-003652.txt"
    },
    {
        "date": "1994-12-31",
        "symbol": "CBB",
        "reportedCurrency": "USD",
        "cik": "0000716133",
        "fillingDate": "1995-03-30",
        "acceptedDate": "1995-03-30 00:00:00",
        "calendarYear": "1994",
        "period": "Q4",
        "revenue": 323400000,
        "costOfRevenue": 172100000,
        "grossProfit": 151300000,
        "grossProfitRatio": 0.4678416821,
        "researchAndDevelopmentExpenses": 0,
        "generalAndAdministrativeExpenses": 45100000,
        "sellingAndMarketingExpenses": 63300000,
        "sellingGeneralAndAdministrativeExpenses": 108400000,
        "otherExpenses": 0,
        "operatingExpenses": 108400000,
        "costAndExpenses": 280500000,
        "interestIncome": 0,
        "interestExpense": 0,
        "depreciationAndAmortization": 39700000,
        "ebitda": 71200000,
        "ebitdaratio": 0.2201607916,
        "operatingIncome": 42900000,
        "operatingIncomeRatio": 0.1326530612,
        "totalOtherIncomeExpensesNet": -11400000,
        "incomeBeforeTax": 31500000,
        "incomeBeforeTaxRatio": 0.0974025974,
        "incomeTaxExpense": 10400000,
        "netIncome": 21100000,
        "netIncomeRatio": 0.0652442795,
        "eps": 0.8,
        "epsdiluted": 0.8,
        "weightedAverageShsOut": 26488889,
        "weightedAverageShsOutDil": 26488889,
        "link": "https://www.sec.gov/Archives/edgar/data/716133/000091205795001922/0000912057-95-001922-index.html",
        "finalLink": "https://www.sec.gov/Archives/edgar/data/716133/0000912057-95-001922.txt"
    },
    {
        "date": "1994-09-30",
        "symbol": "CBB",
        "reportedCurrency": "USD",
        "cik": "0000716133",
        "fillingDate": "1994-11-14",
        "acceptedDate": "1994-11-14 00:00:00",
        "calendarYear": "1994",
        "period": "Q3",
        "revenue": 312900000,
        "costOfRevenue": 158100000,
        "grossProfit": 154800000,
        "grossProfitRatio": 0.4947267498,
        "researchAndDevelopmentExpenses": 0,
        "generalAndAdministrativeExpenses": 49800000,
        "sellingAndMarketingExpenses": 61600000,
        "sellingGeneralAndAdministrativeExpenses": 111400000,
        "otherExpenses": 0,
        "operatingExpenses": 111400000,
        "costAndExpenses": 269500000,
        "interestIncome": 0,
        "interestExpense": 0,
        "depreciationAndAmortization": 40400000,
        "ebitda": 71700000,
        "ebitdaratio": 0.2291466922,
        "operatingIncome": 43400000,
        "operatingIncomeRatio": 0.1387024609,
        "totalOtherIncomeExpensesNet": -12100000,
        "incomeBeforeTax": 31300000,
        "incomeBeforeTaxRatio": 0.1000319591,
        "incomeTaxExpense": 11200000,
        "netIncome": 20100000,
        "netIncomeRatio": 0.0642377756,
        "eps": 0.8,
        "epsdiluted": 0.8,
        "weightedAverageShsOut": 25125000,
        "weightedAverageShsOutDil": 25125000,
        "link": "https://www.sec.gov/Archives/edgar/data/716133/000091205794003869/0000912057-94-003869-index.html",
        "finalLink": "https://www.sec.gov/Archives/edgar/data/716133/0000912057-94-003869.txt"
    },
    {
        "date": "1994-06-30",
        "symbol": "CBB",
        "reportedCurrency": "USD",
        "cik": "0000716133",
        "fillingDate": "1994-08-12",
        "acceptedDate": "1994-08-12 00:00:00",
        "calendarYear": "1994",
        "period": "Q2",
        "revenue": 299800000,
        "costOfRevenue": 154700000,
        "grossProfit": 145100000,
        "grossProfitRatio": 0.4839893262,
        "researchAndDevelopmentExpenses": 0,
        "generalAndAdministrativeExpenses": 42500000,
        "sellingAndMarketingExpenses": 60100000,
        "sellingGeneralAndAdministrativeExpenses": 102600000,
        "otherExpenses": 0,
        "operatingExpenses": 102600000,
        "costAndExpenses": 257300000,
        "interestIncome": 0,
        "interestExpense": 0,
        "depreciationAndAmortization": 36800000,
        "ebitda": 66600000,
        "ebitdaratio": 0.2221480987,
        "operatingIncome": 42500000,
        "operatingIncomeRatio": 0.1417611741,
        "totalOtherIncomeExpensesNet": -12700000,
        "incomeBeforeTax": 29800000,
        "incomeBeforeTaxRatio": 0.0993995997,
        "incomeTaxExpense": 11100000,
        "netIncome": 18700000,
        "netIncomeRatio": 0.0623749166,
        "eps": 0.7,
        "epsdiluted": 0.7,
        "weightedAverageShsOut": 26714286,
        "weightedAverageShsOutDil": 26714286,
        "link": "https://www.sec.gov/Archives/edgar/data/716133/000091205794002649/0000912057-94-002649-index.html",
        "finalLink": "https://www.sec.gov/Archives/edgar/data/716133/0000912057-94-002649.txt"
    },
    {
        "date": "1994-03-31",
        "symbol": "CBB",
        "reportedCurrency": "USD",
        "cik": "0000716133",
        "fillingDate": "1994-05-16",
        "acceptedDate": "1994-05-16 00:00:00",
        "calendarYear": "1994",
        "period": "Q1",
        "revenue": 292100000,
        "costOfRevenue": 153400000,
        "grossProfit": 138700000,
        "grossProfitRatio": 0.4748373845,
        "researchAndDevelopmentExpenses": 0,
        "generalAndAdministrativeExpenses": 40100000,
        "sellingAndMarketingExpenses": 61900000,
        "sellingGeneralAndAdministrativeExpenses": 102000000,
        "otherExpenses": 0,
        "operatingExpenses": 102000000,
        "costAndExpenses": 255400000,
        "interestIncome": 0,
        "interestExpense": 0,
        "depreciationAndAmortization": 37200000,
        "ebitda": 59200000,
        "ebitdaratio": 0.2026703184,
        "operatingIncome": 36700000,
        "operatingIncomeRatio": 0.1256419035,
        "totalOtherIncomeExpensesNet": -11800000,
        "incomeBeforeTax": 24900000,
        "incomeBeforeTaxRatio": 0.0852447792,
        "incomeTaxExpense": 9300000,
        "netIncome": 12700000,
        "netIncomeRatio": 0.0434782609,
        "eps": 0.5,
        "epsdiluted": 0.5,
        "weightedAverageShsOut": 25400000,
        "weightedAverageShsOutDil": 25400000,
        "link": "https://www.sec.gov/Archives/edgar/data/716133/000091205794001750/0000912057-94-001750-index.html",
        "finalLink": "https://www.sec.gov/Archives/edgar/data/716133/0000912057-94-001750.txt"
    },
    {
        "date": "1993-12-31",
        "symbol": "CBB",
        "reportedCurrency": "USD",
        "cik": "0000716133",
        "fillingDate": "1993-12-31",
        "acceptedDate": "1993-12-30 19:00:00",
        "calendarYear": "1993",
        "period": "Q4",
        "revenue": 256400000,
        "costOfRevenue": 153200000,
        "grossProfit": 103200000,
        "grossProfitRatio": 0.4024960998,
        "researchAndDevelopmentExpenses": 0,
        "generalAndAdministrativeExpenses": 0,
        "sellingAndMarketingExpenses": 0,
        "sellingGeneralAndAdministrativeExpenses": 213600000,
        "otherExpenses": 0,
        "operatingExpenses": 213600000,
        "costAndExpenses": 366800000,
        "interestIncome": 0,
        "interestExpense": 0,
        "depreciationAndAmortization": 49300000,
        "ebitda": -80200000,
        "ebitdaratio": -0.3127925117,
        "operatingIncome": -110400000,
        "operatingIncomeRatio": -0.4305772231,
        "totalOtherIncomeExpensesNet": -19100000,
        "incomeBeforeTax": -129500000,
        "incomeBeforeTaxRatio": -0.5050702028,
        "incomeTaxExpense": -22700000,
        "netIncome": -106800000,
        "netIncomeRatio": -0.4165366615,
        "eps": -4.13,
        "epsdiluted": -4.13,
        "weightedAverageShsOut": 25833333,
        "weightedAverageShsOutDil": 25833333,
        "link": "",
        "finalLink": ""
    },
    {
        "date": "1993-09-30",
        "symbol": "CBB",
        "reportedCurrency": "USD",
        "cik": "0000716133",
        "fillingDate": "1993-09-30",
        "acceptedDate": "1993-09-29 20:00:00",
        "calendarYear": "1993",
        "period": "Q3",
        "revenue": 289200000,
        "costOfRevenue": 157400000,
        "grossProfit": 131800000,
        "grossProfitRatio": 0.4557399723,
        "researchAndDevelopmentExpenses": 0,
        "generalAndAdministrativeExpenses": 36800000,
        "sellingAndMarketingExpenses": 62800000,
        "sellingGeneralAndAdministrativeExpenses": 99600000,
        "otherExpenses": 0,
        "operatingExpenses": 99600000,
        "costAndExpenses": 257000000,
        "interestIncome": 0,
        "interestExpense": 0,
        "depreciationAndAmortization": 39900000,
        "ebitda": 63200000,
        "ebitdaratio": 0.2185338866,
        "operatingIncome": 32200000,
        "operatingIncomeRatio": 0.1113416321,
        "totalOtherIncomeExpensesNet": -8900000,
        "incomeBeforeTax": 23300000,
        "incomeBeforeTaxRatio": 0.0805670816,
        "incomeTaxExpense": 7700000,
        "netIncome": 15600000,
        "netIncomeRatio": 0.0539419087,
        "eps": 0.6,
        "epsdiluted": 0.6,
        "weightedAverageShsOut": 25833333,
        "weightedAverageShsOutDil": 25833333,
        "link": "",
        "finalLink": ""
    },
    {
        "date": "1993-06-30",
        "symbol": "CBB",
        "reportedCurrency": "USD",
        "cik": "0000716133",
        "fillingDate": "1993-06-30",
        "acceptedDate": "1993-06-29 20:00:00",
        "calendarYear": "1993",
        "period": "Q2",
        "revenue": 272800000,
        "costOfRevenue": 150300000,
        "grossProfit": 122500000,
        "grossProfitRatio": 0.4490469208,
        "researchAndDevelopmentExpenses": 0,
        "generalAndAdministrativeExpenses": 36800000,
        "sellingAndMarketingExpenses": 57400000,
        "sellingGeneralAndAdministrativeExpenses": 94200000,
        "otherExpenses": 0,
        "operatingExpenses": 94200000,
        "costAndExpenses": 244500000,
        "interestIncome": 0,
        "interestExpense": 0,
        "depreciationAndAmortization": 34600000,
        "ebitda": 54200000,
        "ebitdaratio": 0.1986803519,
        "operatingIncome": 28300000,
        "operatingIncomeRatio": 0.1037390029,
        "totalOtherIncomeExpensesNet": -8700000,
        "incomeBeforeTax": 19600000,
        "incomeBeforeTaxRatio": 0.0718475073,
        "incomeTaxExpense": 6100000,
        "netIncome": 13500000,
        "netIncomeRatio": 0.0494868035,
        "eps": 0.54,
        "epsdiluted": 0.54,
        "weightedAverageShsOut": 24800000,
        "weightedAverageShsOutDil": 24800000,
        "link": "",
        "finalLink": ""
    },
    {
        "date": "1993-03-31",
        "symbol": "CBB",
        "reportedCurrency": "USD",
        "cik": "0000716133",
        "fillingDate": "1993-03-31",
        "acceptedDate": "1993-03-30 19:00:00",
        "calendarYear": "1993",
        "period": "Q1",
        "revenue": 271200000,
        "costOfRevenue": 142800000,
        "grossProfit": 128400000,
        "grossProfitRatio": 0.4734513274,
        "researchAndDevelopmentExpenses": 0,
        "generalAndAdministrativeExpenses": 39000000,
        "sellingAndMarketingExpenses": 58300000,
        "sellingGeneralAndAdministrativeExpenses": 97300000,
        "otherExpenses": 0,
        "operatingExpenses": 97300000,
        "costAndExpenses": 240100000,
        "interestIncome": 0,
        "interestExpense": 0,
        "depreciationAndAmortization": 34700000,
        "ebitda": 66200000,
        "ebitdaratio": 0.244100295,
        "operatingIncome": 31100000,
        "operatingIncomeRatio": 0.1146755162,
        "totalOtherIncomeExpensesNet": 400000,
        "incomeBeforeTax": 31500000,
        "incomeBeforeTaxRatio": 0.1161504425,
        "incomeTaxExpense": 10700000,
        "netIncome": 20800000,
        "netIncomeRatio": 0.0766961652,
        "eps": 0.84,
        "epsdiluted": 0.84,
        "weightedAverageShsOut": 24625000,
        "weightedAverageShsOutDil": 24625000,
        "link": "",
        "finalLink": ""
    },
    {
        "date": "1992-12-31",
        "symbol": "CBB",
        "reportedCurrency": "USD",
        "cik": "0000716133",
        "fillingDate": "1992-12-31",
        "acceptedDate": "1992-12-30 19:00:00",
        "calendarYear": "1992",
        "period": "Q4",
        "revenue": 285100000,
        "costOfRevenue": 59300000,
        "grossProfit": 225800000,
        "grossProfitRatio": 0.792002806,
        "researchAndDevelopmentExpenses": 0,
        "generalAndAdministrativeExpenses": 0,
        "sellingAndMarketingExpenses": 0,
        "sellingGeneralAndAdministrativeExpenses": 216400000,
        "otherExpenses": 0,
        "operatingExpenses": 216400000,
        "costAndExpenses": 275700000,
        "interestIncome": 0,
        "interestExpense": 0,
        "depreciationAndAmortization": 34300000,
        "ebitda": 31800000,
        "ebitdaratio": 0.1115398106,
        "operatingIncome": 9400000,
        "operatingIncomeRatio": 0.0329708874,
        "totalOtherIncomeExpensesNet": -9900000,
        "incomeBeforeTax": -500000,
        "incomeBeforeTaxRatio": -0.0017537706,
        "incomeTaxExpense": -1100000,
        "netIncome": -1400000,
        "netIncomeRatio": -0.0049105577,
        "eps": -0.0577,
        "epsdiluted": -0.0577,
        "weightedAverageShsOut": 24250000,
        "weightedAverageShsOutDil": 24250000,
        "link": "",
        "finalLink": ""
    },
    {
        "date": "1992-09-30",
        "symbol": "CBB",
        "reportedCurrency": "USD",
        "cik": "0000716133",
        "fillingDate": "1992-09-30",
        "acceptedDate": "1992-09-29 20:00:00",
        "calendarYear": "1992",
        "period": "Q3",
        "revenue": 277900000,
        "costOfRevenue": 194300000,
        "grossProfit": 83600000,
        "grossProfitRatio": 0.3008276358,
        "researchAndDevelopmentExpenses": 0,
        "generalAndAdministrativeExpenses": 0,
        "sellingAndMarketingExpenses": 0,
        "sellingGeneralAndAdministrativeExpenses": 58200000,
        "otherExpenses": 0,
        "operatingExpenses": 58200000,
        "costAndExpenses": 252500000,
        "interestIncome": 0,
        "interestExpense": 0,
        "depreciationAndAmortization": 34500000,
        "ebitda": 50300000,
        "ebitdaratio": 0.1810003598,
        "operatingIncome": 25400000,
        "operatingIncomeRatio": 0.0913997841,
        "totalOtherIncomeExpensesNet": -7900000,
        "incomeBeforeTax": 17500000,
        "incomeBeforeTaxRatio": 0.0629722922,
        "incomeTaxExpense": 5000000,
        "netIncome": 10800000,
        "netIncomeRatio": 0.0388629003,
        "eps": 0.45,
        "epsdiluted": 0.45,
        "weightedAverageShsOut": 24250000,
        "weightedAverageShsOutDil": 24250000,
        "link": "",
        "finalLink": ""
    },
    {
        "date": "1992-06-30",
        "symbol": "CBB",
        "reportedCurrency": "USD",
        "cik": "0000716133",
        "fillingDate": "1992-06-30",
        "acceptedDate": "1992-06-29 20:00:00",
        "calendarYear": "1992",
        "period": "Q2",
        "revenue": 275400000,
        "costOfRevenue": 190100000,
        "grossProfit": 85300000,
        "grossProfitRatio": 0.3097312999,
        "researchAndDevelopmentExpenses": 0,
        "generalAndAdministrativeExpenses": 0,
        "sellingAndMarketingExpenses": 0,
        "sellingGeneralAndAdministrativeExpenses": 58100000,
        "otherExpenses": 0,
        "operatingExpenses": 58100000,
        "costAndExpenses": 248200000,
        "interestIncome": 0,
        "interestExpense": 0,
        "depreciationAndAmortization": 34600000,
        "ebitda": 51100000,
        "ebitdaratio": 0.1855482934,
        "operatingIncome": 27200000,
        "operatingIncomeRatio": 0.0987654321,
        "totalOtherIncomeExpensesNet": -10700000,
        "incomeBeforeTax": 16500000,
        "incomeBeforeTaxRatio": 0.059912854,
        "incomeTaxExpense": 5100000,
        "netIncome": 11400000,
        "netIncomeRatio": 0.0413943355,
        "eps": 0.44,
        "epsdiluted": 0.44,
        "weightedAverageShsOut": 25750000,
        "weightedAverageShsOutDil": 25750000,
        "link": "",
        "finalLink": ""
    },
    {
        "date": "1992-03-31",
        "symbol": "CBB",
        "reportedCurrency": "USD",
        "cik": "0000716133",
        "fillingDate": "1992-03-31",
        "acceptedDate": "1992-03-30 19:00:00",
        "calendarYear": "1992",
        "period": "Q1",
        "revenue": 297900000,
        "costOfRevenue": 211300000,
        "grossProfit": 86600000,
        "grossProfitRatio": 0.2907015777,
        "researchAndDevelopmentExpenses": 0,
        "generalAndAdministrativeExpenses": 0,
        "sellingAndMarketingExpenses": 0,
        "sellingGeneralAndAdministrativeExpenses": 57600000,
        "otherExpenses": 0,
        "operatingExpenses": 57600000,
        "costAndExpenses": 268900000,
        "interestIncome": 0,
        "interestExpense": 0,
        "depreciationAndAmortization": 33600000,
        "ebitda": 56200000,
        "ebitdaratio": 0.1886539107,
        "operatingIncome": 29000000,
        "operatingIncomeRatio": 0.0973481034,
        "totalOtherIncomeExpensesNet": -6400000,
        "incomeBeforeTax": 22600000,
        "incomeBeforeTaxRatio": 0.075864384,
        "incomeTaxExpense": 8100000,
        "netIncome": 14500000,
        "netIncomeRatio": 0.0486740517,
        "eps": 0.6,
        "epsdiluted": 0.6,
        "weightedAverageShsOut": 24363636,
        "weightedAverageShsOutDil": 24363636,
        "link": "",
        "finalLink": ""
    },
    {
        "date": "1991-12-31",
        "symbol": "CBB",
        "reportedCurrency": "USD",
        "cik": "0000716133",
        "fillingDate": "1991-12-31",
        "acceptedDate": "1991-12-30 19:00:00",
        "calendarYear": "1991",
        "period": "Q4",
        "revenue": 271700000,
        "costOfRevenue": 22600000,
        "grossProfit": 249100000,
        "grossProfitRatio": 0.9168200221,
        "researchAndDevelopmentExpenses": 0,
        "generalAndAdministrativeExpenses": 0,
        "sellingAndMarketingExpenses": 0,
        "sellingGeneralAndAdministrativeExpenses": 213400000,
        "otherExpenses": 0,
        "operatingExpenses": 213400000,
        "costAndExpenses": 236000000,
        "interestIncome": 0,
        "interestExpense": 0,
        "depreciationAndAmortization": 32300000,
        "ebitda": 56800000,
        "ebitdaratio": 0.2090541038,
        "operatingIncome": 35700000,
        "operatingIncomeRatio": 0.1313949209,
        "totalOtherIncomeExpensesNet": -11200000,
        "incomeBeforeTax": 24500000,
        "incomeBeforeTaxRatio": 0.0901729849,
        "incomeTaxExpense": 8200000,
        "netIncome": 16300000,
        "netIncomeRatio": 0.0599926389,
        "eps": 0.69,
        "epsdiluted": 0.69,
        "weightedAverageShsOut": 23600000,
        "weightedAverageShsOutDil": 23600000,
        "link": "",
        "finalLink": ""
    },
    {
        "date": "1991-09-30",
        "symbol": "CBB",
        "reportedCurrency": "USD",
        "cik": "0000716133",
        "fillingDate": "1991-09-30",
        "acceptedDate": "1991-09-29 20:00:00",
        "calendarYear": "1991",
        "period": "Q3",
        "revenue": 285200000,
        "costOfRevenue": 192400000,
        "grossProfit": 92800000,
        "grossProfitRatio": 0.3253856942,
        "researchAndDevelopmentExpenses": 0,
        "generalAndAdministrativeExpenses": 0,
        "sellingAndMarketingExpenses": 0,
        "sellingGeneralAndAdministrativeExpenses": 54400000,
        "otherExpenses": 0,
        "operatingExpenses": 54400000,
        "costAndExpenses": 246800000,
        "interestIncome": 0,
        "interestExpense": 0,
        "depreciationAndAmortization": 31000000,
        "ebitda": 59700000,
        "ebitdaratio": 0.2093267882,
        "operatingIncome": 38400000,
        "operatingIncomeRatio": 0.1346423562,
        "totalOtherIncomeExpensesNet": -9700000,
        "incomeBeforeTax": 28700000,
        "incomeBeforeTaxRatio": 0.100631136,
        "incomeTaxExpense": 9900000,
        "netIncome": 18800000,
        "netIncomeRatio": 0.0659186536,
        "eps": 0.8,
        "epsdiluted": 0.8,
        "weightedAverageShsOut": 23600000,
        "weightedAverageShsOutDil": 23600000,
        "link": "",
        "finalLink": ""
    },
    {
        "date": "1991-06-30",
        "symbol": "CBB",
        "reportedCurrency": "USD",
        "cik": "0000716133",
        "fillingDate": "1991-06-30",
        "acceptedDate": "1991-06-29 20:00:00",
        "calendarYear": "1991",
        "period": "Q2",
        "revenue": 256300000,
        "costOfRevenue": 201500000,
        "grossProfit": 54800000,
        "grossProfitRatio": 0.2138119391,
        "researchAndDevelopmentExpenses": 0,
        "generalAndAdministrativeExpenses": 0,
        "sellingAndMarketingExpenses": 0,
        "sellingGeneralAndAdministrativeExpenses": 51000000,
        "otherExpenses": 0,
        "operatingExpenses": 51000000,
        "costAndExpenses": 252500000,
        "interestIncome": 0,
        "interestExpense": 0,
        "depreciationAndAmortization": 29400000,
        "ebitda": 17200000,
        "ebitdaratio": 0.0671088568,
        "operatingIncome": 3800000,
        "operatingIncomeRatio": 0.0148263753,
        "totalOtherIncomeExpensesNet": -16000000,
        "incomeBeforeTax": -12200000,
        "incomeBeforeTaxRatio": -0.0476004682,
        "incomeTaxExpense": -4300000,
        "netIncome": -7900000,
        "netIncomeRatio": -0.030823254,
        "eps": -0.35,
        "epsdiluted": -0.35,
        "weightedAverageShsOut": 22500000,
        "weightedAverageShsOutDil": 22500000,
        "link": "",
        "finalLink": ""
    },
    {
        "date": "1991-03-31",
        "symbol": "CBB",
        "reportedCurrency": "USD",
        "cik": "0000716133",
        "fillingDate": "1991-03-31",
        "acceptedDate": "1991-03-30 19:00:00",
        "calendarYear": "1991",
        "period": "Q1",
        "revenue": 274700000,
        "costOfRevenue": 185600000,
        "grossProfit": 89100000,
        "grossProfitRatio": 0.3243538406,
        "researchAndDevelopmentExpenses": 0,
        "generalAndAdministrativeExpenses": 0,
        "sellingAndMarketingExpenses": 0,
        "sellingGeneralAndAdministrativeExpenses": 52400000,
        "otherExpenses": 0,
        "operatingExpenses": 52400000,
        "costAndExpenses": 238000000,
        "interestIncome": 0,
        "interestExpense": 0,
        "depreciationAndAmortization": 28700000,
        "ebitda": 53900000,
        "ebitdaratio": 0.1962140517,
        "operatingIncome": 36700000,
        "operatingIncomeRatio": 0.1336002912,
        "totalOtherIncomeExpensesNet": -11500000,
        "incomeBeforeTax": 25200000,
        "incomeBeforeTaxRatio": 0.0917364398,
        "incomeTaxExpense": 9700000,
        "netIncome": 15500000,
        "netIncomeRatio": 0.0564251911,
        "eps": 0.65,
        "epsdiluted": 0.65,
        "weightedAverageShsOut": 24000000,
        "weightedAverageShsOutDil": 24000000,
        "link": "",
        "finalLink": ""
    },
    {
        "date": "1990-12-31",
        "symbol": "CBB",
        "reportedCurrency": "USD",
        "cik": "0000716133",
        "fillingDate": "1990-12-31",
        "acceptedDate": "1990-12-30 19:00:00",
        "calendarYear": "1990",
        "period": "Q4",
        "revenue": 283100000,
        "costOfRevenue": 40500000,
        "grossProfit": 242600000,
        "grossProfitRatio": 0.8569410102,
        "researchAndDevelopmentExpenses": 0,
        "generalAndAdministrativeExpenses": 0,
        "sellingAndMarketingExpenses": 0,
        "sellingGeneralAndAdministrativeExpenses": 193800000,
        "otherExpenses": 0,
        "operatingExpenses": 193800000,
        "costAndExpenses": 234300000,
        "interestIncome": 0,
        "interestExpense": 0,
        "depreciationAndAmortization": 27700000,
        "ebitda": 64600000,
        "ebitdaratio": 0.2281879195,
        "operatingIncome": 48800000,
        "operatingIncomeRatio": 0.1723772519,
        "totalOtherIncomeExpensesNet": -11900000,
        "incomeBeforeTax": 36900000,
        "incomeBeforeTaxRatio": 0.1303426351,
        "incomeTaxExpense": 11600000,
        "netIncome": 25300000,
        "netIncomeRatio": 0.0893677146,
        "eps": 1.07,
        "epsdiluted": 1.07,
        "weightedAverageShsOut": 23578947,
        "weightedAverageShsOutDil": 23578947,
        "link": "",
        "finalLink": ""
    },
    {
        "date": "1990-09-30",
        "symbol": "CBB",
        "reportedCurrency": "USD",
        "cik": "0000716133",
        "fillingDate": "1990-09-30",
        "acceptedDate": "1990-09-29 20:00:00",
        "calendarYear": "1990",
        "period": "Q3",
        "revenue": 263200000,
        "costOfRevenue": 175400000,
        "grossProfit": 87800000,
        "grossProfitRatio": 0.3335866261,
        "researchAndDevelopmentExpenses": 0,
        "generalAndAdministrativeExpenses": 0,
        "sellingAndMarketingExpenses": 0,
        "sellingGeneralAndAdministrativeExpenses": 47100000,
        "otherExpenses": 0,
        "operatingExpenses": 47100000,
        "costAndExpenses": 222500000,
        "interestIncome": 0,
        "interestExpense": 0,
        "depreciationAndAmortization": 27000000,
        "ebitda": 61300000,
        "ebitdaratio": 0.2329027356,
        "operatingIncome": 40700000,
        "operatingIncomeRatio": 0.1546352584,
        "totalOtherIncomeExpensesNet": -6400000,
        "incomeBeforeTax": 34300000,
        "incomeBeforeTaxRatio": 0.1303191489,
        "incomeTaxExpense": 10800000,
        "netIncome": 23500000,
        "netIncomeRatio": 0.0892857143,
        "eps": 1,
        "epsdiluted": 1,
        "weightedAverageShsOut": 23578947,
        "weightedAverageShsOutDil": 23578947,
        "link": "",
        "finalLink": ""
    },
    {
        "date": "1990-06-30",
        "symbol": "CBB",
        "reportedCurrency": "USD",
        "cik": "0000716133",
        "fillingDate": "1990-06-30",
        "acceptedDate": "1990-06-29 20:00:00",
        "calendarYear": "1990",
        "period": "Q2",
        "revenue": 245300000,
        "costOfRevenue": 151900000,
        "grossProfit": 93400000,
        "grossProfitRatio": 0.3807582552,
        "researchAndDevelopmentExpenses": 0,
        "generalAndAdministrativeExpenses": 0,
        "sellingAndMarketingExpenses": 0,
        "sellingGeneralAndAdministrativeExpenses": 47500000,
        "otherExpenses": 0,
        "operatingExpenses": 47500000,
        "costAndExpenses": 199400000,
        "interestIncome": 0,
        "interestExpense": 0,
        "depreciationAndAmortization": 25700000,
        "ebitda": 61800000,
        "ebitdaratio": 0.2519364044,
        "operatingIncome": 45900000,
        "operatingIncomeRatio": 0.1871178149,
        "totalOtherIncomeExpensesNet": -9800000,
        "incomeBeforeTax": 36100000,
        "incomeBeforeTaxRatio": 0.1471667346,
        "incomeTaxExpense": 12300000,
        "netIncome": 23800000,
        "netIncomeRatio": 0.0970240522,
        "eps": 1,
        "epsdiluted": 1,
        "weightedAverageShsOut": 23894737,
        "weightedAverageShsOutDil": 23894737,
        "link": "",
        "finalLink": ""
    },
    {
        "date": "1990-03-31",
        "symbol": "CBB",
        "reportedCurrency": "USD",
        "cik": "0000716133",
        "fillingDate": "1990-03-31",
        "acceptedDate": "1990-03-30 19:00:00",
        "calendarYear": "1990",
        "period": "Q1",
        "revenue": 221300000,
        "costOfRevenue": 140400000,
        "grossProfit": 80900000,
        "grossProfitRatio": 0.3655671035,
        "researchAndDevelopmentExpenses": 0,
        "generalAndAdministrativeExpenses": 0,
        "sellingAndMarketingExpenses": 0,
        "sellingGeneralAndAdministrativeExpenses": 46600000,
        "otherExpenses": 0,
        "operatingExpenses": 46600000,
        "costAndExpenses": 187000000,
        "interestIncome": 0,
        "interestExpense": 0,
        "depreciationAndAmortization": 26200000,
        "ebitda": 51300000,
        "ebitdaratio": 0.2318120199,
        "operatingIncome": 34300000,
        "operatingIncomeRatio": 0.1549932219,
        "totalOtherIncomeExpensesNet": -9200000,
        "incomeBeforeTax": 25100000,
        "incomeBeforeTaxRatio": 0.1134206959,
        "incomeTaxExpense": 6800000,
        "netIncome": 18300000,
        "netIncomeRatio": 0.0826931767,
        "eps": 0.8,
        "epsdiluted": 0.8,
        "weightedAverageShsOut": 22933333,
        "weightedAverageShsOutDil": 22933333,
        "link": "",
        "finalLink": ""
    },
    {
        "date": "1989-12-31",
        "symbol": "CBB",
        "reportedCurrency": "USD",
        "cik": "0000716133",
        "fillingDate": "1989-12-31",
        "acceptedDate": "1989-12-30 19:00:00",
        "calendarYear": "1989",
        "period": "Q4",
        "revenue": 777500000,
        "costOfRevenue": 493600000,
        "grossProfit": 283900000,
        "grossProfitRatio": 0.3651446945,
        "researchAndDevelopmentExpenses": 0,
        "generalAndAdministrativeExpenses": 0,
        "sellingAndMarketingExpenses": 0,
        "sellingGeneralAndAdministrativeExpenses": 252600000,
        "otherExpenses": 0,
        "operatingExpenses": 252600000,
        "costAndExpenses": 746200000,
        "interestIncome": 0,
        "interestExpense": 0,
        "depreciationAndAmortization": 25200000,
        "ebitda": 51800000,
        "ebitdaratio": 0.0666237942,
        "operatingIncome": 31300000,
        "operatingIncomeRatio": 0.0402572347,
        "totalOtherIncomeExpensesNet": -4700000,
        "incomeBeforeTax": 26600000,
        "incomeBeforeTaxRatio": 0.0342122186,
        "incomeTaxExpense": 3800000,
        "netIncome": 22800000,
        "netIncomeRatio": 0.0293247588,
        "eps": 0.99,
        "epsdiluted": 0.99,
        "weightedAverageShsOut": 23052632,
        "weightedAverageShsOutDil": 23052632,
        "link": "",
        "finalLink": ""
    },
    {
        "date": "1989-09-30",
        "symbol": "CBB",
        "reportedCurrency": "USD",
        "cik": "0000716133",
        "fillingDate": "1989-09-30",
        "acceptedDate": "1989-09-29 20:00:00",
        "calendarYear": "1989",
        "period": "Q3",
        "revenue": 39500000,
        "costOfRevenue": -28600000,
        "grossProfit": 68100000,
        "grossProfitRatio": 1.7240506329,
        "researchAndDevelopmentExpenses": 0,
        "generalAndAdministrativeExpenses": 0,
        "sellingAndMarketingExpenses": 0,
        "sellingGeneralAndAdministrativeExpenses": 28600000,
        "otherExpenses": 0,
        "operatingExpenses": 28600000,
        "costAndExpenses": 0,
        "interestIncome": 0,
        "interestExpense": 0,
        "depreciationAndAmortization": -7100000,
        "ebitda": 32400000,
        "ebitdaratio": 0.8202531646,
        "operatingIncome": 39500000,
        "operatingIncomeRatio": 1,
        "totalOtherIncomeExpensesNet": -7100000,
        "incomeBeforeTax": 32400000,
        "incomeBeforeTaxRatio": 0.8202531646,
        "incomeTaxExpense": 9400000,
        "netIncome": 23000000,
        "netIncomeRatio": 0.582278481,
        "eps": 1,
        "epsdiluted": 1,
        "weightedAverageShsOut": 23052632,
        "weightedAverageShsOutDil": 23052632,
        "link": "",
        "finalLink": ""
    },
    {
        "date": "1989-06-30",
        "symbol": "CBB",
        "reportedCurrency": "USD",
        "cik": "0000716133",
        "fillingDate": "1989-06-30",
        "acceptedDate": "1989-06-29 20:00:00",
        "calendarYear": "1989",
        "period": "Q2",
        "revenue": 227400000,
        "costOfRevenue": 0,
        "grossProfit": 227400000,
        "grossProfitRatio": 1,
        "researchAndDevelopmentExpenses": 0,
        "generalAndAdministrativeExpenses": 0,
        "sellingAndMarketingExpenses": 0,
        "sellingGeneralAndAdministrativeExpenses": 0,
        "otherExpenses": 0,
        "operatingExpenses": 0,
        "costAndExpenses": 0,
        "interestIncome": 0,
        "interestExpense": 0,
        "depreciationAndAmortization": 0,
        "ebitda": 227400000,
        "ebitdaratio": 1,
        "operatingIncome": 227400000,
        "operatingIncomeRatio": 1,
        "totalOtherIncomeExpensesNet": 0,
        "incomeBeforeTax": 0,
        "incomeBeforeTaxRatio": 0,
        "incomeTaxExpense": 0,
        "netIncome": 0,
        "netIncomeRatio": 0,
        "eps": 0,
        "epsdiluted": 0,
        "weightedAverageShsOut": 23871600,
        "weightedAverageShsOutDil": 23871600,
        "link": "",
        "finalLink": ""
    },
    {
        "date": "1989-03-31",
        "symbol": "CBB",
        "reportedCurrency": "USD",
        "cik": "0000716133",
        "fillingDate": "1989-03-31",
        "acceptedDate": "1989-03-30 19:00:00",
        "calendarYear": "1989",
        "period": "Q1",
        "revenue": 222500000,
        "costOfRevenue": 0,
        "grossProfit": 222500000,
        "grossProfitRatio": 1,
        "researchAndDevelopmentExpenses": 0,
        "generalAndAdministrativeExpenses": 0,
        "sellingAndMarketingExpenses": 0,
        "sellingGeneralAndAdministrativeExpenses": 0,
        "otherExpenses": 0,
        "operatingExpenses": 0,
        "costAndExpenses": 0,
        "interestIncome": 0,
        "interestExpense": 0,
        "depreciationAndAmortization": 0,
        "ebitda": 222500000,
        "ebitdaratio": 1,
        "operatingIncome": 222500000,
        "operatingIncomeRatio": 1,
        "totalOtherIncomeExpensesNet": 0,
        "incomeBeforeTax": 0,
        "incomeBeforeTaxRatio": 0,
        "incomeTaxExpense": 0,
        "netIncome": 0,
        "netIncomeRatio": 0,
        "eps": 0,
        "epsdiluted": 0,
        "weightedAverageShsOut": 23988800,
        "weightedAverageShsOutDil": 23988800,
        "link": "",
        "finalLink": ""
    },
    {
        "date": "1988-12-31",
        "symbol": "CBB",
        "reportedCurrency": "USD",
        "cik": "0000716133",
        "fillingDate": "1988-12-31",
        "acceptedDate": "1988-12-30 19:00:00",
        "calendarYear": "1988",
        "period": "Q4",
        "revenue": 195100000,
        "costOfRevenue": 0,
        "grossProfit": 195100000,
        "grossProfitRatio": 1,
        "researchAndDevelopmentExpenses": 0,
        "generalAndAdministrativeExpenses": 0,
        "sellingAndMarketingExpenses": 0,
        "sellingGeneralAndAdministrativeExpenses": 0,
        "otherExpenses": -596900000,
        "operatingExpenses": -596900000,
        "costAndExpenses": -596900000,
        "interestIncome": 0,
        "interestExpense": 0,
        "depreciationAndAmortization": 0,
        "ebitda": -401800000,
        "ebitdaratio": -2.0594566889,
        "operatingIncome": -401800000,
        "operatingIncomeRatio": -2.0594566889,
        "totalOtherIncomeExpensesNet": 0,
        "incomeBeforeTax": 0,
        "incomeBeforeTaxRatio": 0,
        "incomeTaxExpense": 0,
        "netIncome": 0,
        "netIncomeRatio": 0,
        "eps": 0,
        "epsdiluted": 0,
        "weightedAverageShsOut": 25064800,
        "weightedAverageShsOutDil": 25064800,
        "link": "",
        "finalLink": ""
    },
    {
        "date": "1988-09-30",
        "symbol": "CBB",
        "reportedCurrency": "USD",
        "cik": "0000716133",
        "fillingDate": "1988-09-30",
        "acceptedDate": "1988-09-29 20:00:00",
        "calendarYear": "1988",
        "period": "Q3",
        "revenue": 191400000,
        "costOfRevenue": 0,
        "grossProfit": 191400000,
        "grossProfitRatio": 1,
        "researchAndDevelopmentExpenses": 0,
        "generalAndAdministrativeExpenses": 0,
        "sellingAndMarketingExpenses": 0,
        "sellingGeneralAndAdministrativeExpenses": 0,
        "otherExpenses": 0,
        "operatingExpenses": 0,
        "costAndExpenses": 0,
        "interestIncome": 0,
        "interestExpense": 0,
        "depreciationAndAmortization": 0,
        "ebitda": 191400000,
        "ebitdaratio": 1,
        "operatingIncome": 191400000,
        "operatingIncomeRatio": 1,
        "totalOtherIncomeExpensesNet": 0,
        "incomeBeforeTax": 0,
        "incomeBeforeTaxRatio": 0,
        "incomeTaxExpense": 0,
        "netIncome": 0,
        "netIncomeRatio": 0,
        "eps": 0,
        "epsdiluted": 0,
        "weightedAverageShsOut": 25064800,
        "weightedAverageShsOutDil": 25064800,
        "link": "",
        "finalLink": ""
    },
    {
        "date": "1988-06-30",
        "symbol": "CBB",
        "reportedCurrency": "USD",
        "cik": "0000716133",
        "fillingDate": "1988-06-30",
        "acceptedDate": "1988-06-29 20:00:00",
        "calendarYear": "1988",
        "period": "Q2",
        "revenue": 179400000,
        "costOfRevenue": 0,
        "grossProfit": 179400000,
        "grossProfitRatio": 1,
        "researchAndDevelopmentExpenses": 0,
        "generalAndAdministrativeExpenses": 0,
        "sellingAndMarketingExpenses": 0,
        "sellingGeneralAndAdministrativeExpenses": 0,
        "otherExpenses": 0,
        "operatingExpenses": 0,
        "costAndExpenses": 0,
        "interestIncome": 0,
        "interestExpense": 0,
        "depreciationAndAmortization": 0,
        "ebitda": 179400000,
        "ebitdaratio": 1,
        "operatingIncome": 179400000,
        "operatingIncomeRatio": 1,
        "totalOtherIncomeExpensesNet": 0,
        "incomeBeforeTax": 0,
        "incomeBeforeTaxRatio": 0,
        "incomeTaxExpense": 0,
        "netIncome": 0,
        "netIncomeRatio": 0,
        "eps": 0,
        "epsdiluted": 0,
        "weightedAverageShsOut": 25049600,
        "weightedAverageShsOutDil": 25049600,
        "link": "",
        "finalLink": ""
    },
    {
        "date": "1988-03-31",
        "symbol": "CBB",
        "reportedCurrency": "USD",
        "cik": "0000716133",
        "fillingDate": "1988-03-31",
        "acceptedDate": "1988-03-30 19:00:00",
        "calendarYear": "1988",
        "period": "Q1",
        "revenue": 172400000,
        "costOfRevenue": 0,
        "grossProfit": 172400000,
        "grossProfitRatio": 1,
        "researchAndDevelopmentExpenses": 0,
        "generalAndAdministrativeExpenses": 0,
        "sellingAndMarketingExpenses": 0,
        "sellingGeneralAndAdministrativeExpenses": 0,
        "otherExpenses": 0,
        "operatingExpenses": 0,
        "costAndExpenses": 0,
        "interestIncome": 0,
        "interestExpense": 0,
        "depreciationAndAmortization": 0,
        "ebitda": 172400000,
        "ebitdaratio": 1,
        "operatingIncome": 172400000,
        "operatingIncomeRatio": 1,
        "totalOtherIncomeExpensesNet": 0,
        "incomeBeforeTax": 0,
        "incomeBeforeTaxRatio": 0,
        "incomeTaxExpense": 0,
        "netIncome": 0,
        "netIncomeRatio": 0,
        "eps": 0,
        "epsdiluted": 0,
        "weightedAverageShsOut": 25196800,
        "weightedAverageShsOutDil": 25196800,
        "link": "",
        "finalLink": ""
    },
    {
        "date": "1987-12-31",
        "symbol": "CBB",
        "reportedCurrency": "USD",
        "cik": "0000716133",
        "fillingDate": "1987-12-31",
        "acceptedDate": "1987-12-30 19:00:00",
        "calendarYear": "1987",
        "period": "Q4",
        "revenue": 175200000,
        "costOfRevenue": 0,
        "grossProfit": 175200000,
        "grossProfitRatio": 1,
        "researchAndDevelopmentExpenses": 0,
        "generalAndAdministrativeExpenses": 0,
        "sellingAndMarketingExpenses": 0,
        "sellingGeneralAndAdministrativeExpenses": 0,
        "otherExpenses": -510300000,
        "operatingExpenses": -510300000,
        "costAndExpenses": -510300000,
        "interestIncome": 0,
        "interestExpense": 0,
        "depreciationAndAmortization": 0,
        "ebitda": -335100000,
        "ebitdaratio": -1.9126712329,
        "operatingIncome": -335100000,
        "operatingIncomeRatio": -1.9126712329,
        "totalOtherIncomeExpensesNet": 0,
        "incomeBeforeTax": 0,
        "incomeBeforeTaxRatio": 0,
        "incomeTaxExpense": 0,
        "netIncome": 0,
        "netIncomeRatio": 0,
        "eps": 0,
        "epsdiluted": 0,
        "weightedAverageShsOut": 25559200,
        "weightedAverageShsOutDil": 25559200,
        "link": "",
        "finalLink": ""
    },
    {
        "date": "1987-09-30",
        "symbol": "CBB",
        "reportedCurrency": "USD",
        "cik": "0000716133",
        "fillingDate": "1987-09-30",
        "acceptedDate": "1987-09-29 20:00:00",
        "calendarYear": "1987",
        "period": "Q3",
        "revenue": 162100000,
        "costOfRevenue": 0,
        "grossProfit": 162100000,
        "grossProfitRatio": 1,
        "researchAndDevelopmentExpenses": 0,
        "generalAndAdministrativeExpenses": 0,
        "sellingAndMarketingExpenses": 0,
        "sellingGeneralAndAdministrativeExpenses": 0,
        "otherExpenses": 0,
        "operatingExpenses": 0,
        "costAndExpenses": 0,
        "interestIncome": 0,
        "interestExpense": 0,
        "depreciationAndAmortization": 0,
        "ebitda": 162100000,
        "ebitdaratio": 1,
        "operatingIncome": 162100000,
        "operatingIncomeRatio": 1,
        "totalOtherIncomeExpensesNet": 0,
        "incomeBeforeTax": 0,
        "incomeBeforeTaxRatio": 0,
        "incomeTaxExpense": 0,
        "netIncome": 0,
        "netIncomeRatio": 0,
        "eps": 0,
        "epsdiluted": 0,
        "weightedAverageShsOut": 25559200,
        "weightedAverageShsOutDil": 25559200,
        "link": "",
        "finalLink": ""
    },
    {
        "date": "1987-06-30",
        "symbol": "CBB",
        "reportedCurrency": "USD",
        "cik": "0000716133",
        "fillingDate": "1987-06-30",
        "acceptedDate": "1987-06-29 20:00:00",
        "calendarYear": "1987",
        "period": "Q2",
        "revenue": 152700000,
        "costOfRevenue": 0,
        "grossProfit": 152700000,
        "grossProfitRatio": 1,
        "researchAndDevelopmentExpenses": 0,
        "generalAndAdministrativeExpenses": 0,
        "sellingAndMarketingExpenses": 0,
        "sellingGeneralAndAdministrativeExpenses": 0,
        "otherExpenses": 0,
        "operatingExpenses": 0,
        "costAndExpenses": 0,
        "interestIncome": 0,
        "interestExpense": 0,
        "depreciationAndAmortization": 0,
        "ebitda": 152700000,
        "ebitdaratio": 1,
        "operatingIncome": 152700000,
        "operatingIncomeRatio": 1,
        "totalOtherIncomeExpensesNet": 0,
        "incomeBeforeTax": 0,
        "incomeBeforeTaxRatio": 0,
        "incomeTaxExpense": 0,
        "netIncome": 0,
        "netIncomeRatio": 0,
        "eps": 0,
        "epsdiluted": 0,
        "weightedAverageShsOut": 25465600,
        "weightedAverageShsOutDil": 25465600,
        "link": "",
        "finalLink": ""
    },
    {
        "date": "1987-03-31",
        "symbol": "CBB",
        "reportedCurrency": "USD",
        "cik": "0000716133",
        "fillingDate": "1987-03-31",
        "acceptedDate": "1987-03-30 19:00:00",
        "calendarYear": "1987",
        "period": "Q1",
        "revenue": 143800000,
        "costOfRevenue": 0,
        "grossProfit": 143800000,
        "grossProfitRatio": 1,
        "researchAndDevelopmentExpenses": 0,
        "generalAndAdministrativeExpenses": 0,
        "sellingAndMarketingExpenses": 0,
        "sellingGeneralAndAdministrativeExpenses": 0,
        "otherExpenses": 0,
        "operatingExpenses": 0,
        "costAndExpenses": 0,
        "interestIncome": 0,
        "interestExpense": 0,
        "depreciationAndAmortization": 0,
        "ebitda": 143800000,
        "ebitdaratio": 1,
        "operatingIncome": 143800000,
        "operatingIncomeRatio": 1,
        "totalOtherIncomeExpensesNet": 0,
        "incomeBeforeTax": 0,
        "incomeBeforeTaxRatio": 0,
        "incomeTaxExpense": 0,
        "netIncome": 0,
        "netIncomeRatio": 0,
        "eps": 0,
        "epsdiluted": 0,
        "weightedAverageShsOut": 25465600,
        "weightedAverageShsOutDil": 25465600,
        "link": "",
        "finalLink": ""
    },
    {
        "date": "1986-12-31",
        "symbol": "CBB",
        "reportedCurrency": "USD",
        "cik": "0000716133",
        "fillingDate": "1986-12-31",
        "acceptedDate": "1986-12-30 19:00:00",
        "calendarYear": "1986",
        "period": "Q4",
        "revenue": 131800000,
        "costOfRevenue": 0,
        "grossProfit": 131800000,
        "grossProfitRatio": 1,
        "researchAndDevelopmentExpenses": 0,
        "generalAndAdministrativeExpenses": 0,
        "sellingAndMarketingExpenses": 0,
        "sellingGeneralAndAdministrativeExpenses": 0,
        "otherExpenses": -377500000,
        "operatingExpenses": -377500000,
        "costAndExpenses": -377500000,
        "interestIncome": 0,
        "interestExpense": 0,
        "depreciationAndAmortization": 0,
        "ebitda": -245700000,
        "ebitdaratio": -1.8641881639,
        "operatingIncome": -245700000,
        "operatingIncomeRatio": -1.8641881639,
        "totalOtherIncomeExpensesNet": 0,
        "incomeBeforeTax": 0,
        "incomeBeforeTaxRatio": 0,
        "incomeTaxExpense": 0,
        "netIncome": 0,
        "netIncomeRatio": 0,
        "eps": 0,
        "epsdiluted": 0,
        "weightedAverageShsOut": 26204800,
        "weightedAverageShsOutDil": 26204800,
        "link": "",
        "finalLink": ""
    },
    {
        "date": "1986-09-30",
        "symbol": "CBB",
        "reportedCurrency": "USD",
        "cik": "0000716133",
        "fillingDate": "1986-09-30",
        "acceptedDate": "1986-09-29 20:00:00",
        "calendarYear": "1986",
        "period": "Q3",
        "revenue": 129700000,
        "costOfRevenue": 0,
        "grossProfit": 129700000,
        "grossProfitRatio": 1,
        "researchAndDevelopmentExpenses": 0,
        "generalAndAdministrativeExpenses": 0,
        "sellingAndMarketingExpenses": 0,
        "sellingGeneralAndAdministrativeExpenses": 0,
        "otherExpenses": 0,
        "operatingExpenses": 0,
        "costAndExpenses": 0,
        "interestIncome": 0,
        "interestExpense": 0,
        "depreciationAndAmortization": 0,
        "ebitda": 129700000,
        "ebitdaratio": 1,
        "operatingIncome": 129700000,
        "operatingIncomeRatio": 1,
        "totalOtherIncomeExpensesNet": 0,
        "incomeBeforeTax": 0,
        "incomeBeforeTaxRatio": 0,
        "incomeTaxExpense": 0,
        "netIncome": 0,
        "netIncomeRatio": 0,
        "eps": 0,
        "epsdiluted": 0,
        "weightedAverageShsOut": 26204800,
        "weightedAverageShsOutDil": 26204800,
        "link": "",
        "finalLink": ""
    },
    {
        "date": "1986-06-30",
        "symbol": "CBB",
        "reportedCurrency": "USD",
        "cik": "0000716133",
        "fillingDate": "1986-06-30",
        "acceptedDate": "1986-06-29 20:00:00",
        "calendarYear": "1986",
        "period": "Q2",
        "revenue": 107000000,
        "costOfRevenue": 0,
        "grossProfit": 107000000,
        "grossProfitRatio": 1,
        "researchAndDevelopmentExpenses": 0,
        "generalAndAdministrativeExpenses": 0,
        "sellingAndMarketingExpenses": 0,
        "sellingGeneralAndAdministrativeExpenses": 0,
        "otherExpenses": 0,
        "operatingExpenses": 0,
        "costAndExpenses": 0,
        "interestIncome": 0,
        "interestExpense": 0,
        "depreciationAndAmortization": 0,
        "ebitda": 107000000,
        "ebitdaratio": 1,
        "operatingIncome": 107000000,
        "operatingIncomeRatio": 1,
        "totalOtherIncomeExpensesNet": 0,
        "incomeBeforeTax": 0,
        "incomeBeforeTaxRatio": 0,
        "incomeTaxExpense": 0,
        "netIncome": 0,
        "netIncomeRatio": 0,
        "eps": 0,
        "epsdiluted": 0,
        "weightedAverageShsOut": 26076800,
        "weightedAverageShsOutDil": 26076800,
        "link": "",
        "finalLink": ""
    },
    {
        "date": "1986-03-31",
        "symbol": "CBB",
        "reportedCurrency": "USD",
        "cik": "0000716133",
        "fillingDate": "1986-03-31",
        "acceptedDate": "1986-03-30 19:00:00",
        "calendarYear": "1986",
        "period": "Q1",
        "revenue": 124100000,
        "costOfRevenue": 0,
        "grossProfit": 124100000,
        "grossProfitRatio": 1,
        "researchAndDevelopmentExpenses": 0,
        "generalAndAdministrativeExpenses": 0,
        "sellingAndMarketingExpenses": 0,
        "sellingGeneralAndAdministrativeExpenses": 0,
        "otherExpenses": 0,
        "operatingExpenses": 0,
        "costAndExpenses": 0,
        "interestIncome": 0,
        "interestExpense": 0,
        "depreciationAndAmortization": 0,
        "ebitda": 124100000,
        "ebitdaratio": 1,
        "operatingIncome": 124100000,
        "operatingIncomeRatio": 1,
        "totalOtherIncomeExpensesNet": 0,
        "incomeBeforeTax": 0,
        "incomeBeforeTaxRatio": 0,
        "incomeTaxExpense": 0,
        "netIncome": 0,
        "netIncomeRatio": 0,
        "eps": 0,
        "epsdiluted": 0,
        "weightedAverageShsOut": 25907200,
        "weightedAverageShsOutDil": 25907200,
        "link": "",
        "finalLink": ""
    },
    {
        "date": "1985-12-31",
        "symbol": "CBB",
        "reportedCurrency": "USD",
        "cik": "0000716133",
        "fillingDate": "1985-12-31",
        "acceptedDate": "1985-12-30 19:00:00",
        "calendarYear": "1985",
        "period": "Q4",
        "revenue": 122700000,
        "costOfRevenue": 0,
        "grossProfit": 122700000,
        "grossProfitRatio": 1,
        "researchAndDevelopmentExpenses": 0,
        "generalAndAdministrativeExpenses": 0,
        "sellingAndMarketingExpenses": 0,
        "sellingGeneralAndAdministrativeExpenses": 0,
        "otherExpenses": -368600000,
        "operatingExpenses": -368600000,
        "costAndExpenses": -368600000,
        "interestIncome": 0,
        "interestExpense": 0,
        "depreciationAndAmortization": 0,
        "ebitda": -245900000,
        "ebitdaratio": -2.0040749796,
        "operatingIncome": -245900000,
        "operatingIncomeRatio": -2.0040749796,
        "totalOtherIncomeExpensesNet": 0,
        "incomeBeforeTax": 0,
        "incomeBeforeTaxRatio": 0,
        "incomeTaxExpense": 0,
        "netIncome": 0,
        "netIncomeRatio": 0,
        "eps": 0,
        "epsdiluted": 0,
        "weightedAverageShsOut": 26550400,
        "weightedAverageShsOutDil": 26550400,
        "link": "",
        "finalLink": ""
    },
    {
        "date": "1985-09-30",
        "symbol": "CBB",
        "reportedCurrency": "USD",
        "cik": "0000716133",
        "fillingDate": "1985-09-30",
        "acceptedDate": "1985-09-29 20:00:00",
        "calendarYear": "1985",
        "period": "Q3",
        "revenue": 116700000,
        "costOfRevenue": 0,
        "grossProfit": 116700000,
        "grossProfitRatio": 1,
        "researchAndDevelopmentExpenses": 0,
        "generalAndAdministrativeExpenses": 0,
        "sellingAndMarketingExpenses": 0,
        "sellingGeneralAndAdministrativeExpenses": 0,
        "otherExpenses": 0,
        "operatingExpenses": 0,
        "costAndExpenses": 0,
        "interestIncome": 0,
        "interestExpense": 0,
        "depreciationAndAmortization": 0,
        "ebitda": 116700000,
        "ebitdaratio": 1,
        "operatingIncome": 116700000,
        "operatingIncomeRatio": 1,
        "totalOtherIncomeExpensesNet": 0,
        "incomeBeforeTax": 0,
        "incomeBeforeTaxRatio": 0,
        "incomeTaxExpense": 0,
        "netIncome": 0,
        "netIncomeRatio": 0,
        "eps": 0,
        "epsdiluted": 0,
        "weightedAverageShsOut": 26550400,
        "weightedAverageShsOutDil": 26550400,
        "link": "",
        "finalLink": ""
    }
]