[
    {
        "date": "2025-06-30",
        "symbol": "CHA",
        "reportedCurrency": "CNY",
        "cik": "0002013649",
        "fillingDate": "2025-06-30",
        "acceptedDate": "2025-06-30 00:00:00",
        "calendarYear": "2025",
        "period": "Q2",
        "revenue": 3331881000,
        "costOfRevenue": 1720919000,
        "grossProfit": 1610962000,
        "grossProfitRatio": 0.4834992606,
        "researchAndDevelopmentExpenses": 0,
        "generalAndAdministrativeExpenses": 944585000,
        "sellingAndMarketingExpenses": 385040000,
        "sellingGeneralAndAdministrativeExpenses": 1329625000,
        "otherExpenses": 173723000,
        "operatingExpenses": 1503348000,
        "costAndExpenses": 3224267000,
        "interestIncome": 50830000,
        "interestExpense": 0,
        "depreciationAndAmortization": 0,
        "ebitda": 107614000,
        "ebitdaratio": 0.0322982724,
        "operatingIncome": 107614000,
        "operatingIncomeRatio": 0.0322982724,
        "totalOtherIncomeExpensesNet": 96027000,
        "incomeBeforeTax": 203641000,
        "incomeBeforeTaxRatio": 0.0611189295,
        "incomeTaxExpense": 126403000,
        "netIncome": 69541000,
        "netIncomeRatio": 0.0208713937,
        "eps": 0.34,
        "epsdiluted": 0.34,
        "weightedAverageShsOut": 183549892,
        "weightedAverageShsOutDil": 183549892,
        "link": null,
        "finalLink": null
    },
    {
        "date": "2025-03-31",
        "symbol": "CHA",
        "reportedCurrency": "CNY",
        "cik": "0002013649",
        "fillingDate": "2025-03-31",
        "acceptedDate": "2025-03-31 00:00:00",
        "calendarYear": "2025",
        "period": "Q1",
        "revenue": 3392711000,
        "costOfRevenue": 1747328000,
        "grossProfit": 1645383000,
        "grossProfitRatio": 0.4849758792,
        "researchAndDevelopmentExpenses": 0,
        "generalAndAdministrativeExpenses": 352826000,
        "sellingAndMarketingExpenses": 299323000,
        "sellingGeneralAndAdministrativeExpenses": 652149000,
        "otherExpenses": 172458000,
        "operatingExpenses": 824607000,
        "costAndExpenses": 2571935000,
        "interestIncome": 15694000,
        "interestExpense": 0,
        "depreciationAndAmortization": 0,
        "ebitda": 820776000,
        "ebitdaratio": 0.2419233468,
        "operatingIncome": 820776000,
        "operatingIncomeRatio": 0.2419233468,
        "totalOtherIncomeExpensesNet": 15287000,
        "incomeBeforeTax": 836063000,
        "incomeBeforeTaxRatio": 0.246429183,
        "incomeTaxExpense": 158746000,
        "netIncome": 678858000,
        "netIncomeRatio": 0.2000930819,
        "eps": 3.54,
        "epsdiluted": 3.54,
        "weightedAverageShsOut": 183549892,
        "weightedAverageShsOutDil": 183549892,
        "link": null,
        "finalLink": null
    },
    {
        "date": "2024-12-31",
        "symbol": "CHA",
        "reportedCurrency": "CNY",
        "cik": "0002013649",
        "fillingDate": "2024-12-31",
        "acceptedDate": "2024-12-31 00:00:00",
        "calendarYear": "2024",
        "period": "Q4",
        "revenue": 3334426000,
        "costOfRevenue": 1777589000,
        "grossProfit": 1556837000,
        "grossProfitRatio": 0.4668980508,
        "researchAndDevelopmentExpenses": 0,
        "generalAndAdministrativeExpenses": 438892000,
        "sellingAndMarketingExpenses": 293075000,
        "sellingGeneralAndAdministrativeExpenses": 731967000,
        "otherExpenses": 182387000,
        "operatingExpenses": 914354000,
        "costAndExpenses": 2691943000,
        "interestIncome": -1214000,
        "interestExpense": 0,
        "depreciationAndAmortization": 0,
        "ebitda": 642483000,
        "ebitdaratio": 0.1926817389,
        "operatingIncome": 642483000,
        "operatingIncomeRatio": 0.1926817389,
        "totalOtherIncomeExpensesNet": 59781000,
        "incomeBeforeTax": 702264000,
        "incomeBeforeTaxRatio": 0.210610162,
        "incomeTaxExpense": 58129000,
        "netIncome": 659022000,
        "netIncomeRatio": 0.197641813,
        "eps": 3.59,
        "epsdiluted": 3.59,
        "weightedAverageShsOut": 183549892,
        "weightedAverageShsOutDil": 183549892,
        "link": null,
        "finalLink": null
    },
    {
        "date": "2024-09-30",
        "symbol": "CHA",
        "reportedCurrency": "CNY",
        "cik": "0002013649",
        "fillingDate": "2024-09-30",
        "acceptedDate": "2024-09-30 00:00:00",
        "calendarYear": "2024",
        "period": "Q3",
        "revenue": 3541248000,
        "costOfRevenue": 1904709000,
        "grossProfit": 1636539000,
        "grossProfitRatio": 0.4621362299,
        "researchAndDevelopmentExpenses": 0,
        "generalAndAdministrativeExpenses": 394708000,
        "sellingAndMarketingExpenses": 280885000,
        "sellingGeneralAndAdministrativeExpenses": 675593000,
        "otherExpenses": 166696000,
        "operatingExpenses": 842289000,
        "costAndExpenses": 2746998000,
        "interestIncome": 21324000,
        "interestExpense": 0,
        "depreciationAndAmortization": 0,
        "ebitda": 794250000,
        "ebitdaratio": 0.2242853367,
        "operatingIncome": 794250000,
        "operatingIncomeRatio": 0.2242853367,
        "totalOtherIncomeExpensesNet": 14042000,
        "incomeBeforeTax": 808292000,
        "incomeBeforeTaxRatio": 0.2282506054,
        "incomeTaxExpense": 161659000,
        "netIncome": 640979000,
        "netIncomeRatio": 0.1810037026,
        "eps": 3.49,
        "epsdiluted": 3.49,
        "weightedAverageShsOut": 183549892,
        "weightedAverageShsOutDil": 183549892,
        "link": null,
        "finalLink": null
    },
    {
        "date": "2024-06-30",
        "symbol": "CHA",
        "reportedCurrency": "CNY",
        "cik": "0002013649",
        "fillingDate": "2024-06-30",
        "acceptedDate": "2024-06-30 00:00:00",
        "calendarYear": "2024",
        "period": "Q2",
        "revenue": 3023337000,
        "costOfRevenue": 1667360000,
        "grossProfit": 1355977000,
        "grossProfitRatio": 0.4485034252,
        "researchAndDevelopmentExpenses": 0,
        "generalAndAdministrativeExpenses": 283261000,
        "sellingAndMarketingExpenses": 201264000,
        "sellingGeneralAndAdministrativeExpenses": 484525000,
        "otherExpenses": 127529000,
        "operatingExpenses": 612054000,
        "costAndExpenses": 2279414000,
        "interestIncome": 7979000,
        "interestExpense": 0,
        "depreciationAndAmortization": 9186000,
        "ebitda": 753109000,
        "ebitdaratio": 0.2490985954,
        "operatingIncome": 743923000,
        "operatingIncomeRatio": 0.2460602308,
        "totalOtherIncomeExpensesNet": 43119000,
        "incomeBeforeTax": 787042000,
        "incomeBeforeTaxRatio": 0.2603222863,
        "incomeTaxExpense": 158321000,
        "netIncome": 621851000,
        "netIncomeRatio": 0.2056836535,
        "eps": 3.22,
        "epsdiluted": 3.22,
        "weightedAverageShsOut": 183549892,
        "weightedAverageShsOutDil": 183549892,
        "link": null,
        "finalLink": null
    },
    {
        "date": "2024-03-31",
        "symbol": "CHA",
        "reportedCurrency": "CNY",
        "cik": "0002013649",
        "fillingDate": "2024-03-31",
        "acceptedDate": "2024-03-31 00:00:00",
        "calendarYear": "2024",
        "period": "Q1",
        "revenue": 2506571000,
        "costOfRevenue": 1374406000,
        "grossProfit": 1132165000,
        "grossProfitRatio": 0.4516788074,
        "researchAndDevelopmentExpenses": 0,
        "generalAndAdministrativeExpenses": 254976000,
        "sellingAndMarketingExpenses": 75237000,
        "sellingGeneralAndAdministrativeExpenses": 330213000,
        "otherExpenses": 96009000,
        "operatingExpenses": 426222000,
        "costAndExpenses": 1800628000,
        "interestIncome": 9217000,
        "interestExpense": 0,
        "depreciationAndAmortization": 8365000,
        "ebitda": 714308000,
        "ebitdaratio": 0.2849741739,
        "operatingIncome": 705943000,
        "operatingIncomeRatio": 0.2816369455,
        "totalOtherIncomeExpensesNet": 38557000,
        "incomeBeforeTax": 744500000,
        "incomeBeforeTaxRatio": 0.2970193144,
        "incomeTaxExpense": 149398000,
        "netIncome": 594262000,
        "netIncomeRatio": 0.2370816546,
        "eps": 3.09,
        "epsdiluted": 3.09,
        "weightedAverageShsOut": 183549892,
        "weightedAverageShsOutDil": 183549892,
        "link": null,
        "finalLink": null
    },
    {
        "date": "2023-12-31",
        "symbol": "CHA",
        "reportedCurrency": "CNY",
        "cik": "0002013649",
        "fillingDate": "2023-12-31",
        "acceptedDate": "2023-12-31 00:00:00",
        "calendarYear": "2023",
        "period": "Q4",
        "revenue": 2047048000,
        "costOfRevenue": 1155115000,
        "grossProfit": 891933000,
        "grossProfitRatio": 0.4357167003,
        "researchAndDevelopmentExpenses": 0,
        "generalAndAdministrativeExpenses": 225645000,
        "sellingAndMarketingExpenses": 79282000,
        "sellingGeneralAndAdministrativeExpenses": 304927000,
        "otherExpenses": 110714000,
        "operatingExpenses": 415641000,
        "costAndExpenses": 1570756000,
        "interestIncome": 12858000,
        "interestExpense": 0,
        "depreciationAndAmortization": 4262000,
        "ebitda": 480554000,
        "ebitdaratio": 0.234754632,
        "operatingIncome": 476292000,
        "operatingIncomeRatio": 0.2326726095,
        "totalOtherIncomeExpensesNet": -95984000,
        "incomeBeforeTax": 380308000,
        "incomeBeforeTaxRatio": 0.185783626,
        "incomeTaxExpense": 70034000,
        "netIncome": 308971000,
        "netIncomeRatio": 0.1509349072,
        "eps": 1.76,
        "epsdiluted": 1.76,
        "weightedAverageShsOut": 183549892,
        "weightedAverageShsOutDil": 183549892,
        "link": null,
        "finalLink": null
    },
    {
        "date": "2023-09-30",
        "symbol": "CHA",
        "reportedCurrency": "CNY",
        "cik": "0002013649",
        "fillingDate": "2023-09-30",
        "acceptedDate": "2023-09-30 00:00:00",
        "calendarYear": "2023",
        "period": "Q3",
        "revenue": 1443711000,
        "costOfRevenue": 816308000,
        "grossProfit": 627403000,
        "grossProfitRatio": 0.4345765877,
        "researchAndDevelopmentExpenses": 0,
        "generalAndAdministrativeExpenses": 118725000,
        "sellingAndMarketingExpenses": 53339000,
        "sellingGeneralAndAdministrativeExpenses": 172064000,
        "otherExpenses": 89023000,
        "operatingExpenses": 261087000,
        "costAndExpenses": 1077395000,
        "interestIncome": 3617000,
        "interestExpense": 0,
        "depreciationAndAmortization": 1908000,
        "ebitda": 368224000,
        "ebitdaratio": 0.2550538162,
        "operatingIncome": 366316000,
        "operatingIncomeRatio": 0.253732222,
        "totalOtherIncomeExpensesNet": 8375000,
        "incomeBeforeTax": 374691000,
        "incomeBeforeTaxRatio": 0.2595332445,
        "incomeTaxExpense": 75612000,
        "netIncome": 298719000,
        "netIncomeRatio": 0.2069105243,
        "eps": 1.63,
        "epsdiluted": 1.63,
        "weightedAverageShsOut": 183549892,
        "weightedAverageShsOutDil": 183549892,
        "link": null,
        "finalLink": null
    },
    {
        "date": "2023-06-30",
        "symbol": "CHA",
        "reportedCurrency": "CNY",
        "cik": "0002013649",
        "fillingDate": "2023-06-30",
        "acceptedDate": "2023-06-30 00:00:00",
        "calendarYear": "2023",
        "period": "Q2",
        "revenue": 732385000,
        "costOfRevenue": 441131000,
        "grossProfit": 291254000,
        "grossProfitRatio": 0.3976788165,
        "researchAndDevelopmentExpenses": 0,
        "generalAndAdministrativeExpenses": 69565000,
        "sellingAndMarketingExpenses": 26082000,
        "sellingGeneralAndAdministrativeExpenses": 95647000,
        "otherExpenses": 44252000,
        "operatingExpenses": 139899000,
        "costAndExpenses": 581030000,
        "interestIncome": 345000,
        "interestExpense": 0,
        "depreciationAndAmortization": 2565000,
        "ebitda": 153920000,
        "ebitdaratio": 0.2101626877,
        "operatingIncome": 151355000,
        "operatingIncomeRatio": 0.2066604313,
        "totalOtherIncomeExpensesNet": 16346000,
        "incomeBeforeTax": 167701000,
        "incomeBeforeTaxRatio": 0.2289792937,
        "incomeTaxExpense": 38657000,
        "netIncome": 129044000,
        "netIncomeRatio": 0.1761969456,
        "eps": 0.7,
        "epsdiluted": 0.7,
        "weightedAverageShsOut": 183549892,
        "weightedAverageShsOutDil": 183549892,
        "link": null,
        "finalLink": null
    },
    {
        "date": "2023-03-31",
        "symbol": "CHA",
        "reportedCurrency": "CNY",
        "cik": "0002013649",
        "fillingDate": "2023-03-31",
        "acceptedDate": "2023-03-31 00:00:00",
        "calendarYear": "2023",
        "period": "Q1",
        "revenue": 417027000,
        "costOfRevenue": 256079000,
        "grossProfit": 160948000,
        "grossProfitRatio": 0.3859414378,
        "researchAndDevelopmentExpenses": 0,
        "generalAndAdministrativeExpenses": 42906000,
        "sellingAndMarketingExpenses": 9118000,
        "sellingGeneralAndAdministrativeExpenses": 52024000,
        "otherExpenses": 28784000,
        "operatingExpenses": 80808000,
        "costAndExpenses": 336887000,
        "interestIncome": 196000,
        "interestExpense": 0,
        "depreciationAndAmortization": 1635000,
        "ebitda": 81775000,
        "ebitdaratio": 0.196090421,
        "operatingIncome": 80140000,
        "operatingIncomeRatio": 0.1921698115,
        "totalOtherIncomeExpensesNet": 3487000,
        "incomeBeforeTax": 83627000,
        "incomeBeforeTaxRatio": 0.2005313805,
        "incomeTaxExpense": 19458000,
        "netIncome": 64169000,
        "netIncomeRatio": 0.153872531,
        "eps": 0.27,
        "epsdiluted": 0.27,
        "weightedAverageShsOut": 183549892,
        "weightedAverageShsOutDil": 183549892,
        "link": null,
        "finalLink": null
    },
    {
        "date": "2022-12-31",
        "symbol": "CHA",
        "reportedCurrency": "CNY",
        "cik": "0002013649",
        "fillingDate": "2022-12-31",
        "acceptedDate": "2022-12-31 00:00:00",
        "calendarYear": "2022",
        "period": "Q4",
        "revenue": 215633000,
        "costOfRevenue": 145934000,
        "grossProfit": 69699000,
        "grossProfitRatio": 0.3232297468,
        "researchAndDevelopmentExpenses": 0,
        "generalAndAdministrativeExpenses": 34712000,
        "sellingAndMarketingExpenses": 15115000,
        "sellingGeneralAndAdministrativeExpenses": 49827000,
        "otherExpenses": 22595000,
        "operatingExpenses": 72422000,
        "costAndExpenses": 218356000,
        "interestIncome": 219000,
        "interestExpense": 0,
        "depreciationAndAmortization": 1433000,
        "ebitda": -1290000,
        "ebitdaratio": -0.0059823867,
        "operatingIncome": -2723000,
        "operatingIncomeRatio": -0.0126279373,
        "totalOtherIncomeExpensesNet": -32000,
        "incomeBeforeTax": -2755000,
        "incomeBeforeTaxRatio": -0.0127763376,
        "incomeTaxExpense": 390000,
        "netIncome": -3145000,
        "netIncomeRatio": -0.0145849661,
        "eps": -0.0171,
        "epsdiluted": -0.0171,
        "weightedAverageShsOut": 183549892,
        "weightedAverageShsOutDil": 183549892,
        "link": null,
        "finalLink": null
    }
]