[
    {
        "date": "2021-09-30",
        "symbol": "CIT",
        "reportedCurrency": "USD",
        "cik": "0001171825",
        "fillingDate": "2021-09-30",
        "acceptedDate": "2021-09-29 20:00:00",
        "calendarYear": "2021",
        "period": "Q3",
        "revenue": 547000000,
        "costOfRevenue": 0,
        "grossProfit": 547000000,
        "grossProfitRatio": 1,
        "researchAndDevelopmentExpenses": 0,
        "generalAndAdministrativeExpenses": 199300000,
        "sellingAndMarketingExpenses": 5800000,
        "sellingGeneralAndAdministrativeExpenses": 205100000,
        "otherExpenses": -418100000,
        "operatingExpenses": -213000000,
        "costAndExpenses": -213000000,
        "interestIncome": 358900000,
        "interestExpense": 103000000,
        "depreciationAndAmortization": 85100000,
        "ebitda": 419100000,
        "ebitdaratio": 0.766179159,
        "operatingIncome": 334000000,
        "operatingIncomeRatio": 0.6106032907,
        "totalOtherIncomeExpensesNet": -103000000,
        "incomeBeforeTax": 231000000,
        "incomeBeforeTaxRatio": 0.4223034735,
        "incomeTaxExpense": 55500000,
        "netIncome": 175500000,
        "netIncomeRatio": 0.3208409506,
        "eps": 1.77,
        "epsdiluted": 1.75,
        "weightedAverageShsOut": 99168000,
        "weightedAverageShsOutDil": 100432000,
        "link": "",
        "finalLink": ""
    },
    {
        "date": "2021-06-30",
        "symbol": "CIT",
        "reportedCurrency": "USD",
        "cik": "0001171825",
        "fillingDate": "2021-06-30",
        "acceptedDate": "2021-06-29 20:00:00",
        "calendarYear": "2021",
        "period": "Q2",
        "revenue": 586100000,
        "costOfRevenue": 0,
        "grossProfit": 586100000,
        "grossProfitRatio": 1,
        "researchAndDevelopmentExpenses": 0,
        "generalAndAdministrativeExpenses": 196100000,
        "sellingAndMarketingExpenses": 5000000,
        "sellingGeneralAndAdministrativeExpenses": 201100000,
        "otherExpenses": -381800000,
        "operatingExpenses": -180700000,
        "costAndExpenses": -180700000,
        "interestIncome": 372000000,
        "interestExpense": 106800000,
        "depreciationAndAmortization": 82800000,
        "ebitda": 488200000,
        "ebitdaratio": 0.8329636581,
        "operatingIncome": 405400000,
        "operatingIncomeRatio": 0.6916908377,
        "totalOtherIncomeExpensesNet": -106800000,
        "incomeBeforeTax": 298600000,
        "incomeBeforeTaxRatio": 0.5094693738,
        "incomeTaxExpense": 71700000,
        "netIncome": 226900000,
        "netIncomeRatio": 0.3871353011,
        "eps": 2.29,
        "epsdiluted": 2.26,
        "weightedAverageShsOut": 99110000,
        "weightedAverageShsOutDil": 100340000,
        "link": "",
        "finalLink": ""
    },
    {
        "date": "2021-03-31",
        "symbol": "CIT",
        "reportedCurrency": "USD",
        "cik": "0001171825",
        "fillingDate": "2021-03-31",
        "acceptedDate": "2021-03-30 20:00:00",
        "calendarYear": "2021",
        "period": "Q1",
        "revenue": 665100000,
        "costOfRevenue": 0,
        "grossProfit": 665100000,
        "grossProfitRatio": 1,
        "researchAndDevelopmentExpenses": 0,
        "generalAndAdministrativeExpenses": 203300000,
        "sellingAndMarketingExpenses": 3500000,
        "sellingGeneralAndAdministrativeExpenses": 206800000,
        "otherExpenses": -352200000,
        "operatingExpenses": -145400000,
        "costAndExpenses": -145400000,
        "interestIncome": 386400000,
        "interestExpense": 119600000,
        "depreciationAndAmortization": 84700000,
        "ebitda": 604400000,
        "ebitdaratio": 0.9087355285,
        "operatingIncome": 519700000,
        "operatingIncomeRatio": 0.7813862577,
        "totalOtherIncomeExpensesNet": -119600000,
        "incomeBeforeTax": 400100000,
        "incomeBeforeTaxRatio": 0.6015636746,
        "incomeTaxExpense": 96300000,
        "netIncome": 303800000,
        "netIncomeRatio": 0.4567734175,
        "eps": 3.07,
        "epsdiluted": 3.07,
        "weightedAverageShsOut": 98812000,
        "weightedAverageShsOutDil": 99076000,
        "link": "",
        "finalLink": ""
    },
    {
        "date": "2020-12-31",
        "symbol": "CIT",
        "reportedCurrency": "USD",
        "cik": "0001171825",
        "fillingDate": "2020-12-31",
        "acceptedDate": "2020-12-30 19:00:00",
        "calendarYear": "2020",
        "period": "Q4",
        "revenue": 611400000,
        "costOfRevenue": 0,
        "grossProfit": 611400000,
        "grossProfitRatio": 1,
        "researchAndDevelopmentExpenses": 0,
        "generalAndAdministrativeExpenses": 214800000,
        "sellingAndMarketingExpenses": 3800000,
        "sellingGeneralAndAdministrativeExpenses": 218600000,
        "otherExpenses": -653900000,
        "operatingExpenses": -435300000,
        "costAndExpenses": -435300000,
        "interestIncome": 413600000,
        "interestExpense": 139600000,
        "depreciationAndAmortization": 85500000,
        "ebitda": 261600000,
        "ebitdaratio": 0.4278704612,
        "operatingIncome": 176100000,
        "operatingIncomeRatio": 0.2880274779,
        "totalOtherIncomeExpensesNet": -139600000,
        "incomeBeforeTax": 36500000,
        "incomeBeforeTaxRatio": 0.0596990514,
        "incomeTaxExpense": 27900000,
        "netIncome": 8600000,
        "netIncomeRatio": 0.0140660779,
        "eps": 0.0872,
        "epsdiluted": 0.0872,
        "weightedAverageShsOut": 98569000,
        "weightedAverageShsOutDil": 98569000,
        "link": "",
        "finalLink": ""
    },
    {
        "date": "2020-09-30",
        "symbol": "CIT",
        "reportedCurrency": "USD",
        "cik": "0001171825",
        "fillingDate": "2020-09-30",
        "acceptedDate": "2020-09-29 20:00:00",
        "calendarYear": "2020",
        "period": "Q3",
        "revenue": 580800000,
        "costOfRevenue": 0,
        "grossProfit": 580800000,
        "grossProfitRatio": 1,
        "researchAndDevelopmentExpenses": 0,
        "generalAndAdministrativeExpenses": 213300000,
        "sellingAndMarketingExpenses": 4800000,
        "sellingGeneralAndAdministrativeExpenses": 218100000,
        "otherExpenses": -518200000,
        "operatingExpenses": -300100000,
        "costAndExpenses": -300100000,
        "interestIncome": 421900000,
        "interestExpense": 165500000,
        "depreciationAndAmortization": 82500000,
        "ebitda": 363200000,
        "ebitdaratio": 0.6253443526,
        "operatingIncome": 280700000,
        "operatingIncomeRatio": 0.4832988981,
        "totalOtherIncomeExpensesNet": -165500000,
        "incomeBeforeTax": 115200000,
        "incomeBeforeTaxRatio": 0.1983471074,
        "incomeTaxExpense": 29500000,
        "netIncome": 85700000,
        "netIncomeRatio": 0.1475550964,
        "eps": 0.87,
        "epsdiluted": 0.87,
        "weightedAverageShsOut": 98523000,
        "weightedAverageShsOutDil": 98556000,
        "link": "",
        "finalLink": ""
    },
    {
        "date": "2020-06-30",
        "symbol": "CIT",
        "reportedCurrency": "USD",
        "cik": "0001171825",
        "fillingDate": "2020-06-30",
        "acceptedDate": "2020-06-29 20:00:00",
        "calendarYear": "2020",
        "period": "Q2",
        "revenue": 527400000,
        "costOfRevenue": 0,
        "grossProfit": 527400000,
        "grossProfitRatio": 1,
        "researchAndDevelopmentExpenses": 0,
        "generalAndAdministrativeExpenses": 225600000,
        "sellingAndMarketingExpenses": 8900000,
        "sellingGeneralAndAdministrativeExpenses": 234500000,
        "otherExpenses": -717900000,
        "operatingExpenses": -483400000,
        "costAndExpenses": -483400000,
        "interestIncome": 445900000,
        "interestExpense": 202500000,
        "depreciationAndAmortization": 81100000,
        "ebitda": 125100000,
        "ebitdaratio": 0.2372013652,
        "operatingIncome": 44000000,
        "operatingIncomeRatio": 0.083428138,
        "totalOtherIncomeExpensesNet": -202500000,
        "incomeBeforeTax": -158500000,
        "incomeBeforeTaxRatio": -0.3005309063,
        "incomeTaxExpense": -73200000,
        "netIncome": -85300000,
        "netIncomeRatio": -0.1617368221,
        "eps": -0.87,
        "epsdiluted": -0.87,
        "weightedAverageShsOut": 98438000,
        "weightedAverageShsOutDil": 98438000,
        "link": "",
        "finalLink": ""
    },
    {
        "date": "2020-03-31",
        "symbol": "CIT",
        "reportedCurrency": "USD",
        "cik": "0001171825",
        "fillingDate": "2020-03-31",
        "acceptedDate": "2020-03-30 20:00:00",
        "calendarYear": "2020",
        "period": "Q1",
        "revenue": 605000000,
        "costOfRevenue": 0,
        "grossProfit": 605000000,
        "grossProfitRatio": 1,
        "researchAndDevelopmentExpenses": 0,
        "generalAndAdministrativeExpenses": 234200000,
        "sellingAndMarketingExpenses": 16600000,
        "sellingGeneralAndAdministrativeExpenses": 250800000,
        "otherExpenses": -1326700000,
        "operatingExpenses": -1075900000,
        "costAndExpenses": -1075900000,
        "interestIncome": 512400000,
        "interestExpense": 225700000,
        "depreciationAndAmortization": 78300000,
        "ebitda": -392600000,
        "ebitdaratio": -0.6489256198,
        "operatingIncome": -470900000,
        "operatingIncomeRatio": -0.7783471074,
        "totalOtherIncomeExpensesNet": -225700000,
        "incomeBeforeTax": -696600000,
        "incomeBeforeTaxRatio": -1.1514049587,
        "incomeTaxExpense": -72300000,
        "netIncome": -624300000,
        "netIncomeRatio": -1.0319008264,
        "eps": -6.36,
        "epsdiluted": -6.36,
        "weightedAverageShsOut": 98089000,
        "weightedAverageShsOutDil": 98089000,
        "link": "",
        "finalLink": ""
    },
    {
        "date": "2019-12-31",
        "symbol": "CIT",
        "reportedCurrency": "USD",
        "cik": "0001171825",
        "fillingDate": "2019-12-31",
        "acceptedDate": "2019-12-30 19:00:00",
        "calendarYear": "2019",
        "period": "Q4",
        "revenue": 558600000,
        "costOfRevenue": 0,
        "grossProfit": 558600000,
        "grossProfitRatio": 1,
        "researchAndDevelopmentExpenses": 0,
        "generalAndAdministrativeExpenses": 187100000,
        "sellingAndMarketingExpenses": 7000000,
        "sellingGeneralAndAdministrativeExpenses": 194100000,
        "otherExpenses": -343000000,
        "operatingExpenses": -148900000,
        "costAndExpenses": -148900000,
        "interestIncome": 479500000,
        "interestExpense": 229800000,
        "depreciationAndAmortization": 76400000,
        "ebitda": 486100000,
        "ebitdaratio": 0.8702112424,
        "operatingIncome": 409700000,
        "operatingIncomeRatio": 0.7334407447,
        "totalOtherIncomeExpensesNet": -229800000,
        "incomeBeforeTax": 179900000,
        "incomeBeforeTaxRatio": 0.3220551378,
        "incomeTaxExpense": 49300000,
        "netIncome": 130600000,
        "netIncomeRatio": 0.2337987827,
        "eps": 1.38,
        "epsdiluted": 1.37,
        "weightedAverageShsOut": 94745000,
        "weightedAverageShsOutDil": 95143000,
        "link": "",
        "finalLink": ""
    },
    {
        "date": "2019-09-30",
        "symbol": "CIT",
        "reportedCurrency": "USD",
        "cik": "0001171825",
        "fillingDate": "2019-09-30",
        "acceptedDate": "2019-09-29 20:00:00",
        "calendarYear": "2019",
        "period": "Q3",
        "revenue": 554300000,
        "costOfRevenue": 0,
        "grossProfit": 554300000,
        "grossProfitRatio": 1,
        "researchAndDevelopmentExpenses": 0,
        "generalAndAdministrativeExpenses": 184300000,
        "sellingAndMarketingExpenses": 14400000,
        "sellingGeneralAndAdministrativeExpenses": 198700000,
        "otherExpenses": -392300000,
        "operatingExpenses": -193600000,
        "costAndExpenses": -193600000,
        "interestIncome": 501700000,
        "interestExpense": 243900000,
        "depreciationAndAmortization": 76000000,
        "ebitda": 436700000,
        "ebitdaratio": 0.7878405196,
        "operatingIncome": 360700000,
        "operatingIncomeRatio": 0.6507306513,
        "totalOtherIncomeExpensesNet": -243900000,
        "incomeBeforeTax": 116800000,
        "incomeBeforeTaxRatio": 0.2107162187,
        "incomeTaxExpense": -26000000,
        "netIncome": 142800000,
        "netIncomeRatio": 0.2576222262,
        "eps": 1.51,
        "epsdiluted": 1.5,
        "weightedAverageShsOut": 94732000,
        "weightedAverageShsOutDil": 95018000,
        "link": "",
        "finalLink": ""
    },
    {
        "date": "2019-06-30",
        "symbol": "CIT",
        "reportedCurrency": "USD",
        "cik": "0001171825",
        "fillingDate": "2019-06-30",
        "acceptedDate": "2019-06-29 20:00:00",
        "calendarYear": "2019",
        "period": "Q2",
        "revenue": 574900000,
        "costOfRevenue": 0,
        "grossProfit": 574900000,
        "grossProfitRatio": 1,
        "researchAndDevelopmentExpenses": 0,
        "generalAndAdministrativeExpenses": 189200000,
        "sellingAndMarketingExpenses": 5800000,
        "sellingGeneralAndAdministrativeExpenses": 195000000,
        "otherExpenses": -356200000,
        "operatingExpenses": -161200000,
        "costAndExpenses": -161200000,
        "interestIncome": 513300000,
        "interestExpense": 242700000,
        "depreciationAndAmortization": 76800000,
        "ebitda": 490500000,
        "ebitdaratio": 0.8531918595,
        "operatingIncome": 413700000,
        "operatingIncomeRatio": 0.7196034093,
        "totalOtherIncomeExpensesNet": -243500000,
        "incomeBeforeTax": 170200000,
        "incomeBeforeTaxRatio": 0.2960514872,
        "incomeTaxExpense": 33400000,
        "netIncome": 136800000,
        "netIncomeRatio": 0.2379544269,
        "eps": 1.42,
        "epsdiluted": 1.42,
        "weightedAverageShsOut": 96173000,
        "weightedAverageShsOutDil": 96483000,
        "link": "",
        "finalLink": ""
    },
    {
        "date": "2019-03-31",
        "symbol": "CIT",
        "reportedCurrency": "USD",
        "cik": "0001171825",
        "fillingDate": "2019-03-31",
        "acceptedDate": "2019-03-30 20:00:00",
        "calendarYear": "2019",
        "period": "Q1",
        "revenue": 578800000,
        "costOfRevenue": 0,
        "grossProfit": 578800000,
        "grossProfitRatio": 1,
        "researchAndDevelopmentExpenses": 0,
        "generalAndAdministrativeExpenses": 193100000,
        "sellingAndMarketingExpenses": 13200000,
        "sellingGeneralAndAdministrativeExpenses": 206300000,
        "otherExpenses": -392800000,
        "operatingExpenses": -186500000,
        "costAndExpenses": -186500000,
        "interestIncome": 513800000,
        "interestExpense": 235600000,
        "depreciationAndAmortization": 79400000,
        "ebitda": 471700000,
        "ebitdaratio": 0.8149619903,
        "operatingIncome": 392300000,
        "operatingIncomeRatio": 0.6777816171,
        "totalOtherIncomeExpensesNet": -235300000,
        "incomeBeforeTax": 157000000,
        "incomeBeforeTaxRatio": 0.2712508639,
        "incomeTaxExpense": 37800000,
        "netIncome": 119200000,
        "netIncomeRatio": 0.205943331,
        "eps": 1.19,
        "epsdiluted": 1.18,
        "weightedAverageShsOut": 100420000,
        "weightedAverageShsOutDil": 101096000,
        "link": "",
        "finalLink": ""
    },
    {
        "date": "2018-12-31",
        "symbol": "CIT",
        "reportedCurrency": "USD",
        "cik": "0001171825",
        "fillingDate": "2018-12-31",
        "acceptedDate": "2018-12-30 19:00:00",
        "calendarYear": "2018",
        "period": "Q4",
        "revenue": 510700000,
        "costOfRevenue": 0,
        "grossProfit": 510700000,
        "grossProfitRatio": 1,
        "researchAndDevelopmentExpenses": 0,
        "generalAndAdministrativeExpenses": 178200000,
        "sellingAndMarketingExpenses": 10600000,
        "sellingGeneralAndAdministrativeExpenses": 188800000,
        "otherExpenses": -367300000,
        "operatingExpenses": -178500000,
        "costAndExpenses": -178500000,
        "interestIncome": 478800000,
        "interestExpense": 215500000,
        "depreciationAndAmortization": 79500000,
        "ebitda": 411700000,
        "ebitdaratio": 0.8061484237,
        "operatingIncome": 332200000,
        "operatingIncomeRatio": 0.6504797337,
        "totalOtherIncomeExpensesNet": -215600000,
        "incomeBeforeTax": 116600000,
        "incomeBeforeTaxRatio": 0.2283140787,
        "incomeTaxExpense": 24900000,
        "netIncome": 91700000,
        "netIncomeRatio": 0.1795574701,
        "eps": 0.88,
        "epsdiluted": 0.87,
        "weightedAverageShsOut": 104110000,
        "weightedAverageShsOutDil": 105149000,
        "link": "",
        "finalLink": ""
    },
    {
        "date": "2018-09-30",
        "symbol": "CIT",
        "reportedCurrency": "USD",
        "cik": "0001171825",
        "fillingDate": "2018-09-30",
        "acceptedDate": "2018-09-29 20:00:00",
        "calendarYear": "2018",
        "period": "Q3",
        "revenue": 596600000,
        "costOfRevenue": 0,
        "grossProfit": 596600000,
        "grossProfitRatio": 1,
        "researchAndDevelopmentExpenses": 0,
        "generalAndAdministrativeExpenses": 185500000,
        "sellingAndMarketingExpenses": 10600000,
        "sellingGeneralAndAdministrativeExpenses": 196100000,
        "otherExpenses": -406000000,
        "operatingExpenses": -209900000,
        "costAndExpenses": -209900000,
        "interestIncome": 473600000,
        "interestExpense": 213900000,
        "depreciationAndAmortization": 78000000,
        "ebitda": 464700000,
        "ebitdaratio": 0.7789138451,
        "operatingIncome": 386700000,
        "operatingIncomeRatio": 0.6481729802,
        "totalOtherIncomeExpensesNet": -216000000,
        "incomeBeforeTax": 170700000,
        "incomeBeforeTaxRatio": 0.2861213543,
        "incomeTaxExpense": 41300000,
        "netIncome": 129400000,
        "netIncomeRatio": 0.2168957425,
        "eps": 1.15,
        "epsdiluted": 1.14,
        "weightedAverageShsOut": 112842000,
        "weightedAverageShsOutDil": 114007000,
        "link": "",
        "finalLink": ""
    },
    {
        "date": "2018-06-30",
        "symbol": "CIT",
        "reportedCurrency": "USD",
        "cik": "0001171825",
        "fillingDate": "2018-06-30",
        "acceptedDate": "2018-06-29 20:00:00",
        "calendarYear": "2018",
        "period": "Q2",
        "revenue": 650700000,
        "costOfRevenue": 0,
        "grossProfit": 650700000,
        "grossProfitRatio": 1,
        "researchAndDevelopmentExpenses": 0,
        "generalAndAdministrativeExpenses": 194400000,
        "sellingAndMarketingExpenses": 13400000,
        "sellingGeneralAndAdministrativeExpenses": 207800000,
        "otherExpenses": -469100000,
        "operatingExpenses": -261300000,
        "costAndExpenses": -261300000,
        "interestIncome": 470300000,
        "interestExpense": 205200000,
        "depreciationAndAmortization": 77200000,
        "ebitda": 466600000,
        "ebitdaratio": 0.7170739204,
        "operatingIncome": 389400000,
        "operatingIncomeRatio": 0.5984324574,
        "totalOtherIncomeExpensesNet": -184700000,
        "incomeBeforeTax": 204700000,
        "incomeBeforeTaxRatio": 0.3145842938,
        "incomeTaxExpense": 57400000,
        "netIncome": 147300000,
        "netIncomeRatio": 0.2263715998,
        "eps": 1.19,
        "epsdiluted": 1.18,
        "weightedAverageShsOut": 123499000,
        "weightedAverageShsOutDil": 124686000,
        "link": "",
        "finalLink": ""
    },
    {
        "date": "2018-03-31",
        "symbol": "CIT",
        "reportedCurrency": "USD",
        "cik": "0001171825",
        "fillingDate": "2018-03-31",
        "acceptedDate": "2018-03-30 20:00:00",
        "calendarYear": "2018",
        "period": "Q1",
        "revenue": 615500000,
        "costOfRevenue": 0,
        "grossProfit": 615500000,
        "grossProfitRatio": 1,
        "researchAndDevelopmentExpenses": 0,
        "generalAndAdministrativeExpenses": 200100000,
        "sellingAndMarketingExpenses": 13000000,
        "sellingGeneralAndAdministrativeExpenses": 213100000,
        "otherExpenses": -509800000,
        "operatingExpenses": -296700000,
        "costAndExpenses": -296700000,
        "interestIncome": 448400000,
        "interestExpense": 180500000,
        "depreciationAndAmortization": 76400000,
        "ebitda": 395200000,
        "ebitdaratio": 0.6420796101,
        "operatingIncome": 318800000,
        "operatingIncomeRatio": 0.5179528838,
        "totalOtherIncomeExpensesNet": -173800000,
        "incomeBeforeTax": 145000000,
        "incomeBeforeTaxRatio": 0.2355808286,
        "incomeTaxExpense": 41300000,
        "netIncome": 103700000,
        "netIncomeRatio": 0.1684809098,
        "eps": 0.79,
        "epsdiluted": 0.79,
        "weightedAverageShsOut": 130483000,
        "weightedAverageShsOutDil": 131588000,
        "link": "",
        "finalLink": ""
    },
    {
        "date": "2017-12-31",
        "symbol": "CIT",
        "reportedCurrency": "USD",
        "cik": "0001171825",
        "fillingDate": "2017-12-31",
        "acceptedDate": "2017-12-30 19:00:00",
        "calendarYear": "2017",
        "period": "Q4",
        "revenue": 666800000,
        "costOfRevenue": 0,
        "grossProfit": 666800000,
        "grossProfitRatio": 1,
        "researchAndDevelopmentExpenses": 0,
        "generalAndAdministrativeExpenses": 185000000,
        "sellingAndMarketingExpenses": 12800000,
        "sellingGeneralAndAdministrativeExpenses": 197800000,
        "otherExpenses": -756200000,
        "operatingExpenses": -558400000,
        "costAndExpenses": -558400000,
        "interestIncome": 445100000,
        "interestExpense": 168700000,
        "depreciationAndAmortization": 100800000,
        "ebitda": 209200000,
        "ebitdaratio": 0.3137372525,
        "operatingIncome": 108400000,
        "operatingIncomeRatio": 0.1625674865,
        "totalOtherIncomeExpensesNet": -163500000,
        "incomeBeforeTax": -55100000,
        "incomeBeforeTaxRatio": -0.0826334733,
        "incomeTaxExpense": 27700000,
        "netIncome": -82800000,
        "netIncomeRatio": -0.124175165,
        "eps": -0.63,
        "epsdiluted": -0.63,
        "weightedAverageShsOut": 131343000,
        "weightedAverageShsOutDil": 131343000,
        "link": "",
        "finalLink": ""
    },
    {
        "date": "2017-09-30",
        "symbol": "CIT",
        "reportedCurrency": "USD",
        "cik": "0001171825",
        "fillingDate": "2017-09-30",
        "acceptedDate": "2017-09-29 20:00:00",
        "calendarYear": "2017",
        "period": "Q3",
        "revenue": 602200000,
        "costOfRevenue": 0,
        "grossProfit": 602200000,
        "grossProfitRatio": 1,
        "researchAndDevelopmentExpenses": 0,
        "generalAndAdministrativeExpenses": 188100000,
        "sellingAndMarketingExpenses": 13600000,
        "sellingGeneralAndAdministrativeExpenses": 201700000,
        "otherExpenses": -527400000,
        "operatingExpenses": -325700000,
        "costAndExpenses": -325700000,
        "interestIncome": 451500000,
        "interestExpense": 176700000,
        "depreciationAndAmortization": 91400000,
        "ebitda": 367900000,
        "ebitdaratio": 0.6109266025,
        "operatingIncome": 276500000,
        "operatingIncomeRatio": 0.4591497841,
        "totalOtherIncomeExpensesNet": -173500000,
        "incomeBeforeTax": 103000000,
        "incomeBeforeTaxRatio": 0.1710395218,
        "incomeTaxExpense": -119800000,
        "netIncome": 222800000,
        "netIncomeRatio": 0.3699767519,
        "eps": 1.66,
        "epsdiluted": 1.64,
        "weightedAverageShsOut": 133916000,
        "weightedAverageShsOutDil": 136126000,
        "link": "",
        "finalLink": ""
    },
    {
        "date": "2017-06-30",
        "symbol": "CIT",
        "reportedCurrency": "USD",
        "cik": "0001171825",
        "fillingDate": "2017-06-30",
        "acceptedDate": "2017-06-29 20:00:00",
        "calendarYear": "2017",
        "period": "Q2",
        "revenue": 592700000,
        "costOfRevenue": 0,
        "grossProfit": 592700000,
        "grossProfitRatio": 1,
        "researchAndDevelopmentExpenses": 0,
        "generalAndAdministrativeExpenses": 204200000,
        "sellingAndMarketingExpenses": 10400000,
        "sellingGeneralAndAdministrativeExpenses": 214600000,
        "otherExpenses": -473300000,
        "operatingExpenses": -258700000,
        "costAndExpenses": -258700000,
        "interestIncome": 475700000,
        "interestExpense": 209200000,
        "depreciationAndAmortization": 101600000,
        "ebitda": 435600000,
        "ebitdaratio": 0.7349417918,
        "operatingIncome": 334000000,
        "operatingIncomeRatio": 0.5635228615,
        "totalOtherIncomeExpensesNet": -324700000,
        "incomeBeforeTax": 9300000,
        "incomeBeforeTaxRatio": 0.015690906,
        "incomeTaxExpense": -31900000,
        "netIncome": 41200000,
        "netIncomeRatio": 0.0695124009,
        "eps": 0.23,
        "epsdiluted": 0.22,
        "weightedAverageShsOut": 182347000,
        "weightedAverageShsOutDil": 183796000,
        "link": "",
        "finalLink": ""
    },
    {
        "date": "2017-03-31",
        "symbol": "CIT",
        "reportedCurrency": "USD",
        "cik": "0001171825",
        "fillingDate": "2017-03-31",
        "acceptedDate": "2017-03-30 20:00:00",
        "calendarYear": "2017",
        "period": "Q1",
        "revenue": 616200000,
        "costOfRevenue": 0,
        "grossProfit": 616200000,
        "grossProfitRatio": 1,
        "researchAndDevelopmentExpenses": 0,
        "generalAndAdministrativeExpenses": 201600000,
        "sellingAndMarketingExpenses": 5400000,
        "sellingGeneralAndAdministrativeExpenses": 207000000,
        "otherExpenses": -424000000,
        "operatingExpenses": -217000000,
        "costAndExpenses": -217000000,
        "interestIncome": 452400000,
        "interestExpense": 163100000,
        "depreciationAndAmortization": 98800000,
        "ebitda": 498000000,
        "ebitdaratio": 0.8081791626,
        "operatingIncome": 399200000,
        "operatingIncomeRatio": 0.6478416099,
        "totalOtherIncomeExpensesNet": -264800000,
        "incomeBeforeTax": 134400000,
        "incomeBeforeTaxRatio": 0.2181110029,
        "incomeTaxExpense": 56200000,
        "netIncome": 78200000,
        "netIncomeRatio": 0.1269068484,
        "eps": 0.39,
        "epsdiluted": 0.38,
        "weightedAverageShsOut": 202449000,
        "weightedAverageShsOutDil": 203348000,
        "link": "",
        "finalLink": ""
    },
    {
        "date": "2016-12-31",
        "symbol": "CIT",
        "reportedCurrency": "USD",
        "cik": "0001171825",
        "fillingDate": "2016-12-31",
        "acceptedDate": "2016-12-30 19:00:00",
        "calendarYear": "2016",
        "period": "Q4",
        "revenue": -293400000,
        "costOfRevenue": 0,
        "grossProfit": -293400000,
        "grossProfitRatio": 1,
        "researchAndDevelopmentExpenses": 0,
        "generalAndAdministrativeExpenses": 235500000,
        "sellingAndMarketingExpenses": 5900000,
        "sellingGeneralAndAdministrativeExpenses": 241400000,
        "otherExpenses": -1205400000,
        "operatingExpenses": -964000000,
        "costAndExpenses": -964000000,
        "interestIncome": 423600000,
        "interestExpense": -95100000,
        "depreciationAndAmortization": 101900000,
        "ebitda": -1155500000,
        "ebitdaratio": 3.9383094751,
        "operatingIncome": -1257400000,
        "operatingIncomeRatio": 4.2856169052,
        "totalOtherIncomeExpensesNet": 573100000,
        "incomeBeforeTax": -684300000,
        "incomeBeforeTaxRatio": 2.3323108384,
        "incomeTaxExpense": -20500000,
        "netIncome": -663800000,
        "netIncomeRatio": 2.2624403545,
        "eps": -3.28,
        "epsdiluted": -3.28,
        "weightedAverageShsOut": 202083000,
        "weightedAverageShsOutDil": 202083000,
        "link": "",
        "finalLink": ""
    },
    {
        "date": "2016-09-30",
        "symbol": "CIT",
        "reportedCurrency": "USD",
        "cik": "0001171825",
        "fillingDate": "2016-09-30",
        "acceptedDate": "2016-09-29 20:00:00",
        "calendarYear": "2016",
        "period": "Q3",
        "revenue": 847800000,
        "costOfRevenue": 0,
        "grossProfit": 847800000,
        "grossProfitRatio": 1,
        "researchAndDevelopmentExpenses": 0,
        "generalAndAdministrativeExpenses": 190400000,
        "sellingAndMarketingExpenses": 4800000,
        "sellingGeneralAndAdministrativeExpenses": 195200000,
        "otherExpenses": -553800000,
        "operatingExpenses": -358600000,
        "costAndExpenses": -358600000,
        "interestIncome": 486900000,
        "interestExpense": 279400000,
        "depreciationAndAmortization": 200900000,
        "ebitda": 690100000,
        "ebitdaratio": 0.8139891484,
        "operatingIncome": 489200000,
        "operatingIncomeRatio": 0.5770228828,
        "totalOtherIncomeExpensesNet": -263800000,
        "incomeBeforeTax": 225400000,
        "incomeBeforeTaxRatio": 0.2658645907,
        "incomeTaxExpense": 77000000,
        "netIncome": 148400000,
        "netIncomeRatio": 0.1750412833,
        "eps": 0.73,
        "epsdiluted": 0.73,
        "weightedAverageShsOut": 202036000,
        "weightedAverageShsOutDil": 202755000,
        "link": "",
        "finalLink": ""
    },
    {
        "date": "2016-06-30",
        "symbol": "CIT",
        "reportedCurrency": "USD",
        "cik": "0001171825",
        "fillingDate": "2016-06-30",
        "acceptedDate": "2016-06-29 20:00:00",
        "calendarYear": "2016",
        "period": "Q2",
        "revenue": 875400000,
        "costOfRevenue": 0,
        "grossProfit": 875400000,
        "grossProfitRatio": 1,
        "researchAndDevelopmentExpenses": 0,
        "generalAndAdministrativeExpenses": 187200000,
        "sellingAndMarketingExpenses": 4400000,
        "sellingGeneralAndAdministrativeExpenses": 191600000,
        "otherExpenses": -676100000,
        "operatingExpenses": -484500000,
        "costAndExpenses": -484500000,
        "interestIncome": 492200000,
        "interestExpense": 282500000,
        "depreciationAndAmortization": 220300000,
        "ebitda": 611200000,
        "ebitdaratio": 0.6981951108,
        "operatingIncome": 390900000,
        "operatingIncomeRatio": 0.4465387252,
        "totalOtherIncomeExpensesNet": -115500000,
        "incomeBeforeTax": 275400000,
        "incomeBeforeTaxRatio": 0.3145990404,
        "incomeTaxExpense": 94300000,
        "netIncome": 181100000,
        "netIncomeRatio": 0.2068768563,
        "eps": 0.9,
        "epsdiluted": 0.9,
        "weightedAverageShsOut": 201893000,
        "weightedAverageShsOutDil": 202275000,
        "link": "",
        "finalLink": ""
    },
    {
        "date": "2016-03-31",
        "symbol": "CIT",
        "reportedCurrency": "USD",
        "cik": "0001171825",
        "fillingDate": "2016-03-31",
        "acceptedDate": "2016-03-30 20:00:00",
        "calendarYear": "2016",
        "period": "Q1",
        "revenue": 896200000,
        "costOfRevenue": 0,
        "grossProfit": 896200000,
        "grossProfitRatio": 1,
        "researchAndDevelopmentExpenses": 0,
        "generalAndAdministrativeExpenses": 202600000,
        "sellingAndMarketingExpenses": 5400000,
        "sellingGeneralAndAdministrativeExpenses": 208000000,
        "otherExpenses": -618200000,
        "operatingExpenses": -410200000,
        "costAndExpenses": -410200000,
        "interestIncome": 492100000,
        "interestExpense": 286400000,
        "depreciationAndAmortization": 176900000,
        "ebitda": 662900000,
        "ebitdaratio": 0.7396786432,
        "operatingIncome": 486000000,
        "operatingIncomeRatio": 0.5422896675,
        "totalOtherIncomeExpensesNet": -281600000,
        "incomeBeforeTax": 204400000,
        "incomeBeforeTaxRatio": 0.2280740906,
        "incomeTaxExpense": 52700000,
        "netIncome": 151700000,
        "netIncomeRatio": 0.1692702522,
        "eps": 0.75,
        "epsdiluted": 0.75,
        "weightedAverageShsOut": 201394000,
        "weightedAverageShsOutDil": 202136000,
        "link": "",
        "finalLink": ""
    },
    {
        "date": "2015-12-31",
        "symbol": "CIT",
        "reportedCurrency": "USD",
        "cik": "0001171825",
        "fillingDate": "2015-12-31",
        "acceptedDate": "2015-12-30 19:00:00",
        "calendarYear": "2015",
        "period": "Q4",
        "revenue": 803000000,
        "costOfRevenue": 0,
        "grossProfit": 803000000,
        "grossProfitRatio": 1,
        "researchAndDevelopmentExpenses": 0,
        "generalAndAdministrativeExpenses": 184200000,
        "sellingAndMarketingExpenses": 8100000,
        "sellingGeneralAndAdministrativeExpenses": 192300000,
        "otherExpenses": -574300000,
        "operatingExpenses": -382000000,
        "costAndExpenses": -382000000,
        "interestIncome": 505000000,
        "interestExpense": 286700000,
        "depreciationAndAmortization": 153000000,
        "ebitda": 574000000,
        "ebitdaratio": 0.7148194271,
        "operatingIncome": 421000000,
        "operatingIncomeRatio": 0.5242839352,
        "totalOtherIncomeExpensesNet": -280000000,
        "incomeBeforeTax": 141000000,
        "incomeBeforeTaxRatio": 0.1755915318,
        "incomeTaxExpense": -10200000,
        "netIncome": 151200000,
        "netIncomeRatio": 0.1882938979,
        "eps": 0.75,
        "epsdiluted": 0.75,
        "weightedAverageShsOut": 200987000,
        "weightedAverageShsOutDil": 201376000,
        "link": "",
        "finalLink": ""
    },
    {
        "date": "2015-09-30",
        "symbol": "CIT",
        "reportedCurrency": "USD",
        "cik": "0001171825",
        "fillingDate": "2015-09-30",
        "acceptedDate": "2015-09-29 20:00:00",
        "calendarYear": "2015",
        "period": "Q3",
        "revenue": 728800000,
        "costOfRevenue": 0,
        "grossProfit": 728800000,
        "grossProfitRatio": 1,
        "researchAndDevelopmentExpenses": 0,
        "generalAndAdministrativeExpenses": 190300000,
        "sellingAndMarketingExpenses": 7400000,
        "sellingGeneralAndAdministrativeExpenses": 197700000,
        "otherExpenses": -513100000,
        "operatingExpenses": -315400000,
        "costAndExpenses": -315400000,
        "interestIncome": 433700000,
        "interestExpense": 280300000,
        "depreciationAndAmortization": 166500000,
        "ebitda": 579900000,
        "ebitdaratio": 0.7956915477,
        "operatingIncome": 413400000,
        "operatingIncomeRatio": 0.567233809,
        "totalOtherIncomeExpensesNet": -276600000,
        "incomeBeforeTax": 136800000,
        "incomeBeforeTaxRatio": 0.1877058178,
        "incomeTaxExpense": -560000000,
        "netIncome": 696800000,
        "netIncomeRatio": 0.9560922064,
        "eps": 3.66,
        "epsdiluted": 3.63,
        "weightedAverageShsOut": 190557000,
        "weightedAverageShsOutDil": 191803000,
        "link": "",
        "finalLink": ""
    },
    {
        "date": "2015-06-30",
        "symbol": "CIT",
        "reportedCurrency": "USD",
        "cik": "0001171825",
        "fillingDate": "2015-06-30",
        "acceptedDate": "2015-06-29 20:00:00",
        "calendarYear": "2015",
        "period": "Q2",
        "revenue": 603300000,
        "costOfRevenue": 0,
        "grossProfit": 603300000,
        "grossProfitRatio": 1,
        "researchAndDevelopmentExpenses": 0,
        "generalAndAdministrativeExpenses": 160500000,
        "sellingAndMarketingExpenses": 6700000,
        "sellingGeneralAndAdministrativeExpenses": 167200000,
        "otherExpenses": -352200000,
        "operatingExpenses": -185000000,
        "costAndExpenses": -185000000,
        "interestIncome": 283300000,
        "interestExpense": 265200000,
        "depreciationAndAmortization": 167600000,
        "ebitda": 585900000,
        "ebitdaratio": 0.9711586275,
        "operatingIncome": 418300000,
        "operatingIncomeRatio": 0.6933532239,
        "totalOtherIncomeExpensesNet": -265200000,
        "incomeBeforeTax": 153100000,
        "incomeBeforeTaxRatio": 0.2537709266,
        "incomeTaxExpense": 37800000,
        "netIncome": 115300000,
        "netIncomeRatio": 0.1911155312,
        "eps": 0.66,
        "epsdiluted": 0.66,
        "weightedAverageShsOut": 173785000,
        "weightedAverageShsOutDil": 174876000,
        "link": "",
        "finalLink": ""
    },
    {
        "date": "2015-03-31",
        "symbol": "CIT",
        "reportedCurrency": "USD",
        "cik": "0001171825",
        "fillingDate": "2015-03-31",
        "acceptedDate": "2015-03-30 20:00:00",
        "calendarYear": "2015",
        "period": "Q1",
        "revenue": 604800000,
        "costOfRevenue": 0,
        "grossProfit": 604800000,
        "grossProfitRatio": 1,
        "researchAndDevelopmentExpenses": 0,
        "generalAndAdministrativeExpenses": 168800000,
        "sellingAndMarketingExpenses": 9100000,
        "sellingGeneralAndAdministrativeExpenses": 177900000,
        "otherExpenses": -363700000,
        "operatingExpenses": -185800000,
        "costAndExpenses": -185800000,
        "interestIncome": 280500000,
        "interestExpense": 271300000,
        "depreciationAndAmortization": 166600000,
        "ebitda": 585600000,
        "ebitdaratio": 0.9682539683,
        "operatingIncome": 419000000,
        "operatingIncomeRatio": 0.6927910053,
        "totalOtherIncomeExpensesNet": -271400000,
        "incomeBeforeTax": 147600000,
        "incomeBeforeTaxRatio": 0.244047619,
        "incomeTaxExpense": 44000000,
        "netIncome": 103600000,
        "netIncomeRatio": 0.1712962963,
        "eps": 0.59,
        "epsdiluted": 0.59,
        "weightedAverageShsOut": 176260000,
        "weightedAverageShsOutDil": 177072000,
        "link": "",
        "finalLink": ""
    },
    {
        "date": "2014-12-31",
        "symbol": "CIT",
        "reportedCurrency": "USD",
        "cik": "0001171825",
        "fillingDate": "2014-12-31",
        "acceptedDate": "2014-12-30 19:00:00",
        "calendarYear": "2014",
        "period": "Q4",
        "revenue": 671400000,
        "costOfRevenue": 0,
        "grossProfit": 671400000,
        "grossProfitRatio": 1,
        "researchAndDevelopmentExpenses": 0,
        "generalAndAdministrativeExpenses": 162300000,
        "sellingAndMarketingExpenses": 10000000,
        "sellingGeneralAndAdministrativeExpenses": 172300000,
        "otherExpenses": -344100000,
        "operatingExpenses": -171800000,
        "costAndExpenses": -171800000,
        "interestIncome": 304600000,
        "interestExpense": 276900000,
        "depreciationAndAmortization": 127700000,
        "ebitda": 627300000,
        "ebitdaratio": 0.9343163539,
        "operatingIncome": 499600000,
        "operatingIncomeRatio": 0.7441167709,
        "totalOtherIncomeExpensesNet": -277200000,
        "incomeBeforeTax": 222400000,
        "incomeBeforeTaxRatio": 0.3312481382,
        "incomeTaxExpense": -28300000,
        "netIncome": 250700000,
        "netIncomeRatio": 0.373398868,
        "eps": 1.37,
        "epsdiluted": 1.37,
        "weightedAverageShsOut": 182623000,
        "weightedAverageShsOutDil": 183605000,
        "link": "",
        "finalLink": ""
    },
    {
        "date": "2014-09-30",
        "symbol": "CIT",
        "reportedCurrency": "USD",
        "cik": "0001171825",
        "fillingDate": "2014-09-30",
        "acceptedDate": "2014-09-29 20:00:00",
        "calendarYear": "2014",
        "period": "Q3",
        "revenue": 624400000,
        "costOfRevenue": 0,
        "grossProfit": 624400000,
        "grossProfitRatio": 1,
        "researchAndDevelopmentExpenses": 0,
        "generalAndAdministrativeExpenses": 150200000,
        "sellingAndMarketingExpenses": 7500000,
        "sellingGeneralAndAdministrativeExpenses": 157700000,
        "otherExpenses": -393200000,
        "operatingExpenses": -235500000,
        "costAndExpenses": -235500000,
        "interestIncome": 307900000,
        "interestExpense": 275200000,
        "depreciationAndAmortization": 168000000,
        "ebitda": 556900000,
        "ebitdaratio": 0.8918962204,
        "operatingIncome": 388900000,
        "operatingIncomeRatio": 0.6228379244,
        "totalOtherIncomeExpensesNet": -272200000,
        "incomeBeforeTax": 116700000,
        "incomeBeforeTaxRatio": 0.1868994234,
        "incomeTaxExpense": -401200000,
        "netIncome": 517900000,
        "netIncomeRatio": 0.8294362588,
        "eps": 2.8,
        "epsdiluted": 2.78,
        "weightedAverageShsOut": 185190000,
        "weightedAverageShsOutDil": 186289000,
        "link": "",
        "finalLink": ""
    },
    {
        "date": "2014-06-30",
        "symbol": "CIT",
        "reportedCurrency": "USD",
        "cik": "0001171825",
        "fillingDate": "2014-06-30",
        "acceptedDate": "2014-06-29 20:00:00",
        "calendarYear": "2014",
        "period": "Q2",
        "revenue": 659200000,
        "costOfRevenue": 0,
        "grossProfit": 659200000,
        "grossProfitRatio": 1,
        "researchAndDevelopmentExpenses": 0,
        "generalAndAdministrativeExpenses": 146500000,
        "sellingAndMarketingExpenses": 8300000,
        "sellingGeneralAndAdministrativeExpenses": 154800000,
        "otherExpenses": -286800000,
        "operatingExpenses": -132000000,
        "costAndExpenses": -132000000,
        "interestIncome": 309000000,
        "interestExpense": 262200000,
        "depreciationAndAmortization": 423100000,
        "ebitda": 950300000,
        "ebitdaratio": 1.4415958738,
        "operatingIncome": 527200000,
        "operatingIncomeRatio": 0.7997572816,
        "totalOtherIncomeExpensesNet": -308200000,
        "incomeBeforeTax": 219000000,
        "incomeBeforeTaxRatio": 0.3322208738,
        "incomeTaxExpense": 18100000,
        "netIncome": 200900000,
        "netIncomeRatio": 0.3047633495,
        "eps": 1.06,
        "epsdiluted": 1.05,
        "weightedAverageShsOut": 190231000,
        "weightedAverageShsOutDil": 191077000,
        "link": "",
        "finalLink": ""
    },
    {
        "date": "2014-03-31",
        "symbol": "CIT",
        "reportedCurrency": "USD",
        "cik": "0001171825",
        "fillingDate": "2014-03-31",
        "acceptedDate": "2014-03-30 20:00:00",
        "calendarYear": "2014",
        "period": "Q1",
        "revenue": 591200000,
        "costOfRevenue": 0,
        "grossProfit": 591200000,
        "grossProfitRatio": 1,
        "researchAndDevelopmentExpenses": 0,
        "generalAndAdministrativeExpenses": 160200000,
        "sellingAndMarketingExpenses": 7900000,
        "sellingGeneralAndAdministrativeExpenses": 168100000,
        "otherExpenses": -337000000,
        "operatingExpenses": -168900000,
        "costAndExpenses": -168900000,
        "interestIncome": 322400000,
        "interestExpense": 290900000,
        "depreciationAndAmortization": 163200000,
        "ebitda": 585500000,
        "ebitdaratio": 0.9903585927,
        "operatingIncome": 422300000,
        "operatingIncomeRatio": 0.7143098782,
        "totalOtherIncomeExpensesNet": -296600000,
        "incomeBeforeTax": 125700000,
        "incomeBeforeTaxRatio": 0.2126184032,
        "incomeTaxExpense": 14200000,
        "netIncome": 111500000,
        "netIncomeRatio": 0.1885994587,
        "eps": 0.57,
        "epsdiluted": 0.57,
        "weightedAverageShsOut": 196089000,
        "weightedAverageShsOutDil": 197047000,
        "link": "",
        "finalLink": ""
    },
    {
        "date": "2013-12-31",
        "symbol": "CIT",
        "reportedCurrency": "USD",
        "cik": "0001171825",
        "fillingDate": "2013-12-31",
        "acceptedDate": "2013-12-30 19:00:00",
        "calendarYear": "2013",
        "period": "Q4",
        "revenue": 602100000,
        "costOfRevenue": 0,
        "grossProfit": 602100000,
        "grossProfitRatio": 1,
        "researchAndDevelopmentExpenses": 0,
        "generalAndAdministrativeExpenses": 151100000,
        "sellingAndMarketingExpenses": 7500000,
        "sellingGeneralAndAdministrativeExpenses": 158600000,
        "otherExpenses": -312900000,
        "operatingExpenses": -154300000,
        "costAndExpenses": -154300000,
        "interestIncome": 337300000,
        "interestExpense": 286700000,
        "depreciationAndAmortization": 184200000,
        "ebitda": 632000000,
        "ebitdaratio": 1.049659525,
        "operatingIncome": 447800000,
        "operatingIncomeRatio": 0.7437302774,
        "totalOtherIncomeExpensesNet": -284500000,
        "incomeBeforeTax": 163300000,
        "incomeBeforeTaxRatio": 0.2712174057,
        "incomeTaxExpense": 31200000,
        "netIncome": 132100000,
        "netIncomeRatio": 0.219398771,
        "eps": 0.66,
        "epsdiluted": 0.66,
        "weightedAverageShsOut": 198774000,
        "weightedAverageShsOutDil": 200394000,
        "link": "",
        "finalLink": ""
    },
    {
        "date": "2013-09-30",
        "symbol": "CIT",
        "reportedCurrency": "USD",
        "cik": "0001171825",
        "fillingDate": "2013-09-30",
        "acceptedDate": "2013-09-29 20:00:00",
        "calendarYear": "2013",
        "period": "Q3",
        "revenue": 619200000,
        "costOfRevenue": 0,
        "grossProfit": 619200000,
        "grossProfitRatio": 1,
        "researchAndDevelopmentExpenses": 0,
        "generalAndAdministrativeExpenses": 155500000,
        "sellingAndMarketingExpenses": 3700000,
        "sellingGeneralAndAdministrativeExpenses": 159200000,
        "otherExpenses": -286900000,
        "operatingExpenses": -127700000,
        "costAndExpenses": -127700000,
        "interestIncome": 336700000,
        "interestExpense": 278000000,
        "depreciationAndAmortization": 189900000,
        "ebitda": 681400000,
        "ebitdaratio": 1.1004521964,
        "operatingIncome": 491500000,
        "operatingIncomeRatio": 0.7937661499,
        "totalOtherIncomeExpensesNet": -277800000,
        "incomeBeforeTax": 213700000,
        "incomeBeforeTaxRatio": 0.345122739,
        "incomeTaxExpense": 13900000,
        "netIncome": 199800000,
        "netIncomeRatio": 0.3226744186,
        "eps": 0.99,
        "epsdiluted": 0.99,
        "weightedAverageShsOut": 200811000,
        "weightedAverageShsOutDil": 202329000,
        "link": "",
        "finalLink": ""
    },
    {
        "date": "2013-06-30",
        "symbol": "CIT",
        "reportedCurrency": "USD",
        "cik": "0001171825",
        "fillingDate": "2013-06-30",
        "acceptedDate": "2013-06-29 20:00:00",
        "calendarYear": "2013",
        "period": "Q2",
        "revenue": 590200000,
        "costOfRevenue": 0,
        "grossProfit": 590200000,
        "grossProfitRatio": 1,
        "researchAndDevelopmentExpenses": 0,
        "generalAndAdministrativeExpenses": 156000000,
        "sellingAndMarketingExpenses": 6300000,
        "sellingGeneralAndAdministrativeExpenses": 162300000,
        "otherExpenses": -255300000,
        "operatingExpenses": -93000000,
        "costAndExpenses": -93000000,
        "interestIncome": 350600000,
        "interestExpense": 281400000,
        "depreciationAndAmortization": 158300000,
        "ebitda": 655500000,
        "ebitdaratio": 1.1106404609,
        "operatingIncome": 497200000,
        "operatingIncomeRatio": 0.8424262962,
        "totalOtherIncomeExpensesNet": -280900000,
        "incomeBeforeTax": 216300000,
        "incomeBeforeTaxRatio": 0.366485937,
        "incomeTaxExpense": 32200000,
        "netIncome": 184100000,
        "netIncomeRatio": 0.3119281599,
        "eps": 0.91,
        "epsdiluted": 0.91,
        "weightedAverageShsOut": 201313000,
        "weightedAverageShsOutDil": 202313000,
        "link": "",
        "finalLink": ""
    },
    {
        "date": "2013-03-31",
        "symbol": "CIT",
        "reportedCurrency": "USD",
        "cik": "0001171825",
        "fillingDate": "2013-03-31",
        "acceptedDate": "2013-03-30 20:00:00",
        "calendarYear": "2013",
        "period": "Q1",
        "revenue": 579200000,
        "costOfRevenue": 0,
        "grossProfit": 579200000,
        "grossProfitRatio": 1,
        "researchAndDevelopmentExpenses": 0,
        "generalAndAdministrativeExpenses": 156800000,
        "sellingAndMarketingExpenses": 7700000,
        "sellingGeneralAndAdministrativeExpenses": 164500000,
        "otherExpenses": -274000000,
        "operatingExpenses": -109500000,
        "costAndExpenses": -109500000,
        "interestIncome": 354800000,
        "interestExpense": 291900000,
        "depreciationAndAmortization": 173100000,
        "ebitda": 642800000,
        "ebitdaratio": 1.1098066298,
        "operatingIncome": 469700000,
        "operatingIncomeRatio": 0.8109461326,
        "totalOtherIncomeExpensesNet": -288900000,
        "incomeBeforeTax": 180800000,
        "incomeBeforeTaxRatio": 0.3121546961,
        "incomeTaxExpense": 15200000,
        "netIncome": 165600000,
        "netIncomeRatio": 0.2859116022,
        "eps": 0.82,
        "epsdiluted": 0.82,
        "weightedAverageShsOut": 201149000,
        "weightedAverageShsOutDil": 201779000,
        "link": "",
        "finalLink": ""
    },
    {
        "date": "2012-12-31",
        "symbol": "CIT",
        "reportedCurrency": "USD",
        "cik": "0001171825",
        "fillingDate": "2012-12-31",
        "acceptedDate": "2012-12-30 19:00:00",
        "calendarYear": "2012",
        "period": "Q4",
        "revenue": 639600000,
        "costOfRevenue": 0,
        "grossProfit": 639600000,
        "grossProfitRatio": 1,
        "researchAndDevelopmentExpenses": 0,
        "generalAndAdministrativeExpenses": 144600000,
        "sellingAndMarketingExpenses": 36500000,
        "sellingGeneralAndAdministrativeExpenses": 181100000,
        "otherExpenses": -161300000,
        "operatingExpenses": 19800000,
        "costAndExpenses": 19800000,
        "interestIncome": 395200000,
        "interestExpense": 366400000,
        "depreciationAndAmortization": 273100000,
        "ebitda": 932500000,
        "ebitdaratio": 1.457942464,
        "operatingIncome": 659400000,
        "operatingIncomeRatio": 1.030956848,
        "totalOtherIncomeExpensesNet": -365600000,
        "incomeBeforeTax": 293800000,
        "incomeBeforeTaxRatio": 0.4593495935,
        "incomeTaxExpense": 63200000,
        "netIncome": 230600000,
        "netIncomeRatio": 0.3605378361,
        "eps": 1.15,
        "epsdiluted": 1.15,
        "weightedAverageShsOut": 200916000,
        "weightedAverageShsOutDil": 201142000,
        "link": "",
        "finalLink": ""
    },
    {
        "date": "2012-09-30",
        "symbol": "CIT",
        "reportedCurrency": "USD",
        "cik": "0001171825",
        "fillingDate": "2012-09-30",
        "acceptedDate": "2012-09-29 20:00:00",
        "calendarYear": "2012",
        "period": "Q3",
        "revenue": 87600000,
        "costOfRevenue": 0,
        "grossProfit": 87600000,
        "grossProfitRatio": 1,
        "researchAndDevelopmentExpenses": 0,
        "generalAndAdministrativeExpenses": 162900000,
        "sellingAndMarketingExpenses": 0,
        "sellingGeneralAndAdministrativeExpenses": 162900000,
        "otherExpenses": 259600000,
        "operatingExpenses": 422500000,
        "costAndExpenses": 422500000,
        "interestIncome": 366100000,
        "interestExpense": 812100000,
        "depreciationAndAmortization": 608300000,
        "ebitda": 1118400000,
        "ebitdaratio": 12.7671232877,
        "operatingIncome": 510100000,
        "operatingIncomeRatio": 5.8230593607,
        "totalOtherIncomeExpensesNet": -811300000,
        "incomeBeforeTax": -301200000,
        "incomeBeforeTaxRatio": -3.4383561644,
        "incomeTaxExpense": 2900000,
        "netIncome": -304100000,
        "netIncomeRatio": -3.4714611872,
        "eps": -1.51,
        "epsdiluted": -1.51,
        "weightedAverageShsOut": 200917000,
        "weightedAverageShsOutDil": 200917000,
        "link": "",
        "finalLink": ""
    },
    {
        "date": "2012-06-30",
        "symbol": "CIT",
        "reportedCurrency": "USD",
        "cik": "0001171825",
        "fillingDate": "2012-06-30",
        "acceptedDate": "2012-06-29 20:00:00",
        "calendarYear": "2012",
        "period": "Q2",
        "revenue": 388500000,
        "costOfRevenue": 0,
        "grossProfit": 388500000,
        "grossProfitRatio": 1,
        "researchAndDevelopmentExpenses": 0,
        "generalAndAdministrativeExpenses": 155900000,
        "sellingAndMarketingExpenses": 0,
        "sellingGeneralAndAdministrativeExpenses": 155900000,
        "otherExpenses": 28900000,
        "operatingExpenses": 184800000,
        "costAndExpenses": 184800000,
        "interestIncome": 401300000,
        "interestExpense": 639200000,
        "depreciationAndAmortization": 353800000,
        "ebitda": 950100000,
        "ebitdaratio": 2.4455598456,
        "operatingIncome": 596300000,
        "operatingIncomeRatio": 1.5348777349,
        "totalOtherIncomeExpensesNet": -638000000,
        "incomeBeforeTax": -41700000,
        "incomeBeforeTaxRatio": -0.1073359073,
        "incomeTaxExpense": 27800000,
        "netIncome": -69500000,
        "netIncomeRatio": -0.1788931789,
        "eps": -0.35,
        "epsdiluted": -0.35,
        "weightedAverageShsOut": 200901000,
        "weightedAverageShsOutDil": 200901000,
        "link": "",
        "finalLink": ""
    },
    {
        "date": "2012-03-31",
        "symbol": "CIT",
        "reportedCurrency": "USD",
        "cik": "0001171825",
        "fillingDate": "2012-03-31",
        "acceptedDate": "2012-03-30 20:00:00",
        "calendarYear": "2012",
        "period": "Q1",
        "revenue": 20600000,
        "costOfRevenue": 0,
        "grossProfit": 20600000,
        "grossProfitRatio": 1,
        "researchAndDevelopmentExpenses": 0,
        "generalAndAdministrativeExpenses": 194200000,
        "sellingAndMarketingExpenses": 0,
        "sellingGeneralAndAdministrativeExpenses": 194200000,
        "otherExpenses": 458300000,
        "operatingExpenses": 652500000,
        "costAndExpenses": 652500000,
        "interestIncome": 403800000,
        "interestExpense": 1079700000,
        "depreciationAndAmortization": 750700000,
        "ebitda": 1423800000,
        "ebitdaratio": 69.1165048544,
        "operatingIncome": 673100000,
        "operatingIncomeRatio": 32.6747572816,
        "totalOtherIncomeExpensesNet": -1078800000,
        "incomeBeforeTax": -405700000,
        "incomeBeforeTaxRatio": -19.6941747573,
        "incomeTaxExpense": 39900000,
        "netIncome": -445600000,
        "netIncomeRatio": -21.6310679612,
        "eps": -2.22,
        "epsdiluted": -2.22,
        "weightedAverageShsOut": 200812000,
        "weightedAverageShsOutDil": 200812000,
        "link": "",
        "finalLink": ""
    },
    {
        "date": "2011-12-31",
        "symbol": "CIT",
        "reportedCurrency": "USD",
        "cik": "0001171825",
        "fillingDate": "2011-12-31",
        "acceptedDate": "2011-12-30 19:00:00",
        "calendarYear": "2011",
        "period": "Q4",
        "revenue": 383300000,
        "costOfRevenue": 0,
        "grossProfit": 383300000,
        "grossProfitRatio": 1,
        "researchAndDevelopmentExpenses": 0,
        "generalAndAdministrativeExpenses": 132900000,
        "sellingAndMarketingExpenses": 0,
        "sellingGeneralAndAdministrativeExpenses": 132900000,
        "otherExpenses": 232200000,
        "operatingExpenses": 365100000,
        "costAndExpenses": 365100000,
        "interestIncome": 499900000,
        "interestExpense": 688200000,
        "depreciationAndAmortization": 347100000,
        "ebitda": 1095500000,
        "ebitdaratio": 2.8580746152,
        "operatingIncome": 748400000,
        "operatingIncomeRatio": 1.9525176102,
        "totalOtherIncomeExpensesNet": -686100000,
        "incomeBeforeTax": 62300000,
        "incomeBeforeTaxRatio": 0.1625358727,
        "incomeTaxExpense": 34800000,
        "netIncome": 27500000,
        "netIncomeRatio": 0.0717453692,
        "eps": 0.14,
        "epsdiluted": 0.14,
        "weightedAverageShsOut": 200714000,
        "weightedAverageShsOutDil": 200714000,
        "link": "",
        "finalLink": ""
    },
    {
        "date": "2011-09-30",
        "symbol": "CIT",
        "reportedCurrency": "USD",
        "cik": "0001171825",
        "fillingDate": "2011-09-30",
        "acceptedDate": "2011-09-29 20:00:00",
        "calendarYear": "2011",
        "period": "Q3",
        "revenue": 551800000,
        "costOfRevenue": 0,
        "grossProfit": 551800000,
        "grossProfitRatio": 1,
        "researchAndDevelopmentExpenses": 0,
        "generalAndAdministrativeExpenses": 152500000,
        "sellingAndMarketingExpenses": 0,
        "sellingGeneralAndAdministrativeExpenses": 152500000,
        "otherExpenses": -87700000,
        "operatingExpenses": 64800000,
        "costAndExpenses": 64800000,
        "interestIncome": 502600000,
        "interestExpense": 601800000,
        "depreciationAndAmortization": 89700000,
        "ebitda": 706300000,
        "ebitdaratio": 1.279992751,
        "operatingIncome": 616600000,
        "operatingIncomeRatio": 1.1174338528,
        "totalOtherIncomeExpensesNet": -602400000,
        "incomeBeforeTax": 14200000,
        "incomeBeforeTaxRatio": 0.0257339616,
        "incomeTaxExpense": 31100000,
        "netIncome": -16900000,
        "netIncomeRatio": -0.0306270388,
        "eps": -0.0842,
        "epsdiluted": -0.0842,
        "weightedAverageShsOut": 200714000,
        "weightedAverageShsOutDil": 200714000,
        "link": "",
        "finalLink": ""
    },
    {
        "date": "2011-06-30",
        "symbol": "CIT",
        "reportedCurrency": "USD",
        "cik": "0001171825",
        "fillingDate": "2011-06-30",
        "acceptedDate": "2011-06-29 20:00:00",
        "calendarYear": "2011",
        "period": "Q2",
        "revenue": 454200000,
        "costOfRevenue": 0,
        "grossProfit": 454200000,
        "grossProfitRatio": 1,
        "researchAndDevelopmentExpenses": 0,
        "generalAndAdministrativeExpenses": 141800000,
        "sellingAndMarketingExpenses": 0,
        "sellingGeneralAndAdministrativeExpenses": 141800000,
        "otherExpenses": 188600000,
        "operatingExpenses": 330400000,
        "costAndExpenses": 330400000,
        "interestIncome": 594300000,
        "interestExpense": 805700000,
        "depreciationAndAmortization": 203700000,
        "ebitda": 988300000,
        "ebitdaratio": 2.1759136944,
        "operatingIncome": 784600000,
        "operatingIncomeRatio": 1.727432849,
        "totalOtherIncomeExpensesNet": -806400000,
        "incomeBeforeTax": -21800000,
        "incomeBeforeTaxRatio": -0.0479964773,
        "incomeTaxExpense": 26900000,
        "netIncome": -48700000,
        "netIncomeRatio": -0.1072214883,
        "eps": -0.24,
        "epsdiluted": -0.24,
        "weightedAverageShsOut": 200658000,
        "weightedAverageShsOutDil": 200658000,
        "link": "",
        "finalLink": ""
    },
    {
        "date": "2011-03-31",
        "symbol": "CIT",
        "reportedCurrency": "USD",
        "cik": "0001171825",
        "fillingDate": "2011-03-31",
        "acceptedDate": "2011-03-30 20:00:00",
        "calendarYear": "2011",
        "period": "Q1",
        "revenue": 635800000,
        "costOfRevenue": 0,
        "grossProfit": 635800000,
        "grossProfitRatio": 1,
        "researchAndDevelopmentExpenses": 0,
        "generalAndAdministrativeExpenses": 351700000,
        "sellingAndMarketingExpenses": 0,
        "sellingGeneralAndAdministrativeExpenses": 351700000,
        "otherExpenses": -157300000,
        "operatingExpenses": 194400000,
        "costAndExpenses": 194400000,
        "interestIncome": 635500000,
        "interestExpense": 698900000,
        "depreciationAndAmortization": 111500000,
        "ebitda": 941700000,
        "ebitdaratio": 1.4811261403,
        "operatingIncome": 830200000,
        "operatingIncomeRatio": 1.3057565272,
        "totalOtherIncomeExpensesNet": -694700000,
        "incomeBeforeTax": 135500000,
        "incomeBeforeTaxRatio": 0.2131173325,
        "incomeTaxExpense": 65700000,
        "netIncome": 69800000,
        "netIncomeRatio": 0.1097829506,
        "eps": 0.35,
        "epsdiluted": 0.35,
        "weightedAverageShsOut": 200605000,
        "weightedAverageShsOutDil": 200933000,
        "link": "",
        "finalLink": ""
    },
    {
        "date": "2010-12-31",
        "symbol": "CIT",
        "reportedCurrency": "USD",
        "cik": "0001171825",
        "fillingDate": "2010-12-31",
        "acceptedDate": "2010-12-30 19:00:00",
        "calendarYear": "2010",
        "period": "Q4",
        "revenue": 618500000,
        "costOfRevenue": 0,
        "grossProfit": 618500000,
        "grossProfitRatio": 1,
        "researchAndDevelopmentExpenses": 0,
        "generalAndAdministrativeExpenses": 54100000,
        "sellingAndMarketingExpenses": 0,
        "sellingGeneralAndAdministrativeExpenses": 54100000,
        "otherExpenses": 184600000,
        "operatingExpenses": 238700000,
        "costAndExpenses": 238700000,
        "interestIncome": 835900000,
        "interestExpense": 699000000,
        "depreciationAndAmortization": -128400000,
        "ebitda": 728800000,
        "ebitdaratio": 1.1783346807,
        "operatingIncome": 857200000,
        "operatingIncomeRatio": 1.3859337106,
        "totalOtherIncomeExpensesNet": -694600000,
        "incomeBeforeTax": 162600000,
        "incomeBeforeTaxRatio": 0.2628940986,
        "incomeTaxExpense": 59700000,
        "netIncome": 102900000,
        "netIncomeRatio": 0.1663702506,
        "eps": 0.51,
        "epsdiluted": 0.51,
        "weightedAverageShsOut": 200323000,
        "weightedAverageShsOutDil": 200323000,
        "link": "",
        "finalLink": ""
    },
    {
        "date": "2010-09-30",
        "symbol": "CIT",
        "reportedCurrency": "USD",
        "cik": "0001171825",
        "fillingDate": "2010-09-30",
        "acceptedDate": "2010-09-29 20:00:00",
        "calendarYear": "2010",
        "period": "Q3",
        "revenue": 751300000,
        "costOfRevenue": 0,
        "grossProfit": 751300000,
        "grossProfitRatio": 1,
        "researchAndDevelopmentExpenses": 0,
        "generalAndAdministrativeExpenses": 180300000,
        "sellingAndMarketingExpenses": 0,
        "sellingGeneralAndAdministrativeExpenses": 180300000,
        "otherExpenses": -3700000,
        "operatingExpenses": 176600000,
        "costAndExpenses": 176600000,
        "interestIncome": 809500000,
        "interestExpense": 732200000,
        "depreciationAndAmortization": -66000000,
        "ebitda": 861900000,
        "ebitdaratio": 1.1472115001,
        "operatingIncome": 927900000,
        "operatingIncomeRatio": 1.2350592307,
        "totalOtherIncomeExpensesNet": -732300000,
        "incomeBeforeTax": 195600000,
        "incomeBeforeTaxRatio": 0.2603487289,
        "incomeTaxExpense": 64200000,
        "netIncome": 131400000,
        "netIncomeRatio": 0.1748968455,
        "eps": 0.66,
        "epsdiluted": 0.65,
        "weightedAverageShsOut": 200323000,
        "weightedAverageShsOutDil": 200668000,
        "link": "",
        "finalLink": ""
    },
    {
        "date": "2010-06-30",
        "symbol": "CIT",
        "reportedCurrency": "USD",
        "cik": "0001171825",
        "fillingDate": "2010-06-30",
        "acceptedDate": "2010-06-29 20:00:00",
        "calendarYear": "2010",
        "period": "Q2",
        "revenue": 930200000,
        "costOfRevenue": 0,
        "grossProfit": 930200000,
        "grossProfitRatio": 1,
        "researchAndDevelopmentExpenses": 0,
        "generalAndAdministrativeExpenses": 197500000,
        "sellingAndMarketingExpenses": 0,
        "sellingGeneralAndAdministrativeExpenses": 197500000,
        "otherExpenses": -100900000,
        "operatingExpenses": 96600000,
        "costAndExpenses": 96600000,
        "interestIncome": 987200000,
        "interestExpense": 813600000,
        "depreciationAndAmortization": -151000000,
        "ebitda": 875800000,
        "ebitdaratio": 0.9415179531,
        "operatingIncome": 1026800000,
        "operatingIncomeRatio": 1.1038486347,
        "totalOtherIncomeExpensesNet": -813300000,
        "incomeBeforeTax": 213500000,
        "incomeBeforeTaxRatio": 0.2295205332,
        "incomeTaxExpense": 71100000,
        "netIncome": 142400000,
        "netIncomeRatio": 0.153085358,
        "eps": 0.71,
        "epsdiluted": 0.71,
        "weightedAverageShsOut": 200075000,
        "weightedAverageShsOutDil": 200644000,
        "link": "",
        "finalLink": ""
    },
    {
        "date": "2010-03-31",
        "symbol": "CIT",
        "reportedCurrency": "USD",
        "cik": "0001171825",
        "fillingDate": "2010-03-31",
        "acceptedDate": "2010-03-30 20:00:00",
        "calendarYear": "2010",
        "period": "Q1",
        "revenue": 761600000,
        "costOfRevenue": 0,
        "grossProfit": 761600000,
        "grossProfitRatio": 1,
        "researchAndDevelopmentExpenses": 0,
        "generalAndAdministrativeExpenses": 261900000,
        "sellingAndMarketingExpenses": 0,
        "sellingGeneralAndAdministrativeExpenses": 261900000,
        "otherExpenses": -45900000,
        "operatingExpenses": 216000000,
        "costAndExpenses": 216000000,
        "interestIncome": 1042700000,
        "interestExpense": 837800000,
        "depreciationAndAmortization": -149800000,
        "ebitda": 827800000,
        "ebitdaratio": 1.0869222689,
        "operatingIncome": 977600000,
        "operatingIncomeRatio": 1.2836134454,
        "totalOtherIncomeExpensesNet": -838000000,
        "incomeBeforeTax": 139600000,
        "incomeBeforeTaxRatio": 0.1832983193,
        "incomeTaxExpense": 42500000,
        "netIncome": 97100000,
        "netIncomeRatio": 0.1274947479,
        "eps": 0.49,
        "epsdiluted": 0.49,
        "weightedAverageShsOut": 200040000,
        "weightedAverageShsOutDil": 200076000,
        "link": "",
        "finalLink": ""
    },
    {
        "date": "2009-12-31",
        "symbol": "CIT",
        "reportedCurrency": "USD",
        "cik": "0001171825",
        "fillingDate": "2009-12-31",
        "acceptedDate": "2009-12-30 19:00:00",
        "calendarYear": "2009",
        "period": "Q4",
        "revenue": 256400000,
        "costOfRevenue": 0,
        "grossProfit": 256400000,
        "grossProfitRatio": 1,
        "researchAndDevelopmentExpenses": 0,
        "generalAndAdministrativeExpenses": 0,
        "sellingAndMarketingExpenses": 0,
        "sellingGeneralAndAdministrativeExpenses": 0,
        "otherExpenses": 3477000000,
        "operatingExpenses": 3477000000,
        "costAndExpenses": 3477000000,
        "interestIncome": 530700000,
        "interestExpense": 674900000,
        "depreciationAndAmortization": 367800000,
        "ebitda": 4101200000,
        "ebitdaratio": 15.9953198128,
        "operatingIncome": 3733400000,
        "operatingIncomeRatio": 14.5608424337,
        "totalOtherIncomeExpensesNet": -675700000,
        "incomeBeforeTax": 3057700000,
        "incomeBeforeTaxRatio": 11.9255070203,
        "incomeTaxExpense": -119700000,
        "netIncome": 3177400000,
        "netIncomeRatio": 12.3923556942,
        "eps": 13.09,
        "epsdiluted": 13.09,
        "weightedAverageShsOut": 242774500,
        "weightedAverageShsOutDil": 242792500,
        "link": "",
        "finalLink": ""
    },
    {
        "date": "2009-09-30",
        "symbol": "CIT",
        "reportedCurrency": "USD",
        "cik": "0001171825",
        "fillingDate": "2009-09-30",
        "acceptedDate": "2009-09-29 20:00:00",
        "calendarYear": "2009",
        "period": "Q3",
        "revenue": 167700000,
        "costOfRevenue": 0,
        "grossProfit": 167700000,
        "grossProfitRatio": 1,
        "researchAndDevelopmentExpenses": 0,
        "generalAndAdministrativeExpenses": 0,
        "sellingAndMarketingExpenses": 0,
        "sellingGeneralAndAdministrativeExpenses": 0,
        "otherExpenses": -540300000,
        "operatingExpenses": -540300000,
        "costAndExpenses": -540300000,
        "interestIncome": 549600000,
        "interestExpense": 693800000,
        "depreciationAndAmortization": 359800000,
        "ebitda": -12800000,
        "ebitdaratio": -0.076326774,
        "operatingIncome": -372600000,
        "operatingIncomeRatio": -2.2218246869,
        "totalOtherIncomeExpensesNet": -693800000,
        "incomeBeforeTax": -1066400000,
        "incomeBeforeTaxRatio": -6.358974359,
        "incomeTaxExpense": -33100000,
        "netIncome": -1033300000,
        "netIncomeRatio": -6.1615980918,
        "eps": -4.26,
        "epsdiluted": -4.26,
        "weightedAverageShsOut": 242774500,
        "weightedAverageShsOutDil": 242792500,
        "link": "",
        "finalLink": ""
    },
    {
        "date": "2009-06-30",
        "symbol": "CIT",
        "reportedCurrency": "USD",
        "cik": "0001171825",
        "fillingDate": "2009-06-30",
        "acceptedDate": "2009-06-29 20:00:00",
        "calendarYear": "2009",
        "period": "Q2",
        "revenue": 255600000,
        "costOfRevenue": 0,
        "grossProfit": 255600000,
        "grossProfitRatio": 1,
        "researchAndDevelopmentExpenses": 0,
        "generalAndAdministrativeExpenses": 0,
        "sellingAndMarketingExpenses": 0,
        "sellingGeneralAndAdministrativeExpenses": 0,
        "otherExpenses": -1227100000,
        "operatingExpenses": -1227100000,
        "costAndExpenses": -1227100000,
        "interestIncome": 606500000,
        "interestExpense": 633600000,
        "depreciationAndAmortization": 320600000,
        "ebitda": -650900000,
        "ebitdaratio": -2.5465571205,
        "operatingIncome": -971500000,
        "operatingIncomeRatio": -3.8008607199,
        "totalOtherIncomeExpensesNet": -634300000,
        "incomeBeforeTax": -1605800000,
        "incomeBeforeTaxRatio": -6.2824726135,
        "incomeTaxExpense": 12700000,
        "netIncome": -1618500000,
        "netIncomeRatio": -6.3321596244,
        "eps": -6.67,
        "epsdiluted": -6.67,
        "weightedAverageShsOut": 242774500,
        "weightedAverageShsOutDil": 242792500,
        "link": "",
        "finalLink": ""
    },
    {
        "date": "2009-03-31",
        "symbol": "CIT",
        "reportedCurrency": "USD",
        "cik": "0001171825",
        "fillingDate": "2009-03-31",
        "acceptedDate": "2009-03-30 20:00:00",
        "calendarYear": "2009",
        "period": "Q1",
        "revenue": 645700000,
        "costOfRevenue": 0,
        "grossProfit": 645700000,
        "grossProfitRatio": 1,
        "researchAndDevelopmentExpenses": 0,
        "generalAndAdministrativeExpenses": 0,
        "sellingAndMarketingExpenses": 0,
        "sellingGeneralAndAdministrativeExpenses": 0,
        "otherExpenses": -339400000,
        "operatingExpenses": -339400000,
        "costAndExpenses": -339400000,
        "interestIncome": 628600000,
        "interestExpense": 657100000,
        "depreciationAndAmortization": 375100000,
        "ebitda": 681400000,
        "ebitdaratio": 1.0552888338,
        "operatingIncome": 306300000,
        "operatingIncomeRatio": 0.474368902,
        "totalOtherIncomeExpensesNet": -660600000,
        "incomeBeforeTax": -354300000,
        "incomeBeforeTaxRatio": -0.5487068298,
        "incomeTaxExpense": -8000000,
        "netIncome": -346300000,
        "netIncomeRatio": -0.5363171752,
        "eps": -1.43,
        "epsdiluted": -1.43,
        "weightedAverageShsOut": 242774500,
        "weightedAverageShsOutDil": 242792500,
        "link": "",
        "finalLink": ""
    },
    {
        "date": "2008-12-31",
        "symbol": "CIT",
        "reportedCurrency": "USD",
        "cik": "0001171825",
        "fillingDate": "2008-12-31",
        "acceptedDate": "2008-12-30 19:00:00",
        "calendarYear": "2008",
        "period": "Q4",
        "revenue": 504100000,
        "costOfRevenue": 0,
        "grossProfit": 504100000,
        "grossProfitRatio": 1,
        "researchAndDevelopmentExpenses": 0,
        "generalAndAdministrativeExpenses": -175600000,
        "sellingAndMarketingExpenses": 0,
        "sellingGeneralAndAdministrativeExpenses": -175600000,
        "otherExpenses": 118300000,
        "operatingExpenses": -57300000,
        "costAndExpenses": -57300000,
        "interestIncome": -667100000,
        "interestExpense": 794600000,
        "depreciationAndAmortization": 430700000,
        "ebitda": 877500000,
        "ebitdaratio": 1.7407260464,
        "operatingIncome": 446800000,
        "operatingIncomeRatio": 0.886332077,
        "totalOtherIncomeExpensesNet": -737600000,
        "incomeBeforeTax": -290800000,
        "incomeBeforeTaxRatio": -0.5768696687,
        "incomeTaxExpense": -162900000,
        "netIncome": -127900000,
        "netIncomeRatio": -0.2537195001,
        "eps": -0.45,
        "epsdiluted": -0.45,
        "weightedAverageShsOut": 285509000,
        "weightedAverageShsOutDil": 285509000,
        "link": "",
        "finalLink": ""
    },
    {
        "date": "2008-09-30",
        "symbol": "CIT",
        "reportedCurrency": "USD",
        "cik": "0001171825",
        "fillingDate": "2008-09-30",
        "acceptedDate": "2008-09-29 20:00:00",
        "calendarYear": "2008",
        "period": "Q3",
        "revenue": 795300000,
        "costOfRevenue": 0,
        "grossProfit": 795300000,
        "grossProfitRatio": 1,
        "researchAndDevelopmentExpenses": 0,
        "generalAndAdministrativeExpenses": 306200000,
        "sellingAndMarketingExpenses": 0,
        "sellingGeneralAndAdministrativeExpenses": 306200000,
        "otherExpenses": -839700000,
        "operatingExpenses": -533500000,
        "costAndExpenses": -533500000,
        "interestIncome": 1399900000,
        "interestExpense": 765300000,
        "depreciationAndAmortization": 341800000,
        "ebitda": 603600000,
        "ebitdaratio": 0.7589588834,
        "operatingIncome": 261800000,
        "operatingIncomeRatio": 0.3291839557,
        "totalOtherIncomeExpensesNet": -769700000,
        "incomeBeforeTax": -507900000,
        "incomeBeforeTaxRatio": -0.6386269332,
        "incomeTaxExpense": -206300000,
        "netIncome": -301600000,
        "netIncomeRatio": -0.3792279643,
        "eps": -1.06,
        "epsdiluted": -1.06,
        "weightedAverageShsOut": 285509000,
        "weightedAverageShsOutDil": 285509000,
        "link": "",
        "finalLink": ""
    },
    {
        "date": "2008-06-30",
        "symbol": "CIT",
        "reportedCurrency": "USD",
        "cik": "0001171825",
        "fillingDate": "2008-06-30",
        "acceptedDate": "2008-06-29 20:00:00",
        "calendarYear": "2008",
        "period": "Q2",
        "revenue": 831000000,
        "costOfRevenue": 0,
        "grossProfit": 831000000,
        "grossProfitRatio": 1,
        "researchAndDevelopmentExpenses": 0,
        "generalAndAdministrativeExpenses": 318100000,
        "sellingAndMarketingExpenses": 0,
        "sellingGeneralAndAdministrativeExpenses": 318100000,
        "otherExpenses": -2448500000,
        "operatingExpenses": -2130400000,
        "costAndExpenses": -2130400000,
        "interestIncome": 1409200000,
        "interestExpense": 747100000,
        "depreciationAndAmortization": 300500000,
        "ebitda": -998900000,
        "ebitdaratio": -1.202045728,
        "operatingIncome": -1299400000,
        "operatingIncomeRatio": -1.5636582431,
        "totalOtherIncomeExpensesNet": 1368700000,
        "incomeBeforeTax": 69300000,
        "incomeBeforeTaxRatio": 0.0833935018,
        "incomeTaxExpense": 21200000,
        "netIncome": 48100000,
        "netIncomeRatio": 0.0578820698,
        "eps": 0.18,
        "epsdiluted": 0.18,
        "weightedAverageShsOut": 264381000,
        "weightedAverageShsOutDil": 264381000,
        "link": "",
        "finalLink": ""
    },
    {
        "date": "2008-03-31",
        "symbol": "CIT",
        "reportedCurrency": "USD",
        "cik": "0001171825",
        "fillingDate": "2008-03-31",
        "acceptedDate": "2008-03-30 20:00:00",
        "calendarYear": "2008",
        "period": "Q1",
        "revenue": 901900000,
        "costOfRevenue": 0,
        "grossProfit": 901900000,
        "grossProfitRatio": 1,
        "researchAndDevelopmentExpenses": 0,
        "generalAndAdministrativeExpenses": 318000000,
        "sellingAndMarketingExpenses": 0,
        "sellingGeneralAndAdministrativeExpenses": 318000000,
        "otherExpenses": -809700000,
        "operatingExpenses": -491700000,
        "costAndExpenses": -491700000,
        "interestIncome": 1682000000,
        "interestExpense": 954100000,
        "depreciationAndAmortization": 334800000,
        "ebitda": 745000000,
        "ebitdaratio": 0.8260339284,
        "operatingIncome": 410200000,
        "operatingIncomeRatio": 0.4548176073,
        "totalOtherIncomeExpensesNet": -954100000,
        "incomeBeforeTax": -543900000,
        "incomeBeforeTaxRatio": -0.6030602062,
        "incomeTaxExpense": -294200000,
        "netIncome": -249700000,
        "netIncomeRatio": -0.2768599623,
        "eps": -1.31,
        "epsdiluted": -1.31,
        "weightedAverageShsOut": 191091000,
        "weightedAverageShsOutDil": 191091000,
        "link": "",
        "finalLink": ""
    },
    {
        "date": "2007-12-31",
        "symbol": "CIT",
        "reportedCurrency": "USD",
        "cik": "0001171825",
        "fillingDate": "2007-12-31",
        "acceptedDate": "2007-12-30 19:00:00",
        "calendarYear": "2007",
        "period": "Q4",
        "revenue": 1265100000,
        "costOfRevenue": 0,
        "grossProfit": 1265100000,
        "grossProfitRatio": 1,
        "researchAndDevelopmentExpenses": 0,
        "generalAndAdministrativeExpenses": 377000000,
        "sellingAndMarketingExpenses": 0,
        "sellingGeneralAndAdministrativeExpenses": 377000000,
        "otherExpenses": -743000000,
        "operatingExpenses": -366000000,
        "costAndExpenses": -366000000,
        "interestIncome": 1839600000,
        "interestExpense": 1040600000,
        "depreciationAndAmortization": 329400000,
        "ebitda": 1228500000,
        "ebitdaratio": 0.9710694807,
        "operatingIncome": 899100000,
        "operatingIncomeRatio": 0.7106948067,
        "totalOtherIncomeExpensesNet": -1040600000,
        "incomeBeforeTax": -141500000,
        "incomeBeforeTaxRatio": -0.1118488657,
        "incomeTaxExpense": -18300000,
        "netIncome": -123200000,
        "netIncomeRatio": -0.097383606,
        "eps": -0.65,
        "epsdiluted": -0.65,
        "weightedAverageShsOut": 189930000,
        "weightedAverageShsOutDil": 189930000,
        "link": "",
        "finalLink": ""
    },
    {
        "date": "2007-09-30",
        "symbol": "CIT",
        "reportedCurrency": "USD",
        "cik": "0001171825",
        "fillingDate": "2007-09-30",
        "acceptedDate": "2007-09-29 20:00:00",
        "calendarYear": "2007",
        "period": "Q3",
        "revenue": 1110900000,
        "costOfRevenue": 0,
        "grossProfit": 1110900000,
        "grossProfitRatio": 1,
        "researchAndDevelopmentExpenses": 0,
        "generalAndAdministrativeExpenses": 367900000,
        "sellingAndMarketingExpenses": 0,
        "sellingGeneralAndAdministrativeExpenses": 367900000,
        "otherExpenses": -637800000,
        "operatingExpenses": -269900000,
        "costAndExpenses": -269900000,
        "interestIncome": 1810000000,
        "interestExpense": 975400000,
        "depreciationAndAmortization": 305500000,
        "ebitda": 1146500000,
        "ebitdaratio": 1.0320460888,
        "operatingIncome": 841000000,
        "operatingIncomeRatio": 0.7570438383,
        "totalOtherIncomeExpensesNet": -975400000,
        "incomeBeforeTax": -134400000,
        "incomeBeforeTaxRatio": -0.1209829868,
        "incomeTaxExpense": -95600000,
        "netIncome": -38800000,
        "netIncomeRatio": -0.0349266361,
        "eps": -0.2,
        "epsdiluted": -0.2,
        "weightedAverageShsOut": 189930000,
        "weightedAverageShsOutDil": 189930000,
        "link": "",
        "finalLink": ""
    },
    {
        "date": "2007-06-30",
        "symbol": "CIT",
        "reportedCurrency": "USD",
        "cik": "0001171825",
        "fillingDate": "2007-06-30",
        "acceptedDate": "2007-06-29 20:00:00",
        "calendarYear": "2007",
        "period": "Q2",
        "revenue": 1324600000,
        "costOfRevenue": 0,
        "grossProfit": 1324600000,
        "grossProfitRatio": 1,
        "researchAndDevelopmentExpenses": 0,
        "generalAndAdministrativeExpenses": 378000000,
        "sellingAndMarketingExpenses": 0,
        "sellingGeneralAndAdministrativeExpenses": 378000000,
        "otherExpenses": -1001700000,
        "operatingExpenses": -623700000,
        "costAndExpenses": -623700000,
        "interestIncome": 1758100000,
        "interestExpense": 942600000,
        "depreciationAndAmortization": 336200000,
        "ebitda": 1037100000,
        "ebitdaratio": 0.7829533444,
        "operatingIncome": 700900000,
        "operatingIncomeRatio": 0.5291408727,
        "totalOtherIncomeExpensesNet": -942600000,
        "incomeBeforeTax": -241700000,
        "incomeBeforeTaxRatio": -0.1824701797,
        "incomeTaxExpense": -114700000,
        "netIncome": -127000000,
        "netIncomeRatio": -0.0958780009,
        "eps": -0.66,
        "epsdiluted": -0.66,
        "weightedAverageShsOut": 191808000,
        "weightedAverageShsOutDil": 191808000,
        "link": "",
        "finalLink": ""
    },
    {
        "date": "2007-03-31",
        "symbol": "CIT",
        "reportedCurrency": "USD",
        "cik": "0001171825",
        "fillingDate": "2007-03-31",
        "acceptedDate": "2007-03-30 20:00:00",
        "calendarYear": "2007",
        "period": "Q1",
        "revenue": 1072100000,
        "costOfRevenue": 0,
        "grossProfit": 1072100000,
        "grossProfitRatio": 1,
        "researchAndDevelopmentExpenses": 0,
        "generalAndAdministrativeExpenses": 355800000,
        "sellingAndMarketingExpenses": 0,
        "sellingGeneralAndAdministrativeExpenses": 355800000,
        "otherExpenses": -312100000,
        "operatingExpenses": 43700000,
        "costAndExpenses": 43700000,
        "interestIncome": 1617100000,
        "interestExpense": 873600000,
        "depreciationAndAmortization": 309700000,
        "ebitda": 1425500000,
        "ebitdaratio": 1.3296334297,
        "operatingIncome": 1115800000,
        "operatingIncomeRatio": 1.040761123,
        "totalOtherIncomeExpensesNet": -873600000,
        "incomeBeforeTax": 242200000,
        "incomeBeforeTaxRatio": 0.225911762,
        "incomeTaxExpense": 34100000,
        "netIncome": 208100000,
        "netIncomeRatio": 0.1941050275,
        "eps": 1.07,
        "epsdiluted": 1.05,
        "weightedAverageShsOut": 194099000,
        "weightedAverageShsOutDil": 197922000,
        "link": "",
        "finalLink": ""
    },
    {
        "date": "2006-12-31",
        "symbol": "CIT",
        "reportedCurrency": "USD",
        "cik": "0001171825",
        "fillingDate": "2006-12-31",
        "acceptedDate": "2006-12-30 19:00:00",
        "calendarYear": "2006",
        "period": "Q4",
        "revenue": 1071000000,
        "costOfRevenue": 0,
        "grossProfit": 1071000000,
        "grossProfitRatio": 1,
        "researchAndDevelopmentExpenses": 0,
        "generalAndAdministrativeExpenses": 363000000,
        "sellingAndMarketingExpenses": 0,
        "sellingGeneralAndAdministrativeExpenses": 363000000,
        "otherExpenses": -232700000,
        "operatingExpenses": 130300000,
        "costAndExpenses": 130300000,
        "interestIncome": 1548500000,
        "interestExpense": 823000000,
        "depreciationAndAmortization": 192300000,
        "ebitda": 1393600000,
        "ebitdaratio": 1.3012138189,
        "operatingIncome": 1201300000,
        "operatingIncomeRatio": 1.1216619981,
        "totalOtherIncomeExpensesNet": -823000000,
        "incomeBeforeTax": 378300000,
        "incomeBeforeTaxRatio": 0.3532212885,
        "incomeTaxExpense": 111500000,
        "netIncome": 266800000,
        "netIncomeRatio": 0.2491129785,
        "eps": 1.34,
        "epsdiluted": 1.34,
        "weightedAverageShsOut": 198724000,
        "weightedAverageShsOutDil": 198724000,
        "link": "",
        "finalLink": ""
    },
    {
        "date": "2006-09-30",
        "symbol": "CIT",
        "reportedCurrency": "USD",
        "cik": "0001171825",
        "fillingDate": "2006-09-30",
        "acceptedDate": "2006-09-29 20:00:00",
        "calendarYear": "2006",
        "period": "Q3",
        "revenue": 1027400000,
        "costOfRevenue": 0,
        "grossProfit": 1027400000,
        "grossProfitRatio": 1,
        "researchAndDevelopmentExpenses": 0,
        "generalAndAdministrativeExpenses": 351700000,
        "sellingAndMarketingExpenses": 0,
        "sellingGeneralAndAdministrativeExpenses": 351700000,
        "otherExpenses": -272300000,
        "operatingExpenses": 79400000,
        "costAndExpenses": 79400000,
        "interestIncome": 1471500000,
        "interestExpense": 768800000,
        "depreciationAndAmortization": 351300000,
        "ebitda": 1458100000,
        "ebitdaratio": 1.4192135488,
        "operatingIncome": 1106800000,
        "operatingIncomeRatio": 1.0772824606,
        "totalOtherIncomeExpensesNet": -768800000,
        "incomeBeforeTax": 338000000,
        "incomeBeforeTaxRatio": 0.3289857894,
        "incomeTaxExpense": 39700000,
        "netIncome": 298300000,
        "netIncomeRatio": 0.2903445591,
        "eps": 1.5,
        "epsdiluted": 1.48,
        "weightedAverageShsOut": 198724000,
        "weightedAverageShsOutDil": 202151000,
        "link": "",
        "finalLink": ""
    },
    {
        "date": "2006-06-30",
        "symbol": "CIT",
        "reportedCurrency": "USD",
        "cik": "0001171825",
        "fillingDate": "2006-06-30",
        "acceptedDate": "2006-06-29 20:00:00",
        "calendarYear": "2006",
        "period": "Q2",
        "revenue": 1005100000,
        "costOfRevenue": 0,
        "grossProfit": 1005100000,
        "grossProfitRatio": 1,
        "researchAndDevelopmentExpenses": 0,
        "generalAndAdministrativeExpenses": 344800000,
        "sellingAndMarketingExpenses": 0,
        "sellingGeneralAndAdministrativeExpenses": 344800000,
        "otherExpenses": -316800000,
        "operatingExpenses": 28000000,
        "costAndExpenses": 28000000,
        "interestIncome": 1379300000,
        "interestExpense": 677700000,
        "depreciationAndAmortization": 267800000,
        "ebitda": 1300900000,
        "ebitdaratio": 1.2942990747,
        "operatingIncome": 1033100000,
        "operatingIncomeRatio": 1.0278579246,
        "totalOtherIncomeExpensesNet": -677700000,
        "incomeBeforeTax": 355400000,
        "incomeBeforeTaxRatio": 0.353596657,
        "incomeTaxExpense": 111900000,
        "netIncome": 243500000,
        "netIncomeRatio": 0.2422644513,
        "eps": 1.22,
        "epsdiluted": 1.19,
        "weightedAverageShsOut": 199189000,
        "weightedAverageShsOutDil": 203923000,
        "link": "",
        "finalLink": ""
    },
    {
        "date": "2006-03-31",
        "symbol": "CIT",
        "reportedCurrency": "USD",
        "cik": "0001171825",
        "fillingDate": "2006-03-31",
        "acceptedDate": "2006-03-30 19:00:00",
        "calendarYear": "2006",
        "period": "Q1",
        "revenue": 956000000,
        "costOfRevenue": 0,
        "grossProfit": 956000000,
        "grossProfitRatio": 1,
        "researchAndDevelopmentExpenses": 0,
        "generalAndAdministrativeExpenses": 323000000,
        "sellingAndMarketingExpenses": 0,
        "sellingGeneralAndAdministrativeExpenses": 323000000,
        "otherExpenses": -342000000,
        "operatingExpenses": -19000000,
        "costAndExpenses": -19000000,
        "interestIncome": 1295000000,
        "interestExpense": 599000000,
        "depreciationAndAmortization": 255000000,
        "ebitda": 1192000000,
        "ebitdaratio": 1.2468619247,
        "operatingIncome": 937000000,
        "operatingIncomeRatio": 0.980125523,
        "totalOtherIncomeExpensesNet": -599000000,
        "incomeBeforeTax": 338000000,
        "incomeBeforeTaxRatio": 0.3535564854,
        "incomeTaxExpense": 101000000,
        "netIncome": 237000000,
        "netIncomeRatio": 0.2479079498,
        "eps": 1.19,
        "epsdiluted": 1.16,
        "weightedAverageShsOut": 199462000,
        "weightedAverageShsOutDil": 204455000,
        "link": "",
        "finalLink": ""
    },
    {
        "date": "2005-12-31",
        "symbol": "CIT",
        "reportedCurrency": "USD",
        "cik": "0001171825",
        "fillingDate": "2005-12-31",
        "acceptedDate": "2005-12-30 19:00:00",
        "calendarYear": "2005",
        "period": "Q4",
        "revenue": 1030300000,
        "costOfRevenue": 0,
        "grossProfit": 1030300000,
        "grossProfitRatio": 1,
        "researchAndDevelopmentExpenses": 0,
        "generalAndAdministrativeExpenses": 299900000,
        "sellingAndMarketingExpenses": 0,
        "sellingGeneralAndAdministrativeExpenses": 299900000,
        "otherExpenses": -345800000,
        "operatingExpenses": -45900000,
        "costAndExpenses": -45900000,
        "interestIncome": 1232800000,
        "interestExpense": 555700000,
        "depreciationAndAmortization": 248400000,
        "ebitda": 1232800000,
        "ebitdaratio": 1.1965446957,
        "operatingIncome": 984400000,
        "operatingIncomeRatio": 0.955449869,
        "totalOtherIncomeExpensesNet": -555700000,
        "incomeBeforeTax": 428700000,
        "incomeBeforeTaxRatio": 0.4160924003,
        "incomeTaxExpense": 135400000,
        "netIncome": 293300000,
        "netIncomeRatio": 0.2846743667,
        "eps": 1.44,
        "epsdiluted": 1.44,
        "weightedAverageShsOut": 203103000,
        "weightedAverageShsOutDil": 203103000,
        "link": "",
        "finalLink": ""
    },
    {
        "date": "2005-09-30",
        "symbol": "CIT",
        "reportedCurrency": "USD",
        "cik": "0001171825",
        "fillingDate": "2005-09-30",
        "acceptedDate": "2005-09-29 20:00:00",
        "calendarYear": "2005",
        "period": "Q3",
        "revenue": 912100000,
        "costOfRevenue": 0,
        "grossProfit": 912100000,
        "grossProfitRatio": 1,
        "researchAndDevelopmentExpenses": 0,
        "generalAndAdministrativeExpenses": 281100000,
        "sellingAndMarketingExpenses": 0,
        "sellingGeneralAndAdministrativeExpenses": 281100000,
        "otherExpenses": -380100000,
        "operatingExpenses": -99000000,
        "costAndExpenses": -99000000,
        "interestIncome": 1153700000,
        "interestExpense": 495400000,
        "depreciationAndAmortization": 252900000,
        "ebitda": 1066000000,
        "ebitdaratio": 1.1687314987,
        "operatingIncome": 813100000,
        "operatingIncomeRatio": 0.8914592698,
        "totalOtherIncomeExpensesNet": -495400000,
        "incomeBeforeTax": 317700000,
        "incomeBeforeTaxRatio": 0.3483170705,
        "incomeTaxExpense": 93000000,
        "netIncome": 224700000,
        "netIncomeRatio": 0.2463545664,
        "eps": 1.11,
        "epsdiluted": 1.08,
        "weightedAverageShsOut": 203103000,
        "weightedAverageShsOutDil": 207952000,
        "link": "",
        "finalLink": ""
    },
    {
        "date": "2005-06-30",
        "symbol": "CIT",
        "reportedCurrency": "USD",
        "cik": "0001171825",
        "fillingDate": "2005-06-30",
        "acceptedDate": "2005-06-29 20:00:00",
        "calendarYear": "2005",
        "period": "Q2",
        "revenue": 920200000,
        "costOfRevenue": 0,
        "grossProfit": 920200000,
        "grossProfitRatio": 1,
        "researchAndDevelopmentExpenses": 0,
        "generalAndAdministrativeExpenses": 271800000,
        "sellingAndMarketingExpenses": 0,
        "sellingGeneralAndAdministrativeExpenses": 271800000,
        "otherExpenses": -391600000,
        "operatingExpenses": -119800000,
        "costAndExpenses": -119800000,
        "interestIncome": 1106700000,
        "interestExpense": 466700000,
        "depreciationAndAmortization": 251600000,
        "ebitda": 1052000000,
        "ebitdaratio": 1.1432297327,
        "operatingIncome": 800400000,
        "operatingIncomeRatio": 0.8698109107,
        "totalOtherIncomeExpensesNet": -466700000,
        "incomeBeforeTax": 333700000,
        "incomeBeforeTaxRatio": 0.3626385568,
        "incomeTaxExpense": 113000000,
        "netIncome": 220700000,
        "netIncomeRatio": 0.2398391654,
        "eps": 1.05,
        "epsdiluted": 1.03,
        "weightedAverageShsOut": 210506000,
        "weightedAverageShsOutDil": 214699000,
        "link": "",
        "finalLink": ""
    },
    {
        "date": "2005-03-31",
        "symbol": "CIT",
        "reportedCurrency": "USD",
        "cik": "0001171825",
        "fillingDate": "2005-03-31",
        "acceptedDate": "2005-03-30 19:00:00",
        "calendarYear": "2005",
        "period": "Q1",
        "revenue": 878000000,
        "costOfRevenue": 0,
        "grossProfit": 878000000,
        "grossProfitRatio": 1,
        "researchAndDevelopmentExpenses": 0,
        "generalAndAdministrativeExpenses": 261000000,
        "sellingAndMarketingExpenses": 0,
        "sellingGeneralAndAdministrativeExpenses": 261000000,
        "otherExpenses": -411600000,
        "operatingExpenses": -150600000,
        "costAndExpenses": -150600000,
        "interestIncome": 1022000000,
        "interestExpense": 394200000,
        "depreciationAndAmortization": 248300000,
        "ebitda": 975700000,
        "ebitdaratio": 1.1112756264,
        "operatingIncome": 727400000,
        "operatingIncomeRatio": 0.8284738041,
        "totalOtherIncomeExpensesNet": -394200000,
        "incomeBeforeTax": 333200000,
        "incomeBeforeTaxRatio": 0.379498861,
        "incomeTaxExpense": 122800000,
        "netIncome": 210400000,
        "netIncomeRatio": 0.2396355353,
        "eps": 1,
        "epsdiluted": 0.98,
        "weightedAverageShsOut": 210656000,
        "weightedAverageShsOutDil": 215090000,
        "link": "",
        "finalLink": ""
    },
    {
        "date": "2004-12-31",
        "symbol": "CIT",
        "reportedCurrency": "USD",
        "cik": "0001171825",
        "fillingDate": "2004-12-31",
        "acceptedDate": "2004-12-30 19:00:00",
        "calendarYear": "2004",
        "period": "Q4",
        "revenue": 860600000,
        "costOfRevenue": 0,
        "grossProfit": 860600000,
        "grossProfitRatio": 1,
        "researchAndDevelopmentExpenses": 0,
        "generalAndAdministrativeExpenses": 282100000,
        "sellingAndMarketingExpenses": 0,
        "sellingGeneralAndAdministrativeExpenses": 282100000,
        "otherExpenses": -460600000,
        "operatingExpenses": -178500000,
        "costAndExpenses": -178500000,
        "interestIncome": 1004500000,
        "interestExpense": 346700000,
        "depreciationAndAmortization": 251300000,
        "ebitda": 933400000,
        "ebitdaratio": 1.084592145,
        "operatingIncome": 682100000,
        "operatingIncomeRatio": 0.7925865675,
        "totalOtherIncomeExpensesNet": -346700000,
        "incomeBeforeTax": 335400000,
        "incomeBeforeTaxRatio": 0.3897280967,
        "incomeTaxExpense": 131600000,
        "netIncome": 203800000,
        "netIncomeRatio": 0.2368115268,
        "eps": 0.97,
        "epsdiluted": 0.97,
        "weightedAverageShsOut": 210489000,
        "weightedAverageShsOutDil": 210489000,
        "link": "",
        "finalLink": ""
    },
    {
        "date": "2004-09-30",
        "symbol": "CIT",
        "reportedCurrency": "USD",
        "cik": "0001171825",
        "fillingDate": "2004-09-30",
        "acceptedDate": "2004-09-29 20:00:00",
        "calendarYear": "2004",
        "period": "Q3",
        "revenue": 864400000,
        "costOfRevenue": 0,
        "grossProfit": 864400000,
        "grossProfitRatio": 1,
        "researchAndDevelopmentExpenses": 0,
        "generalAndAdministrativeExpenses": 256700000,
        "sellingAndMarketingExpenses": 0,
        "sellingGeneralAndAdministrativeExpenses": 256700000,
        "otherExpenses": -504100000,
        "operatingExpenses": -247400000,
        "costAndExpenses": -247400000,
        "interestIncome": 963100000,
        "interestExpense": 315400000,
        "depreciationAndAmortization": 256800000,
        "ebitda": 873800000,
        "ebitdaratio": 1.0108745951,
        "operatingIncome": 617000000,
        "operatingIncomeRatio": 0.7137899121,
        "totalOtherIncomeExpensesNet": -315400000,
        "incomeBeforeTax": 301600000,
        "incomeBeforeTaxRatio": 0.3489125405,
        "incomeTaxExpense": 117700000,
        "netIncome": 183900000,
        "netIncomeRatio": 0.2127487274,
        "eps": 0.87,
        "epsdiluted": 0.86,
        "weightedAverageShsOut": 210489000,
        "weightedAverageShsOutDil": 214179000,
        "link": "",
        "finalLink": ""
    },
    {
        "date": "2004-06-30",
        "symbol": "CIT",
        "reportedCurrency": "USD",
        "cik": "0001171825",
        "fillingDate": "2004-06-30",
        "acceptedDate": "2004-06-29 20:00:00",
        "calendarYear": "2004",
        "period": "Q2",
        "revenue": 851700000,
        "costOfRevenue": 0,
        "grossProfit": 851700000,
        "grossProfitRatio": 1,
        "researchAndDevelopmentExpenses": 0,
        "generalAndAdministrativeExpenses": 260300000,
        "sellingAndMarketingExpenses": 0,
        "sellingGeneralAndAdministrativeExpenses": 260300000,
        "otherExpenses": -522600000,
        "operatingExpenses": -262300000,
        "costAndExpenses": -262300000,
        "interestIncome": 915200000,
        "interestExpense": 300000000,
        "depreciationAndAmortization": 242500000,
        "ebitda": 831900000,
        "ebitdaratio": 0.9767523776,
        "operatingIncome": 589400000,
        "operatingIncomeRatio": 0.6920277093,
        "totalOtherIncomeExpensesNet": -300000000,
        "incomeBeforeTax": 289400000,
        "incomeBeforeTaxRatio": 0.3397910062,
        "incomeTaxExpense": 112800000,
        "netIncome": 176600000,
        "netIncomeRatio": 0.2073500059,
        "eps": 0.83,
        "epsdiluted": 0.82,
        "weightedAverageShsOut": 211532000,
        "weightedAverageShsOutDil": 215359000,
        "link": "",
        "finalLink": ""
    },
    {
        "date": "2004-03-31",
        "symbol": "CIT",
        "reportedCurrency": "USD",
        "cik": "0001171825",
        "fillingDate": "2004-03-31",
        "acceptedDate": "2004-03-30 19:00:00",
        "calendarYear": "2004",
        "period": "Q1",
        "revenue": 836000000,
        "costOfRevenue": 0,
        "grossProfit": 836000000,
        "grossProfitRatio": 1,
        "researchAndDevelopmentExpenses": 0,
        "generalAndAdministrativeExpenses": 247300000,
        "sellingAndMarketingExpenses": 0,
        "sellingGeneralAndAdministrativeExpenses": 247300000,
        "otherExpenses": -474900000,
        "operatingExpenses": -227600000,
        "costAndExpenses": -227600000,
        "interestIncome": 902900000,
        "interestExpense": 298000000,
        "depreciationAndAmortization": 248200000,
        "ebitda": 856600000,
        "ebitdaratio": 1.0246411483,
        "operatingIncome": 608400000,
        "operatingIncomeRatio": 0.7277511962,
        "totalOtherIncomeExpensesNet": -298000000,
        "incomeBeforeTax": 310400000,
        "incomeBeforeTaxRatio": 0.371291866,
        "incomeTaxExpense": 121100000,
        "netIncome": 189300000,
        "netIncomeRatio": 0.2264354067,
        "eps": 0.89,
        "epsdiluted": 0.88,
        "weightedAverageShsOut": 211839000,
        "weightedAverageShsOutDil": 215809000,
        "link": "",
        "finalLink": ""
    },
    {
        "date": "2003-12-31",
        "symbol": "CIT",
        "reportedCurrency": "USD",
        "cik": "0001171825",
        "fillingDate": "2003-12-31",
        "acceptedDate": "2003-12-30 19:00:00",
        "calendarYear": "2003",
        "period": "Q4",
        "revenue": 796400000,
        "costOfRevenue": 0,
        "grossProfit": 796400000,
        "grossProfitRatio": 1,
        "researchAndDevelopmentExpenses": 0,
        "generalAndAdministrativeExpenses": 244000000,
        "sellingAndMarketingExpenses": 0,
        "sellingGeneralAndAdministrativeExpenses": 244000000,
        "otherExpenses": -472000000,
        "operatingExpenses": -228000000,
        "costAndExpenses": -228000000,
        "interestIncome": 925900000,
        "interestExpense": 315000000,
        "depreciationAndAmortization": 255200000,
        "ebitda": 823600000,
        "ebitdaratio": 1.0341536916,
        "operatingIncome": 568400000,
        "operatingIncomeRatio": 0.7137117027,
        "totalOtherIncomeExpensesNet": -315000000,
        "incomeBeforeTax": 253400000,
        "incomeBeforeTaxRatio": 0.3181818182,
        "incomeTaxExpense": 98200000,
        "netIncome": 155200000,
        "netIncomeRatio": 0.1948769463,
        "eps": 0.74,
        "epsdiluted": 0.74,
        "weightedAverageShsOut": 211142857,
        "weightedAverageShsOutDil": 211142857,
        "link": "",
        "finalLink": ""
    },
    {
        "date": "2003-09-30",
        "symbol": "CIT",
        "reportedCurrency": "USD",
        "cik": "0001171825",
        "fillingDate": "2003-09-30",
        "acceptedDate": "2003-09-29 20:00:00",
        "calendarYear": "2003",
        "period": "Q3",
        "revenue": 815400000,
        "costOfRevenue": 0,
        "grossProfit": 815400000,
        "grossProfitRatio": 1,
        "researchAndDevelopmentExpenses": 0,
        "generalAndAdministrativeExpenses": 237500000,
        "sellingAndMarketingExpenses": 0,
        "sellingGeneralAndAdministrativeExpenses": 237500000,
        "otherExpenses": -484000000,
        "operatingExpenses": -246500000,
        "costAndExpenses": -246500000,
        "interestIncome": 921200000,
        "interestExpense": 326500000,
        "depreciationAndAmortization": 261700000,
        "ebitda": 830600000,
        "ebitdaratio": 1.0186411577,
        "operatingIncome": 568900000,
        "operatingIncomeRatio": 0.6976943831,
        "totalOtherIncomeExpensesNet": -326500000,
        "incomeBeforeTax": 242400000,
        "incomeBeforeTaxRatio": 0.2972774099,
        "incomeTaxExpense": 94600000,
        "netIncome": 147800000,
        "netIncomeRatio": 0.1812607309,
        "eps": 0.7,
        "epsdiluted": 0.69,
        "weightedAverageShsOut": 211142857,
        "weightedAverageShsOutDil": 214202899,
        "link": "",
        "finalLink": ""
    },
    {
        "date": "2003-06-30",
        "symbol": "CIT",
        "reportedCurrency": "USD",
        "cik": "0001171825",
        "fillingDate": "2003-06-30",
        "acceptedDate": "2003-06-29 20:00:00",
        "calendarYear": "2003",
        "period": "Q2",
        "revenue": 829700000,
        "costOfRevenue": 0,
        "grossProfit": 829700000,
        "grossProfitRatio": 1,
        "researchAndDevelopmentExpenses": 0,
        "generalAndAdministrativeExpenses": 227400000,
        "sellingAndMarketingExpenses": 0,
        "sellingGeneralAndAdministrativeExpenses": 227400000,
        "otherExpenses": -499900000,
        "operatingExpenses": -272500000,
        "costAndExpenses": -272500000,
        "interestIncome": 943200000,
        "interestExpense": 331100000,
        "depreciationAndAmortization": 280900000,
        "ebitda": 838100000,
        "ebitdaratio": 1.0101241413,
        "operatingIncome": 557200000,
        "operatingIncomeRatio": 0.6715680366,
        "totalOtherIncomeExpensesNet": -331100000,
        "incomeBeforeTax": 226100000,
        "incomeBeforeTaxRatio": 0.2725081355,
        "incomeTaxExpense": 89200000,
        "netIncome": 136900000,
        "netIncomeRatio": 0.1649993974,
        "eps": 0.65,
        "epsdiluted": 0.65,
        "weightedAverageShsOut": 210615385,
        "weightedAverageShsOutDil": 210615385,
        "link": "",
        "finalLink": ""
    },
    {
        "date": "2003-03-31",
        "symbol": "CIT",
        "reportedCurrency": "USD",
        "cik": "0001171825",
        "fillingDate": "2003-03-31",
        "acceptedDate": "2003-03-30 19:00:00",
        "calendarYear": "2003",
        "period": "Q1",
        "revenue": 828000000,
        "costOfRevenue": 0,
        "grossProfit": 828000000,
        "grossProfitRatio": 1,
        "researchAndDevelopmentExpenses": 0,
        "generalAndAdministrativeExpenses": 233600000,
        "sellingAndMarketingExpenses": 0,
        "sellingGeneralAndAdministrativeExpenses": 233600000,
        "otherExpenses": -505000000,
        "operatingExpenses": -271400000,
        "costAndExpenses": -271400000,
        "interestIncome": 939200000,
        "interestExpense": 346700000,
        "depreciationAndAmortization": 288800000,
        "ebitda": 845400000,
        "ebitdaratio": 1.0210144928,
        "operatingIncome": 556600000,
        "operatingIncomeRatio": 0.6722222222,
        "totalOtherIncomeExpensesNet": -346700000,
        "incomeBeforeTax": 209900000,
        "incomeBeforeTaxRatio": 0.2535024155,
        "incomeTaxExpense": 82900000,
        "netIncome": 127000000,
        "netIncomeRatio": 0.1533816425,
        "eps": 0.6,
        "epsdiluted": 0.6,
        "weightedAverageShsOut": 211666667,
        "weightedAverageShsOutDil": 211666667,
        "link": "",
        "finalLink": ""
    },
    {
        "date": "2002-12-31",
        "symbol": "CIT",
        "reportedCurrency": "USD",
        "cik": "0001171825",
        "fillingDate": "2002-12-31",
        "acceptedDate": "2002-12-30 19:00:00",
        "calendarYear": "2002",
        "period": "Q4",
        "revenue": 888800000,
        "costOfRevenue": 0,
        "grossProfit": 888800000,
        "grossProfitRatio": 1,
        "researchAndDevelopmentExpenses": 0,
        "generalAndAdministrativeExpenses": 242100000,
        "sellingAndMarketingExpenses": 0,
        "sellingGeneralAndAdministrativeExpenses": 242100000,
        "otherExpenses": -557600000,
        "operatingExpenses": -315500000,
        "costAndExpenses": -315500000,
        "interestIncome": 0,
        "interestExpense": 340000000,
        "depreciationAndAmortization": 287500000,
        "ebitda": 860800000,
        "ebitdaratio": 0.9684968497,
        "operatingIncome": 573300000,
        "operatingIncomeRatio": 0.6450270027,
        "totalOtherIncomeExpensesNet": -340000000,
        "incomeBeforeTax": 233300000,
        "incomeBeforeTaxRatio": 0.2624887489,
        "incomeTaxExpense": 92000000,
        "netIncome": 141300000,
        "netIncomeRatio": 0.1589783978,
        "eps": 0.67,
        "epsdiluted": 0.67,
        "weightedAverageShsOut": 210895522,
        "weightedAverageShsOutDil": 210895522,
        "link": "",
        "finalLink": ""
    },
    {
        "date": "2002-09-30",
        "symbol": "CIT",
        "reportedCurrency": "USD",
        "cik": "0001171825",
        "fillingDate": "2002-09-30",
        "acceptedDate": "2002-09-29 20:00:00",
        "calendarYear": "2002",
        "period": "Q3",
        "revenue": 0,
        "costOfRevenue": 0,
        "grossProfit": 0,
        "grossProfitRatio": 0,
        "researchAndDevelopmentExpenses": 0,
        "generalAndAdministrativeExpenses": 0,
        "sellingAndMarketingExpenses": 0,
        "sellingGeneralAndAdministrativeExpenses": 0,
        "otherExpenses": -6630366000,
        "operatingExpenses": -6630366000,
        "costAndExpenses": -6630366000,
        "interestIncome": 0,
        "interestExpense": 0,
        "depreciationAndAmortization": 319100000,
        "ebitda": -6311266000,
        "ebitdaratio": 0,
        "operatingIncome": -6630366000,
        "operatingIncomeRatio": 0,
        "totalOtherIncomeExpensesNet": 0,
        "incomeBeforeTax": 0,
        "incomeBeforeTaxRatio": 0,
        "incomeTaxExpense": 0,
        "netIncome": -6630366000,
        "netIncomeRatio": 0,
        "eps": -31.33,
        "epsdiluted": -31.33,
        "weightedAverageShsOut": 211632833,
        "weightedAverageShsOutDil": 211632833,
        "link": "",
        "finalLink": ""
    },
    {
        "date": "2002-06-30",
        "symbol": "CIT",
        "reportedCurrency": "USD",
        "cik": "0001171825",
        "fillingDate": "2002-06-30",
        "acceptedDate": "2002-06-29 20:00:00",
        "calendarYear": "2002",
        "period": "Q2",
        "revenue": 0,
        "costOfRevenue": 0,
        "grossProfit": 0,
        "grossProfitRatio": 0,
        "researchAndDevelopmentExpenses": 0,
        "generalAndAdministrativeExpenses": 0,
        "sellingAndMarketingExpenses": 0,
        "sellingGeneralAndAdministrativeExpenses": 0,
        "otherExpenses": -2397800000,
        "operatingExpenses": -2397800000,
        "costAndExpenses": -2397800000,
        "interestIncome": 0,
        "interestExpense": -2397800000,
        "depreciationAndAmortization": 0,
        "ebitda": -2397800000,
        "ebitdaratio": 0,
        "operatingIncome": -2397800000,
        "operatingIncomeRatio": 0,
        "totalOtherIncomeExpensesNet": 0,
        "incomeBeforeTax": 0,
        "incomeBeforeTaxRatio": 0,
        "incomeTaxExpense": 2397800000,
        "netIncome": -2397800000,
        "netIncomeRatio": 0,
        "eps": -11.33,
        "epsdiluted": -11.33,
        "weightedAverageShsOut": 211632833,
        "weightedAverageShsOutDil": 211632833,
        "link": "",
        "finalLink": ""
    }
]