[
    {
        "date": "2025-06-30",
        "symbol": "CNO",
        "reportedCurrency": "USD",
        "cik": "0001224608",
        "fillingDate": "2025-08-06",
        "acceptedDate": "2025-08-06 16:46:07",
        "calendarYear": "2025",
        "period": "Q2",
        "revenue": 1151500000,
        "costOfRevenue": 703300000,
        "grossProfit": 448200000,
        "grossProfitRatio": 0.3892314373,
        "researchAndDevelopmentExpenses": 0,
        "generalAndAdministrativeExpenses": 0,
        "sellingAndMarketingExpenses": 0,
        "sellingGeneralAndAdministrativeExpenses": 0,
        "otherExpenses": 271100000,
        "operatingExpenses": 271100000,
        "costAndExpenses": 1033500000,
        "interestIncome": 0,
        "interestExpense": 59100000,
        "depreciationAndAmortization": 0,
        "ebitda": 177100000,
        "ebitdaratio": 0.1537993921,
        "operatingIncome": 177100000,
        "operatingIncomeRatio": 0.1537993921,
        "totalOtherIncomeExpensesNet": -59100000,
        "incomeBeforeTax": 118000000,
        "incomeBeforeTaxRatio": 0.1024750326,
        "incomeTaxExpense": 26200000,
        "netIncome": 91800000,
        "netIncomeRatio": 0.0797221016,
        "eps": 0.91,
        "epsdiluted": 0.89,
        "weightedAverageShsOut": 100743000,
        "weightedAverageShsOutDil": 103070000,
        "link": "https://www.sec.gov/Archives/edgar/data/1224608/000122460825000045/0001224608-25-000045-index.htm",
        "finalLink": "https://www.sec.gov/Archives/edgar/data/1224608/000122460825000045/cno-20250630.htm"
    },
    {
        "date": "2025-03-31",
        "symbol": "CNO",
        "reportedCurrency": "USD",
        "cik": "0001224608",
        "fillingDate": "2025-05-07",
        "acceptedDate": "2025-05-07 16:21:36",
        "calendarYear": "2025",
        "period": "Q1",
        "revenue": 1004100000,
        "costOfRevenue": 650600000,
        "grossProfit": 353500000,
        "grossProfitRatio": 0.3520565681,
        "researchAndDevelopmentExpenses": 0,
        "generalAndAdministrativeExpenses": 0,
        "sellingAndMarketingExpenses": 0,
        "sellingGeneralAndAdministrativeExpenses": 0,
        "otherExpenses": 335800000,
        "operatingExpenses": 335800000,
        "costAndExpenses": 986400000,
        "interestIncome": 0,
        "interestExpense": 62000000,
        "depreciationAndAmortization": 77800000,
        "ebitda": 157500000,
        "ebitdaratio": 0.1568568868,
        "operatingIncome": 78200000,
        "operatingIncomeRatio": 0.0778806892,
        "totalOtherIncomeExpensesNet": 0,
        "incomeBeforeTax": 17700000,
        "incomeBeforeTaxRatio": 0.0176277263,
        "incomeTaxExpense": 4000000,
        "netIncome": 13700000,
        "netIncomeRatio": 0.0136440594,
        "eps": 0.14,
        "epsdiluted": 0.13,
        "weightedAverageShsOut": 100743000,
        "weightedAverageShsOutDil": 103070000,
        "link": "https://www.sec.gov/Archives/edgar/data/1224608/000122460825000030/0001224608-25-000030-index.htm",
        "finalLink": "https://www.sec.gov/Archives/edgar/data/1224608/000122460825000030/cno-20250331.htm"
    },
    {
        "date": "2024-12-31",
        "symbol": "CNO",
        "reportedCurrency": "USD",
        "cik": "0001224608",
        "fillingDate": "2025-02-26",
        "acceptedDate": "2025-02-26 17:01:35",
        "calendarYear": "2024",
        "period": "Q4",
        "revenue": 1097200000,
        "costOfRevenue": 568300000,
        "grossProfit": 528900000,
        "grossProfitRatio": 0.482045206,
        "researchAndDevelopmentExpenses": 0,
        "generalAndAdministrativeExpenses": 0,
        "sellingAndMarketingExpenses": 0,
        "sellingGeneralAndAdministrativeExpenses": 0,
        "otherExpenses": 318400000,
        "operatingExpenses": 318400000,
        "costAndExpenses": 886700000,
        "interestIncome": 0,
        "interestExpense": 62000000,
        "depreciationAndAmortization": 76100000,
        "ebitda": 348600000,
        "ebitdaratio": 0.3177178272,
        "operatingIncome": 272500000,
        "operatingIncomeRatio": 0.2483594604,
        "totalOtherIncomeExpensesNet": -62000000,
        "incomeBeforeTax": 210500000,
        "incomeBeforeTaxRatio": 0.1918519869,
        "incomeTaxExpense": 44400000,
        "netIncome": 166100000,
        "netIncomeRatio": 0.1513853445,
        "eps": 1.62,
        "epsdiluted": 1.58,
        "weightedAverageShsOut": 102778000,
        "weightedAverageShsOutDil": 106144000,
        "link": "https://www.sec.gov/Archives/edgar/data/1224608/000122460825000006/0001224608-25-000006-index.htm",
        "finalLink": "https://www.sec.gov/Archives/edgar/data/1224608/000122460825000006/cno-20241231.htm"
    },
    {
        "date": "2024-09-30",
        "symbol": "CNO",
        "reportedCurrency": "USD",
        "cik": "0001224608",
        "fillingDate": "2024-11-07",
        "acceptedDate": "2024-11-07 16:38:38",
        "calendarYear": "2024",
        "period": "Q3",
        "revenue": 1129500000,
        "costOfRevenue": 781400000,
        "grossProfit": 348100000,
        "grossProfitRatio": 0.3081894644,
        "researchAndDevelopmentExpenses": 0,
        "generalAndAdministrativeExpenses": 0,
        "sellingAndMarketingExpenses": 0,
        "sellingGeneralAndAdministrativeExpenses": 0,
        "otherExpenses": 337100000,
        "operatingExpenses": 337100000,
        "costAndExpenses": 1118500000,
        "interestIncome": 0,
        "interestExpense": 68000000,
        "depreciationAndAmortization": 74400000,
        "ebitda": 153400000,
        "ebitdaratio": 0.1358123063,
        "operatingIncome": 79000000,
        "operatingIncomeRatio": 0.0699424524,
        "totalOtherIncomeExpensesNet": -68000000,
        "incomeBeforeTax": 11000000,
        "incomeBeforeTaxRatio": 0.0097388225,
        "incomeTaxExpense": 1700000,
        "netIncome": 9300000,
        "netIncomeRatio": 0.0082337317,
        "eps": 0.0885,
        "epsdiluted": 0.0885,
        "weightedAverageShsOut": 105101000,
        "weightedAverageShsOutDil": 105101000,
        "link": "https://www.sec.gov/Archives/edgar/data/1224608/000122460824000061/0001224608-24-000061-index.htm",
        "finalLink": "https://www.sec.gov/Archives/edgar/data/1224608/000122460824000061/cno-20240930.htm"
    },
    {
        "date": "2024-06-30",
        "symbol": "CNO",
        "reportedCurrency": "USD",
        "cik": "0001224608",
        "fillingDate": "2024-08-09",
        "acceptedDate": "2024-08-09 09:53:28",
        "calendarYear": "2024",
        "period": "Q2",
        "revenue": 1066400000,
        "costOfRevenue": 600000000,
        "grossProfit": 466200000,
        "grossProfitRatio": 0.4371717929,
        "researchAndDevelopmentExpenses": 0,
        "generalAndAdministrativeExpenses": 0,
        "sellingAndMarketingExpenses": 0,
        "sellingGeneralAndAdministrativeExpenses": 0,
        "otherExpenses": 315600000,
        "operatingExpenses": 315600000,
        "costAndExpenses": 915600000,
        "interestIncome": 0,
        "interestExpense": 64200000,
        "depreciationAndAmortization": 71500000,
        "ebitda": 286300000,
        "ebitdaratio": 0.2684733683,
        "operatingIncome": 214800000,
        "operatingIncomeRatio": 0.2014253563,
        "totalOtherIncomeExpensesNet": -64200000,
        "incomeBeforeTax": 150600000,
        "incomeBeforeTaxRatio": 0.1412228057,
        "incomeTaxExpense": 34300000,
        "netIncome": 116300000,
        "netIncomeRatio": 0.1090585146,
        "eps": 1.08,
        "epsdiluted": 1.06,
        "weightedAverageShsOut": 107731000,
        "weightedAverageShsOutDil": 109258000,
        "link": "https://www.sec.gov/Archives/edgar/data/1224608/000122460824000050/0001224608-24-000050-index.htm",
        "finalLink": "https://www.sec.gov/Archives/edgar/data/1224608/000122460824000050/cno-20240630.htm"
    },
    {
        "date": "2024-03-31",
        "symbol": "CNO",
        "reportedCurrency": "USD",
        "cik": "0001224608",
        "fillingDate": "2024-05-06",
        "acceptedDate": "2024-05-06 10:49:38",
        "calendarYear": "2024",
        "period": "Q1",
        "revenue": 1152700000,
        "costOfRevenue": 671800000,
        "grossProfit": 480900000,
        "grossProfitRatio": 0.4171944131,
        "researchAndDevelopmentExpenses": 0,
        "generalAndAdministrativeExpenses": 0,
        "sellingAndMarketingExpenses": 0,
        "sellingGeneralAndAdministrativeExpenses": 0,
        "otherExpenses": 334700000,
        "operatingExpenses": 334700000,
        "costAndExpenses": 1006500000,
        "interestIncome": 0,
        "interestExpense": 60200000,
        "depreciationAndAmortization": 70400000,
        "ebitda": 276800000,
        "ebitdaratio": 0.2401318643,
        "operatingIncome": 206400000,
        "operatingIncomeRatio": 0.1790578641,
        "totalOtherIncomeExpensesNet": -60200000,
        "incomeBeforeTax": 146200000,
        "incomeBeforeTaxRatio": 0.1268326538,
        "incomeTaxExpense": 33900000,
        "netIncome": 112300000,
        "netIncomeRatio": 0.0974234406,
        "eps": 1.03,
        "epsdiluted": 1.01,
        "weightedAverageShsOut": 108964000,
        "weightedAverageShsOutDil": 110845000,
        "link": "https://www.sec.gov/Archives/edgar/data/1224608/000122460824000041/0001224608-24-000041-index.htm",
        "finalLink": "https://www.sec.gov/Archives/edgar/data/1224608/000122460824000041/cno-20240331.htm"
    },
    {
        "date": "2023-12-31",
        "symbol": "CNO",
        "reportedCurrency": "USD",
        "cik": "0001224608",
        "fillingDate": "2024-02-23",
        "acceptedDate": "2024-02-23 17:03:42",
        "calendarYear": "2023",
        "period": "Q4",
        "revenue": 1170500000,
        "costOfRevenue": 63700000,
        "grossProfit": 1170500000,
        "grossProfitRatio": 1,
        "researchAndDevelopmentExpenses": 0,
        "generalAndAdministrativeExpenses": 0,
        "sellingAndMarketingExpenses": 0,
        "sellingGeneralAndAdministrativeExpenses": 0,
        "otherExpenses": -109800000,
        "operatingExpenses": -109800000,
        "costAndExpenses": -46100000,
        "interestIncome": 0,
        "interestExpense": 63700000,
        "depreciationAndAmortization": 0,
        "ebitda": 109800000,
        "ebitdaratio": 0.0938060658,
        "operatingIncome": 109800000,
        "operatingIncomeRatio": 0.0938060658,
        "totalOtherIncomeExpensesNet": 0,
        "incomeBeforeTax": 46100000,
        "incomeBeforeTaxRatio": 0.0393848783,
        "incomeTaxExpense": 9800000,
        "netIncome": 36300000,
        "netIncomeRatio": 0.0310123879,
        "eps": 0.33,
        "epsdiluted": 0.32,
        "weightedAverageShsOut": 111591000,
        "weightedAverageShsOutDil": 113657000,
        "link": "https://www.sec.gov/Archives/edgar/data/1224608/000122460824000009/0001224608-24-000009-index.htm",
        "finalLink": "https://www.sec.gov/Archives/edgar/data/1224608/000122460824000009/cno-20231231.htm"
    },
    {
        "date": "2023-09-30",
        "symbol": "CNO",
        "reportedCurrency": "USD",
        "cik": "0001224608",
        "fillingDate": "2023-11-08",
        "acceptedDate": "2023-11-08 14:04:16",
        "calendarYear": "2023",
        "period": "Q3",
        "revenue": 947500000,
        "costOfRevenue": 247100000,
        "grossProfit": 700400000,
        "grossProfitRatio": 0.7392084433,
        "researchAndDevelopmentExpenses": 0,
        "generalAndAdministrativeExpenses": 0,
        "sellingAndMarketingExpenses": 0,
        "sellingGeneralAndAdministrativeExpenses": 0,
        "otherExpenses": 0,
        "operatingExpenses": 0,
        "costAndExpenses": 0,
        "interestIncome": 0,
        "interestExpense": 62600000,
        "depreciationAndAmortization": 0,
        "ebitda": 278200000,
        "ebitdaratio": 0.2936147757,
        "operatingIncome": 278200000,
        "operatingIncomeRatio": 0.2936147757,
        "totalOtherIncomeExpensesNet": -62600000,
        "incomeBeforeTax": 215600000,
        "incomeBeforeTaxRatio": 0.2275461741,
        "incomeTaxExpense": 48300000,
        "netIncome": 167300000,
        "netIncomeRatio": 0.1765699208,
        "eps": 1.48,
        "epsdiluted": 1.46,
        "weightedAverageShsOut": 112689000,
        "weightedAverageShsOutDil": 114462000,
        "link": "https://www.sec.gov/Archives/edgar/data/1224608/000122460823000061/0001224608-23-000061-index.htm",
        "finalLink": "https://www.sec.gov/Archives/edgar/data/1224608/000122460823000061/cno-20230930.htm"
    },
    {
        "date": "2023-06-30",
        "symbol": "CNO",
        "reportedCurrency": "USD",
        "cik": "0001224608",
        "fillingDate": "2023-08-09",
        "acceptedDate": "2023-08-09 16:23:18",
        "calendarYear": "2023",
        "period": "Q2",
        "revenue": 1022800000,
        "costOfRevenue": 256500000,
        "grossProfit": 766300000,
        "grossProfitRatio": 0.7492178334,
        "researchAndDevelopmentExpenses": 0,
        "generalAndAdministrativeExpenses": 0,
        "sellingAndMarketingExpenses": 0,
        "sellingGeneralAndAdministrativeExpenses": 0,
        "otherExpenses": 1022800000,
        "operatingExpenses": 1022800000,
        "costAndExpenses": 1022800000,
        "interestIncome": 0,
        "interestExpense": 57600000,
        "depreciationAndAmortization": 66200000,
        "ebitda": 219900000,
        "ebitdaratio": 0.2149980446,
        "operatingIncome": 153700000,
        "operatingIncomeRatio": 0.1502737583,
        "totalOtherIncomeExpensesNet": -57600000,
        "incomeBeforeTax": 96100000,
        "incomeBeforeTaxRatio": 0.093957763,
        "incomeTaxExpense": 22400000,
        "netIncome": 73700000,
        "netIncomeRatio": 0.0720570982,
        "eps": 0.64,
        "epsdiluted": 0.64,
        "weightedAverageShsOut": 114273000,
        "weightedAverageShsOutDil": 115650000,
        "link": "https://www.sec.gov/Archives/edgar/data/1224608/000122460823000046/0001224608-23-000046-index.htm",
        "finalLink": "https://www.sec.gov/Archives/edgar/data/1224608/000122460823000046/cno-20230630.htm"
    },
    {
        "date": "2023-03-31",
        "symbol": "CNO",
        "reportedCurrency": "USD",
        "cik": "0001224608",
        "fillingDate": "2023-05-10",
        "acceptedDate": "2023-05-10 16:28:29",
        "calendarYear": "2023",
        "period": "Q1",
        "revenue": 1006000000,
        "costOfRevenue": 271700000,
        "grossProfit": 1006000000,
        "grossProfitRatio": 1,
        "researchAndDevelopmentExpenses": 0,
        "generalAndAdministrativeExpenses": 0,
        "sellingAndMarketingExpenses": 0,
        "sellingGeneralAndAdministrativeExpenses": 0,
        "otherExpenses": 1006000000,
        "operatingExpenses": 1006000000,
        "costAndExpenses": 1006000000,
        "interestIncome": 0,
        "interestExpense": 54700000,
        "depreciationAndAmortization": -53700000,
        "ebitda": 0,
        "ebitdaratio": 0,
        "operatingIncome": 54500000,
        "operatingIncomeRatio": 0.0541749503,
        "totalOtherIncomeExpensesNet": -55500000,
        "incomeBeforeTax": -1000000,
        "incomeBeforeTaxRatio": -0.0009940358,
        "incomeTaxExpense": -200000,
        "netIncome": -800000,
        "netIncomeRatio": -0.0007952286,
        "eps": -0.01,
        "epsdiluted": -0.007,
        "weightedAverageShsOut": 114545000,
        "weightedAverageShsOutDil": 114545000,
        "link": "https://www.sec.gov/Archives/edgar/data/1224608/000122460823000026/0001224608-23-000026-index.htm",
        "finalLink": "https://www.sec.gov/Archives/edgar/data/1224608/000122460823000026/cno-20230331.htm"
    },
    {
        "date": "2022-12-31",
        "symbol": "CNO",
        "reportedCurrency": "USD",
        "cik": "0001224608",
        "fillingDate": "2023-02-24",
        "acceptedDate": "2023-02-24 15:52:16",
        "calendarYear": "2022",
        "period": "Q4",
        "revenue": 973600000,
        "costOfRevenue": 0,
        "grossProfit": 973600000,
        "grossProfitRatio": 1,
        "researchAndDevelopmentExpenses": 0,
        "generalAndAdministrativeExpenses": 0,
        "sellingAndMarketingExpenses": 0,
        "sellingGeneralAndAdministrativeExpenses": 0,
        "otherExpenses": 973600000,
        "operatingExpenses": 973600000,
        "costAndExpenses": 918200000,
        "interestIncome": 0,
        "interestExpense": 47800000,
        "depreciationAndAmortization": 39700000,
        "ebitda": 142900000,
        "ebitdaratio": 0.1467748562,
        "operatingIncome": 112800000,
        "operatingIncomeRatio": 0.1158586689,
        "totalOtherIncomeExpensesNet": 55400000,
        "incomeBeforeTax": 55400000,
        "incomeBeforeTaxRatio": 0.0569022186,
        "incomeTaxExpense": 12000000,
        "netIncome": 43400000,
        "netIncomeRatio": 0.0445768283,
        "eps": 0.38,
        "epsdiluted": 0.37,
        "weightedAverageShsOut": 114422000,
        "weightedAverageShsOutDil": 116653000,
        "link": "https://www.sec.gov/Archives/edgar/data/1224608/000122460823000013/0001224608-23-000013-index.htm",
        "finalLink": "https://www.sec.gov/Archives/edgar/data/1224608/000122460823000013/cno-20221231.htm"
    },
    {
        "date": "2022-09-30",
        "symbol": "CNO",
        "reportedCurrency": "USD",
        "cik": "0001224608",
        "fillingDate": "2022-11-04",
        "acceptedDate": "2022-11-04 14:43:45",
        "calendarYear": "2022",
        "period": "Q3",
        "revenue": 905300000,
        "costOfRevenue": 230800000,
        "grossProfit": 674500000,
        "grossProfitRatio": 0.7450568872,
        "researchAndDevelopmentExpenses": 0,
        "generalAndAdministrativeExpenses": 0,
        "sellingAndMarketingExpenses": 0,
        "sellingGeneralAndAdministrativeExpenses": 0,
        "otherExpenses": 905300000,
        "operatingExpenses": 905300000,
        "costAndExpenses": 768100000,
        "interestIncome": 0,
        "interestExpense": 37600000,
        "depreciationAndAmortization": 96100000,
        "ebitda": 0,
        "ebitdaratio": 0,
        "operatingIncome": 174800000,
        "operatingIncomeRatio": 0.1930851651,
        "totalOtherIncomeExpensesNet": -37600000,
        "incomeBeforeTax": 137200000,
        "incomeBeforeTaxRatio": 0.1515519717,
        "incomeTaxExpense": 32200000,
        "netIncome": 105000000,
        "netIncomeRatio": 0.1159836518,
        "eps": 0.92,
        "epsdiluted": 0.91,
        "weightedAverageShsOut": 134140000,
        "weightedAverageShsOutDil": 136653000,
        "link": "https://www.sec.gov/Archives/edgar/data/1224608/000122460822000037/0001224608-22-000037-index.htm",
        "finalLink": "https://www.sec.gov/Archives/edgar/data/1224608/000122460822000037/cno-20220930.htm"
    },
    {
        "date": "2022-06-30",
        "symbol": "CNO",
        "reportedCurrency": "USD",
        "cik": "0001224608",
        "fillingDate": "2022-08-05",
        "acceptedDate": "2022-08-05 14:54:22",
        "calendarYear": "2022",
        "period": "Q2",
        "revenue": 855000000,
        "costOfRevenue": 223500000,
        "grossProfit": 631500000,
        "grossProfitRatio": 0.7385964912,
        "researchAndDevelopmentExpenses": 0,
        "generalAndAdministrativeExpenses": 0,
        "sellingAndMarketingExpenses": 0,
        "sellingGeneralAndAdministrativeExpenses": 0,
        "otherExpenses": 855000000,
        "operatingExpenses": 855000000,
        "costAndExpenses": 679600000,
        "interestIncome": 0,
        "interestExpense": 27800000,
        "depreciationAndAmortization": 96800000,
        "ebitda": 0,
        "ebitdaratio": 0,
        "operatingIncome": 115100000,
        "operatingIncomeRatio": 0.134619883,
        "totalOtherIncomeExpensesNet": -27800000,
        "incomeBeforeTax": 175400000,
        "incomeBeforeTaxRatio": 0.2051461988,
        "incomeTaxExpense": 39300000,
        "netIncome": 136100000,
        "netIncomeRatio": 0.1591812865,
        "eps": 1.18,
        "epsdiluted": 1.16,
        "weightedAverageShsOut": 115533000,
        "weightedAverageShsOutDil": 117286000,
        "link": "https://www.sec.gov/Archives/edgar/data/1224608/000122460822000029/0001224608-22-000029-index.htm",
        "finalLink": "https://www.sec.gov/Archives/edgar/data/1224608/000122460822000029/cno-20220630.htm"
    },
    {
        "date": "2022-03-31",
        "symbol": "CNO",
        "reportedCurrency": "USD",
        "cik": "0001224608",
        "fillingDate": "2022-05-06",
        "acceptedDate": "2022-05-06 16:57:17",
        "calendarYear": "2022",
        "period": "Q1",
        "revenue": 842900000,
        "costOfRevenue": 219200000,
        "grossProfit": 623700000,
        "grossProfitRatio": 0.7399454265,
        "researchAndDevelopmentExpenses": 0,
        "generalAndAdministrativeExpenses": 0,
        "sellingAndMarketingExpenses": 0,
        "sellingGeneralAndAdministrativeExpenses": 0,
        "otherExpenses": 842900000,
        "operatingExpenses": 842900000,
        "costAndExpenses": 693600000,
        "interestIncome": 0,
        "interestExpense": 23800000,
        "depreciationAndAmortization": 112700000,
        "ebitda": 0,
        "ebitdaratio": 0,
        "operatingIncome": 173100000,
        "operatingIncomeRatio": 0.2053624392,
        "totalOtherIncomeExpensesNet": 240300000,
        "incomeBeforeTax": 149300000,
        "incomeBeforeTaxRatio": 0.1771265868,
        "incomeTaxExpense": 37000000,
        "netIncome": 112300000,
        "netIncomeRatio": 0.1332305137,
        "eps": 0.95,
        "epsdiluted": 0.93,
        "weightedAverageShsOut": 134140000,
        "weightedAverageShsOutDil": 136653000,
        "link": "https://www.sec.gov/Archives/edgar/data/1224608/000122460822000019/0001224608-22-000019-index.htm",
        "finalLink": "https://www.sec.gov/Archives/edgar/data/1224608/000122460822000019/cno-20220331.htm"
    },
    {
        "date": "2021-12-31",
        "symbol": "CNO",
        "reportedCurrency": "USD",
        "cik": "0001224608",
        "fillingDate": "2022-02-24",
        "acceptedDate": "2022-02-23 19:53:47",
        "calendarYear": "2021",
        "period": "Q4",
        "revenue": 1074800000,
        "costOfRevenue": 0,
        "grossProfit": 1074800000,
        "grossProfitRatio": 1,
        "researchAndDevelopmentExpenses": 0,
        "generalAndAdministrativeExpenses": 0,
        "sellingAndMarketingExpenses": 0,
        "sellingGeneralAndAdministrativeExpenses": 0,
        "otherExpenses": -903100000,
        "operatingExpenses": 1074800000,
        "costAndExpenses": 1074800000,
        "interestIncome": 0,
        "interestExpense": 23600000,
        "depreciationAndAmortization": 92200000,
        "ebitda": 263900000,
        "ebitdaratio": 0.2455340528,
        "operatingIncome": 171700000,
        "operatingIncomeRatio": 0.1597506513,
        "totalOtherIncomeExpensesNet": -23600000,
        "incomeBeforeTax": 148100000,
        "incomeBeforeTaxRatio": 0.1377930778,
        "incomeTaxExpense": 32300000,
        "netIncome": 115800000,
        "netIncomeRatio": 0.1077409751,
        "eps": 0.95,
        "epsdiluted": 0.93,
        "weightedAverageShsOut": 122017000,
        "weightedAverageShsOutDil": 125020000,
        "link": "https://www.sec.gov/Archives/edgar/data/1224608/000122460822000012/0001224608-22-000012-index.htm",
        "finalLink": "https://www.sec.gov/Archives/edgar/data/1224608/000122460822000012/cno-20211231.htm"
    },
    {
        "date": "2021-09-30",
        "symbol": "CNO",
        "reportedCurrency": "USD",
        "cik": "0001224608",
        "fillingDate": "2021-11-04",
        "acceptedDate": "2021-11-04 13:44:01",
        "calendarYear": "2021",
        "period": "Q3",
        "revenue": 968300000,
        "costOfRevenue": 233900000,
        "grossProfit": 734400000,
        "grossProfitRatio": 0.7584426314,
        "researchAndDevelopmentExpenses": 0,
        "generalAndAdministrativeExpenses": 0,
        "sellingAndMarketingExpenses": 0,
        "sellingGeneralAndAdministrativeExpenses": 0,
        "otherExpenses": 968300000,
        "operatingExpenses": 968300000,
        "costAndExpenses": 840300000,
        "interestIncome": 0,
        "interestExpense": 23700000,
        "depreciationAndAmortization": 67100000,
        "ebitda": 0,
        "ebitdaratio": 0,
        "operatingIncome": 160900000,
        "operatingIncomeRatio": 0.1661675101,
        "totalOtherIncomeExpensesNet": 210200000,
        "incomeBeforeTax": 128000000,
        "incomeBeforeTaxRatio": 0.1321904368,
        "incomeTaxExpense": 28200000,
        "netIncome": 99800000,
        "netIncomeRatio": 0.1030672312,
        "eps": 0.79,
        "epsdiluted": 0.77,
        "weightedAverageShsOut": 126429000,
        "weightedAverageShsOutDil": 129018000,
        "link": "https://www.sec.gov/Archives/edgar/data/1224608/000122460821000042/0001224608-21-000042-index.htm",
        "finalLink": "https://www.sec.gov/Archives/edgar/data/1224608/000122460821000042/cno-20210930.htm"
    },
    {
        "date": "2021-06-30",
        "symbol": "CNO",
        "reportedCurrency": "USD",
        "cik": "0001224608",
        "fillingDate": "2021-08-06",
        "acceptedDate": "2021-08-06 10:52:13",
        "calendarYear": "2021",
        "period": "Q2",
        "revenue": 1073100000,
        "costOfRevenue": 247500000,
        "grossProfit": 825600000,
        "grossProfitRatio": 0.7693597987,
        "researchAndDevelopmentExpenses": 0,
        "generalAndAdministrativeExpenses": 0,
        "sellingAndMarketingExpenses": 0,
        "sellingGeneralAndAdministrativeExpenses": 0,
        "otherExpenses": -691100000,
        "operatingExpenses": 1073100000,
        "costAndExpenses": 971500000,
        "interestIncome": 0,
        "interestExpense": 24000000,
        "depreciationAndAmortization": 51500000,
        "ebitda": 177100000,
        "ebitdaratio": 0.1650358774,
        "operatingIncome": 1073100000,
        "operatingIncomeRatio": 1,
        "totalOtherIncomeExpensesNet": 223500000,
        "incomeBeforeTax": 101600000,
        "incomeBeforeTaxRatio": 0.0946789675,
        "incomeTaxExpense": 23600000,
        "netIncome": 78000000,
        "netIncomeRatio": 0.0726866089,
        "eps": 0.59,
        "epsdiluted": 0.58,
        "weightedAverageShsOut": 131016000,
        "weightedAverageShsOutDil": 133814000,
        "link": "https://www.sec.gov/Archives/edgar/data/1224608/000122460821000032/0001224608-21-000032-index.htm",
        "finalLink": "https://www.sec.gov/Archives/edgar/data/1224608/000122460821000032/cno-20210630.htm"
    },
    {
        "date": "2021-03-31",
        "symbol": "CNO",
        "reportedCurrency": "USD",
        "cik": "0001224608",
        "fillingDate": "2021-05-07",
        "acceptedDate": "2021-05-07 16:43:17",
        "calendarYear": "2021",
        "period": "Q1",
        "revenue": 1006000000,
        "costOfRevenue": 233100000,
        "grossProfit": 772900000,
        "grossProfitRatio": 0.7682902584,
        "researchAndDevelopmentExpenses": 0,
        "generalAndAdministrativeExpenses": 0,
        "sellingAndMarketingExpenses": 0,
        "sellingGeneralAndAdministrativeExpenses": 0,
        "otherExpenses": -549800000,
        "operatingExpenses": 1006000000,
        "costAndExpenses": 816000000,
        "interestIncome": 0,
        "interestExpense": 24100000,
        "depreciationAndAmortization": 108700000,
        "ebitda": 322800000,
        "ebitdaratio": 0.3208747515,
        "operatingIncome": 223100000,
        "operatingIncomeRatio": 0.2217693837,
        "totalOtherIncomeExpensesNet": 209000000,
        "incomeBeforeTax": 190000000,
        "incomeBeforeTaxRatio": 0.1888667992,
        "incomeTaxExpense": 42600000,
        "netIncome": 147400000,
        "netIncomeRatio": 0.1465208748,
        "eps": 1.1,
        "epsdiluted": 1.08,
        "weightedAverageShsOut": 134140000,
        "weightedAverageShsOutDil": 136653000,
        "link": "https://www.sec.gov/Archives/edgar/data/1224608/000122460821000018/0001224608-21-000018-index.htm",
        "finalLink": "https://www.sec.gov/Archives/edgar/data/1224608/000122460821000018/cno-20210331.htm"
    },
    {
        "date": "2020-12-31",
        "symbol": "CNO",
        "reportedCurrency": "USD",
        "cik": "0001224608",
        "fillingDate": "2021-02-24",
        "acceptedDate": "2021-02-24 12:54:18",
        "calendarYear": "2020",
        "period": "Q4",
        "revenue": 1076200000,
        "costOfRevenue": 0,
        "grossProfit": 1076200000,
        "grossProfitRatio": 1,
        "researchAndDevelopmentExpenses": 0,
        "generalAndAdministrativeExpenses": 0,
        "sellingAndMarketingExpenses": 0,
        "sellingGeneralAndAdministrativeExpenses": 0,
        "otherExpenses": -660000000,
        "operatingExpenses": -660000000,
        "costAndExpenses": 1076200000,
        "interestIncome": 0,
        "interestExpense": 23300000,
        "depreciationAndAmortization": 85100000,
        "ebitda": 251900000,
        "ebitdaratio": 0.2340643003,
        "operatingIncome": 1076200000,
        "operatingIncomeRatio": 1,
        "totalOtherIncomeExpensesNet": -23300000,
        "incomeBeforeTax": 143500000,
        "incomeBeforeTaxRatio": 0.133339528,
        "incomeTaxExpense": 31700000,
        "netIncome": 111800000,
        "netIncomeRatio": 0.1038840364,
        "eps": 0.81,
        "epsdiluted": 0.8,
        "weightedAverageShsOut": 138232000,
        "weightedAverageShsOutDil": 140387000,
        "link": "https://www.sec.gov/Archives/edgar/data/1224608/000122460821000008/0001224608-21-000008-index.htm",
        "finalLink": "https://www.sec.gov/Archives/edgar/data/1224608/000122460821000008/cno-20201231.htm"
    },
    {
        "date": "2020-09-30",
        "symbol": "CNO",
        "reportedCurrency": "USD",
        "cik": "0001224608",
        "fillingDate": "2020-11-06",
        "acceptedDate": "2020-11-06 12:41:35",
        "calendarYear": "2020",
        "period": "Q3",
        "revenue": 1013500000,
        "costOfRevenue": 209200000,
        "grossProfit": 804300000,
        "grossProfitRatio": 0.7935865812,
        "researchAndDevelopmentExpenses": 0,
        "generalAndAdministrativeExpenses": 0,
        "sellingAndMarketingExpenses": 0,
        "sellingGeneralAndAdministrativeExpenses": 0,
        "otherExpenses": 847000000,
        "operatingExpenses": 847000000,
        "costAndExpenses": 1013500000,
        "interestIncome": 0,
        "interestExpense": 23700000,
        "depreciationAndAmortization": 62400000,
        "ebitda": 252500000,
        "ebitdaratio": 0.2491366552,
        "operatingIncome": 199000000,
        "operatingIncomeRatio": 0.1963492847,
        "totalOtherIncomeExpensesNet": 209100000,
        "incomeBeforeTax": 166400000,
        "incomeBeforeTaxRatio": 0.1641835224,
        "incomeTaxExpense": 37200000,
        "netIncome": 129200000,
        "netIncomeRatio": 0.1274790331,
        "eps": 0.92,
        "epsdiluted": 0.91,
        "weightedAverageShsOut": 140900000,
        "weightedAverageShsOutDil": 141730000,
        "link": "https://www.sec.gov/Archives/edgar/data/1224608/000122460820000044/0001224608-20-000044-index.htm",
        "finalLink": "https://www.sec.gov/Archives/edgar/data/1224608/000122460820000044/cno-20200930.htm"
    },
    {
        "date": "2020-06-30",
        "symbol": "CNO",
        "reportedCurrency": "USD",
        "cik": "0001224608",
        "fillingDate": "2020-08-07",
        "acceptedDate": "2020-08-07 15:41:33",
        "calendarYear": "2020",
        "period": "Q2",
        "revenue": 1014200000,
        "costOfRevenue": 251600000,
        "grossProfit": 762600000,
        "grossProfitRatio": 0.7519226977,
        "researchAndDevelopmentExpenses": 0,
        "generalAndAdministrativeExpenses": 0,
        "sellingAndMarketingExpenses": 0,
        "sellingGeneralAndAdministrativeExpenses": 0,
        "otherExpenses": 880000000,
        "operatingExpenses": 880000000,
        "costAndExpenses": 1014200000,
        "interestIncome": 0,
        "interestExpense": 28400000,
        "depreciationAndAmortization": 96800000,
        "ebitda": 230600000,
        "ebitdaratio": 0.2273713272,
        "operatingIncome": 1014200000,
        "operatingIncomeRatio": 1,
        "totalOtherIncomeExpensesNet": 222800000,
        "incomeBeforeTax": 105400000,
        "incomeBeforeTaxRatio": 0.1039242753,
        "incomeTaxExpense": 23400000,
        "netIncome": 82000000,
        "netIncomeRatio": 0.080851903,
        "eps": 0.57,
        "epsdiluted": 0.57,
        "weightedAverageShsOut": 143421000,
        "weightedAverageShsOutDil": 143941000,
        "link": "https://www.sec.gov/Archives/edgar/data/1224608/000122460820000032/0001224608-20-000032-index.htm",
        "finalLink": "https://www.sec.gov/Archives/edgar/data/1224608/000122460820000032/cno0630202010-q.htm"
    },
    {
        "date": "2020-03-31",
        "symbol": "CNO",
        "reportedCurrency": "USD",
        "cik": "0001224608",
        "fillingDate": "2020-05-11",
        "acceptedDate": "2020-05-11 12:18:22",
        "calendarYear": "2020",
        "period": "Q1",
        "revenue": 717200000,
        "costOfRevenue": 213800000,
        "grossProfit": 503400000,
        "grossProfitRatio": 0.7018962632,
        "researchAndDevelopmentExpenses": 0,
        "generalAndAdministrativeExpenses": 0,
        "sellingAndMarketingExpenses": 0,
        "sellingGeneralAndAdministrativeExpenses": 0,
        "otherExpenses": 717200000,
        "operatingExpenses": 717200000,
        "costAndExpenses": 788200000,
        "interestIncome": 0,
        "interestExpense": 33400000,
        "depreciationAndAmortization": 59600000,
        "ebitda": 22000000,
        "ebitdaratio": 0.0306748466,
        "operatingIncome": -28200000,
        "operatingIncomeRatio": -0.0393195761,
        "totalOtherIncomeExpensesNet": -33400000,
        "incomeBeforeTax": -71000000,
        "incomeBeforeTaxRatio": -0.0989960959,
        "incomeTaxExpense": -49800000,
        "netIncome": -21200000,
        "netIncomeRatio": -0.0295593977,
        "eps": -0.15,
        "epsdiluted": -0.15,
        "weightedAverageShsOut": 141333000,
        "weightedAverageShsOutDil": 145829000,
        "link": "https://www.sec.gov/Archives/edgar/data/1224608/000122460820000019/0001224608-20-000019-index.htm",
        "finalLink": "https://www.sec.gov/Archives/edgar/data/1224608/000122460820000019/cno0331202010-q.htm"
    },
    {
        "date": "2019-12-31",
        "symbol": "CNO",
        "reportedCurrency": "USD",
        "cik": "0001224608",
        "fillingDate": "2020-02-25",
        "acceptedDate": "2020-02-25 13:32:55",
        "calendarYear": "2019",
        "period": "Q4",
        "revenue": 1069000000,
        "costOfRevenue": 682900000,
        "grossProfit": 1069000000,
        "grossProfitRatio": 1,
        "researchAndDevelopmentExpenses": 0,
        "generalAndAdministrativeExpenses": 0,
        "sellingAndMarketingExpenses": 0,
        "sellingGeneralAndAdministrativeExpenses": 0,
        "otherExpenses": 889000000,
        "operatingExpenses": 1069000000,
        "costAndExpenses": 1069000000,
        "interestIncome": 0,
        "interestExpense": 35200000,
        "depreciationAndAmortization": 84200000,
        "ebitda": 226800000,
        "ebitdaratio": 0.212160898,
        "operatingIncome": 150700000,
        "operatingIncomeRatio": 0.1409728718,
        "totalOtherIncomeExpensesNet": -51100000,
        "incomeBeforeTax": 107400000,
        "incomeBeforeTaxRatio": 0.1004677268,
        "incomeTaxExpense": -170600000,
        "netIncome": 278000000,
        "netIncomeRatio": 0.2600561272,
        "eps": 1.85,
        "epsdiluted": 1.84,
        "weightedAverageShsOut": 150138000,
        "weightedAverageShsOutDil": 151407000,
        "link": "https://www.sec.gov/Archives/edgar/data/1224608/000122460820000009/0001224608-20-000009-index.htm",
        "finalLink": "https://www.sec.gov/Archives/edgar/data/1224608/000122460820000009/cno1231201910-k.htm"
    },
    {
        "date": "2019-09-30",
        "symbol": "CNO",
        "reportedCurrency": "USD",
        "cik": "0001224608",
        "fillingDate": "2019-11-06",
        "acceptedDate": "2019-11-06 16:17:33",
        "calendarYear": "2019",
        "period": "Q3",
        "revenue": 944000000,
        "costOfRevenue": 218600000,
        "grossProfit": 725400000,
        "grossProfitRatio": 0.7684322034,
        "researchAndDevelopmentExpenses": 0,
        "generalAndAdministrativeExpenses": 0,
        "sellingAndMarketingExpenses": 0,
        "sellingGeneralAndAdministrativeExpenses": 0,
        "otherExpenses": 891000000,
        "operatingExpenses": 891000000,
        "costAndExpenses": -853000000,
        "interestIncome": 0,
        "interestExpense": 37500000,
        "depreciationAndAmortization": 61700000,
        "ebitda": 152700000,
        "ebitdaratio": 0.1617584746,
        "operatingIncome": 101100000,
        "operatingIncomeRatio": 0.1070974576,
        "totalOtherIncomeExpensesNet": 219100000,
        "incomeBeforeTax": 53500000,
        "incomeBeforeTaxRatio": 0.0566737288,
        "incomeTaxExpense": 11500000,
        "netIncome": 42000000,
        "netIncomeRatio": 0.0444915254,
        "eps": 0.27,
        "epsdiluted": 0.27,
        "weightedAverageShsOut": 154257000,
        "weightedAverageShsOutDil": 155260000,
        "link": "https://www.sec.gov/Archives/edgar/data/1224608/000122460819000055/0001224608-19-000055-index.htm",
        "finalLink": "https://www.sec.gov/Archives/edgar/data/1224608/000122460819000055/cno0930201910-q.htm"
    },
    {
        "date": "2019-06-30",
        "symbol": "CNO",
        "reportedCurrency": "USD",
        "cik": "0001224608",
        "fillingDate": "2019-08-06",
        "acceptedDate": "2019-08-06 16:07:56",
        "calendarYear": "2019",
        "period": "Q2",
        "revenue": 979800000,
        "costOfRevenue": 229600000,
        "grossProfit": 750200000,
        "grossProfitRatio": 0.7656664625,
        "researchAndDevelopmentExpenses": 0,
        "generalAndAdministrativeExpenses": 0,
        "sellingAndMarketingExpenses": 0,
        "sellingGeneralAndAdministrativeExpenses": 0,
        "otherExpenses": 886000000,
        "operatingExpenses": 886000000,
        "costAndExpenses": 979800000,
        "interestIncome": 0,
        "interestExpense": 38600000,
        "depreciationAndAmortization": 55400000,
        "ebitda": 141700000,
        "ebitdaratio": 0.1446213513,
        "operatingIncome": 95500000,
        "operatingIncomeRatio": 0.0974688712,
        "totalOtherIncomeExpensesNet": -45900000,
        "incomeBeforeTax": 47700000,
        "incomeBeforeTaxRatio": 0.0486834048,
        "incomeTaxExpense": 10100000,
        "netIncome": 37600000,
        "netIncomeRatio": 0.0383751786,
        "eps": 0.24,
        "epsdiluted": 0.24,
        "weightedAverageShsOut": 158816000,
        "weightedAverageShsOutDil": 159735000,
        "link": "https://www.sec.gov/Archives/edgar/data/1224608/000122460819000042/0001224608-19-000042-index.htm",
        "finalLink": "https://www.sec.gov/Archives/edgar/data/1224608/000122460819000042/cno0630201910-q.htm"
    },
    {
        "date": "2019-03-31",
        "symbol": "CNO",
        "reportedCurrency": "USD",
        "cik": "0001224608",
        "fillingDate": "2019-05-03",
        "acceptedDate": "2019-05-03 16:43:11",
        "calendarYear": "2019",
        "period": "Q1",
        "revenue": 1023000000,
        "costOfRevenue": 234700000,
        "grossProfit": 788300000,
        "grossProfitRatio": 0.7705767351,
        "researchAndDevelopmentExpenses": 0,
        "generalAndAdministrativeExpenses": 0,
        "sellingAndMarketingExpenses": 0,
        "sellingGeneralAndAdministrativeExpenses": 0,
        "otherExpenses": 916000000,
        "operatingExpenses": 916000000,
        "costAndExpenses": 1023000000,
        "interestIncome": 0,
        "interestExpense": 41000000,
        "depreciationAndAmortization": 66600000,
        "ebitda": 0,
        "ebitdaratio": 0,
        "operatingIncome": 115000000,
        "operatingIncomeRatio": 0.1124144673,
        "totalOtherIncomeExpensesNet": -41000000,
        "incomeBeforeTax": 65600000,
        "incomeBeforeTaxRatio": 0.0641251222,
        "incomeTaxExpense": 13800000,
        "netIncome": 51800000,
        "netIncomeRatio": 0.0506353861,
        "eps": 0.32,
        "epsdiluted": 0.32,
        "weightedAverageShsOut": 160948000,
        "weightedAverageShsOutDil": 162189000,
        "link": "https://www.sec.gov/Archives/edgar/data/1224608/000122460819000024/0001224608-19-000024-index.htm",
        "finalLink": "https://www.sec.gov/Archives/edgar/data/1224608/000122460819000024/cno0331201910-q.htm"
    },
    {
        "date": "2018-12-31",
        "symbol": "CNO",
        "reportedCurrency": "USD",
        "cik": "0001224608",
        "fillingDate": "2019-02-26",
        "acceptedDate": "2019-02-25 18:57:17",
        "calendarYear": "2018",
        "period": "Q4",
        "revenue": 778200000,
        "costOfRevenue": 608700000,
        "grossProfit": 778200000,
        "grossProfitRatio": 1,
        "researchAndDevelopmentExpenses": 0,
        "generalAndAdministrativeExpenses": 0,
        "sellingAndMarketingExpenses": 0,
        "sellingGeneralAndAdministrativeExpenses": 0,
        "otherExpenses": 701000000,
        "operatingExpenses": 701000000,
        "costAndExpenses": 778200000,
        "interestIncome": 0,
        "interestExpense": 39700000,
        "depreciationAndAmortization": 69000000,
        "ebitda": 0,
        "ebitdaratio": 0,
        "operatingIncome": 171000000,
        "operatingIncomeRatio": 0.2197378566,
        "totalOtherIncomeExpensesNet": -133900000,
        "incomeBeforeTax": 37100000,
        "incomeBeforeTaxRatio": 0.0476741198,
        "incomeTaxExpense": 8800000,
        "netIncome": 28300000,
        "netIncomeRatio": 0.0363659728,
        "eps": 0.17,
        "epsdiluted": 0.17,
        "weightedAverageShsOut": 164118000,
        "weightedAverageShsOutDil": 165890000,
        "link": "https://www.sec.gov/Archives/edgar/data/1224608/000122460819000010/0001224608-19-000010-index.htm",
        "finalLink": "https://www.sec.gov/Archives/edgar/data/1224608/000122460819000010/cno1231201810-k.htm"
    },
    {
        "date": "2018-09-30",
        "symbol": "CNO",
        "reportedCurrency": "USD",
        "cik": "0001224608",
        "fillingDate": "2018-11-05",
        "acceptedDate": "2018-11-05 13:14:12",
        "calendarYear": "2018",
        "period": "Q3",
        "revenue": 1481200000,
        "costOfRevenue": 205300000,
        "grossProfit": 1275900000,
        "grossProfitRatio": 0.8613961653,
        "researchAndDevelopmentExpenses": 0,
        "generalAndAdministrativeExpenses": 0,
        "sellingAndMarketingExpenses": 0,
        "sellingGeneralAndAdministrativeExpenses": 0,
        "otherExpenses": 1982000000,
        "operatingExpenses": 1481200000,
        "costAndExpenses": 2021000000,
        "interestIncome": 0,
        "interestExpense": 38800000,
        "depreciationAndAmortization": 69400000,
        "ebitda": -431600000,
        "ebitdaratio": -0.2913853632,
        "operatingIncome": -494000000,
        "operatingIncomeRatio": -0.3335133675,
        "totalOtherIncomeExpensesNet": -38800000,
        "incomeBeforeTax": -539800000,
        "incomeBeforeTaxRatio": -0.3644342425,
        "incomeTaxExpense": -10000000,
        "netIncome": -529800000,
        "netIncomeRatio": -0.3576829598,
        "eps": -3.22,
        "epsdiluted": -3.22,
        "weightedAverageShsOut": 164534000,
        "weightedAverageShsOutDil": 164551000,
        "link": "https://www.sec.gov/Archives/edgar/data/1224608/000122460818000045/0001224608-18-000045-index.htm",
        "finalLink": "https://www.sec.gov/Archives/edgar/data/1224608/000122460818000045/cno0930201810-q.htm"
    },
    {
        "date": "2018-06-30",
        "symbol": "CNO",
        "reportedCurrency": "USD",
        "cik": "0001224608",
        "fillingDate": "2018-08-03",
        "acceptedDate": "2018-08-03 15:41:00",
        "calendarYear": "2018",
        "period": "Q2",
        "revenue": 1046300000,
        "costOfRevenue": 195800000,
        "grossProfit": 850500000,
        "grossProfitRatio": 0.8128643792,
        "researchAndDevelopmentExpenses": 0,
        "generalAndAdministrativeExpenses": 0,
        "sellingAndMarketingExpenses": 0,
        "sellingGeneralAndAdministrativeExpenses": 0,
        "otherExpenses": 875000000,
        "operatingExpenses": 875000000,
        "costAndExpenses": 916500000,
        "interestIncome": 0,
        "interestExpense": 37700000,
        "depreciationAndAmortization": 68000000,
        "ebitda": 235500000,
        "ebitdaratio": 0.2250788493,
        "operatingIncome": 174500000,
        "operatingIncomeRatio": 0.1667781707,
        "totalOtherIncomeExpensesNet": -41500000,
        "incomeBeforeTax": 129800000,
        "incomeBeforeTaxRatio": 0.124056198,
        "incomeTaxExpense": 27600000,
        "netIncome": 102200000,
        "netIncomeRatio": 0.0976775303,
        "eps": 0.62,
        "epsdiluted": 0.61,
        "weightedAverageShsOut": 166098000,
        "weightedAverageShsOutDil": 167978000,
        "link": "https://www.sec.gov/Archives/edgar/data/1224608/000122460818000035/0001224608-18-000035-index.htm",
        "finalLink": "https://www.sec.gov/Archives/edgar/data/1224608/000122460818000035/cno0630201810-q.htm"
    },
    {
        "date": "2018-03-31",
        "symbol": "CNO",
        "reportedCurrency": "USD",
        "cik": "0001224608",
        "fillingDate": "2018-05-02",
        "acceptedDate": "2018-05-02 16:40:29",
        "calendarYear": "2018",
        "period": "Q1",
        "revenue": 1007800000,
        "costOfRevenue": 207600000,
        "grossProfit": 800200000,
        "grossProfitRatio": 0.7940067474,
        "researchAndDevelopmentExpenses": 0,
        "generalAndAdministrativeExpenses": 0,
        "sellingAndMarketingExpenses": 0,
        "sellingGeneralAndAdministrativeExpenses": 0,
        "otherExpenses": 866000000,
        "operatingExpenses": 866000000,
        "costAndExpenses": 1007800000,
        "interestIncome": 0,
        "interestExpense": 33600000,
        "depreciationAndAmortization": 71900000,
        "ebitda": 0,
        "ebitdaratio": 0,
        "operatingIncome": 148500000,
        "operatingIncomeRatio": 0.1473506648,
        "totalOtherIncomeExpensesNet": 173900000,
        "incomeBeforeTax": 108100000,
        "incomeBeforeTaxRatio": 0.1072633459,
        "incomeTaxExpense": 23800000,
        "netIncome": 84300000,
        "netIncomeRatio": 0.0836475491,
        "eps": 0.5,
        "epsdiluted": 0.5,
        "weightedAverageShsOut": 167060000,
        "weightedAverageShsOutDil": 169677000,
        "link": "https://www.sec.gov/Archives/edgar/data/1224608/000122460818000019/0001224608-18-000019-index.htm",
        "finalLink": "https://www.sec.gov/Archives/edgar/data/1224608/000122460818000019/cno0331201810-q.htm"
    },
    {
        "date": "2017-12-31",
        "symbol": "CNO",
        "reportedCurrency": "USD",
        "cik": "0001224608",
        "fillingDate": "2018-02-23",
        "acceptedDate": "2018-02-23 17:27:55",
        "calendarYear": "2017",
        "period": "Q4",
        "revenue": 1090100000,
        "costOfRevenue": 631300000,
        "grossProfit": 1090100000,
        "grossProfitRatio": 1,
        "researchAndDevelopmentExpenses": 0,
        "generalAndAdministrativeExpenses": 0,
        "sellingAndMarketingExpenses": 0,
        "sellingGeneralAndAdministrativeExpenses": 0,
        "otherExpenses": 929000000,
        "operatingExpenses": 929000000,
        "costAndExpenses": 1090100000,
        "interestIncome": 0,
        "interestExpense": 31400000,
        "depreciationAndAmortization": 58000000,
        "ebitda": -24500000,
        "ebitdaratio": -0.0224750023,
        "operatingIncome": 163400000,
        "operatingIncomeRatio": 0.1498945051,
        "totalOtherIncomeExpensesNet": -35400000,
        "incomeBeforeTax": 125400000,
        "incomeBeforeTaxRatio": 0.1150353179,
        "incomeTaxExpense": 196300000,
        "netIncome": -70900000,
        "netIncomeRatio": -0.0650399046,
        "eps": -0.42,
        "epsdiluted": -0.42,
        "weightedAverageShsOut": 165983000,
        "weightedAverageShsOutDil": 167428000,
        "link": "https://www.sec.gov/Archives/edgar/data/1224608/000122460818000011/0001224608-18-000011-index.htm",
        "finalLink": "https://www.sec.gov/Archives/edgar/data/1224608/000122460818000011/cno1231201710-k.htm"
    },
    {
        "date": "2017-09-30",
        "symbol": "CNO",
        "reportedCurrency": "USD",
        "cik": "0001224608",
        "fillingDate": "2017-11-01",
        "acceptedDate": "2017-11-01 13:43:15",
        "calendarYear": "2017",
        "period": "Q3",
        "revenue": 1079900000,
        "costOfRevenue": 217500000,
        "grossProfit": 862400000,
        "grossProfitRatio": 0.7985924623,
        "researchAndDevelopmentExpenses": 0,
        "generalAndAdministrativeExpenses": 0,
        "sellingAndMarketingExpenses": 0,
        "sellingGeneralAndAdministrativeExpenses": 0,
        "otherExpenses": 914000000,
        "operatingExpenses": 914000000,
        "costAndExpenses": 950000000,
        "interestIncome": 0,
        "interestExpense": 30100000,
        "depreciationAndAmortization": 64600000,
        "ebitda": 224600000,
        "ebitdaratio": 0.2079822206,
        "operatingIncome": 166400000,
        "operatingIncomeRatio": 0.1540883415,
        "totalOtherIncomeExpensesNet": -35600000,
        "incomeBeforeTax": 129900000,
        "incomeBeforeTaxRatio": 0.1202889156,
        "incomeTaxExpense": 29100000,
        "netIncome": 100800000,
        "netIncomeRatio": 0.0933419761,
        "eps": 0.6,
        "epsdiluted": 0.59,
        "weightedAverageShsOut": 168684000,
        "weightedAverageShsOutDil": 170982000,
        "link": "https://www.sec.gov/Archives/edgar/data/1224608/000122460817000063/0001224608-17-000063-index.htm",
        "finalLink": "https://www.sec.gov/Archives/edgar/data/1224608/000122460817000063/cno0930201710-q.htm"
    },
    {
        "date": "2017-06-30",
        "symbol": "CNO",
        "reportedCurrency": "USD",
        "cik": "0001224608",
        "fillingDate": "2017-08-04",
        "acceptedDate": "2017-08-04 14:13:22",
        "calendarYear": "2017",
        "period": "Q2",
        "revenue": 1060800000,
        "costOfRevenue": 203400000,
        "grossProfit": 857400000,
        "grossProfitRatio": 0.8082579186,
        "researchAndDevelopmentExpenses": 0,
        "generalAndAdministrativeExpenses": 0,
        "sellingAndMarketingExpenses": 0,
        "sellingGeneralAndAdministrativeExpenses": 0,
        "otherExpenses": 897000000,
        "operatingExpenses": 897000000,
        "costAndExpenses": 932300000,
        "interestIncome": 0,
        "interestExpense": 31400000,
        "depreciationAndAmortization": 59600000,
        "ebitda": 0,
        "ebitdaratio": 0,
        "operatingIncome": 166500000,
        "operatingIncomeRatio": 0.1569570136,
        "totalOtherIncomeExpensesNet": 168100000,
        "incomeBeforeTax": 128500000,
        "incomeBeforeTaxRatio": 0.1211349925,
        "incomeTaxExpense": 45100000,
        "netIncome": 83400000,
        "netIncomeRatio": 0.0786199095,
        "eps": 0.49,
        "epsdiluted": 0.48,
        "weightedAverageShsOut": 170556000,
        "weightedAverageShsOutDil": 172352000,
        "link": "https://www.sec.gov/Archives/edgar/data/1224608/000122460817000043/0001224608-17-000043-index.htm",
        "finalLink": "https://www.sec.gov/Archives/edgar/data/1224608/000122460817000043/cno0630201710-q.htm"
    },
    {
        "date": "2017-03-31",
        "symbol": "CNO",
        "reportedCurrency": "USD",
        "cik": "0001224608",
        "fillingDate": "2017-05-03",
        "acceptedDate": "2017-05-03 12:03:51",
        "calendarYear": "2017",
        "period": "Q1",
        "revenue": 1070700000,
        "costOfRevenue": 210400000,
        "grossProfit": 860300000,
        "grossProfitRatio": 0.8034930419,
        "researchAndDevelopmentExpenses": 0,
        "generalAndAdministrativeExpenses": 0,
        "sellingAndMarketingExpenses": 0,
        "sellingGeneralAndAdministrativeExpenses": 0,
        "otherExpenses": 943000000,
        "operatingExpenses": 943000000,
        "costAndExpenses": 1070700000,
        "interestIncome": 0,
        "interestExpense": 30800000,
        "depreciationAndAmortization": 63500000,
        "ebitda": 0,
        "ebitdaratio": 0,
        "operatingIncome": 1070700000,
        "operatingIncomeRatio": 1,
        "totalOtherIncomeExpensesNet": 179400000,
        "incomeBeforeTax": 96700000,
        "incomeBeforeTaxRatio": 0.0903147474,
        "incomeTaxExpense": 34400000,
        "netIncome": 62300000,
        "netIncomeRatio": 0.0581862333,
        "eps": 0.36,
        "epsdiluted": 0.36,
        "weightedAverageShsOut": 173431000,
        "weightedAverageShsOutDil": 175065000,
        "link": "https://www.sec.gov/Archives/edgar/data/1224608/000122460817000024/0001224608-17-000024-index.htm",
        "finalLink": "https://www.sec.gov/Archives/edgar/data/1224608/000122460817000024/cno0331201710-q.htm"
    },
    {
        "date": "2016-12-31",
        "symbol": "CNO",
        "reportedCurrency": "USD",
        "cik": "0001224608",
        "fillingDate": "2017-02-21",
        "acceptedDate": "2017-02-21 12:03:08",
        "calendarYear": "2016",
        "period": "Q4",
        "revenue": 1004900000,
        "costOfRevenue": 603500000,
        "grossProfit": 1004900000,
        "grossProfitRatio": 1,
        "researchAndDevelopmentExpenses": 0,
        "generalAndAdministrativeExpenses": 0,
        "sellingAndMarketingExpenses": 0,
        "sellingGeneralAndAdministrativeExpenses": 7700000,
        "otherExpenses": 718000000,
        "operatingExpenses": 718000000,
        "costAndExpenses": 1004900000,
        "interestIncome": 0,
        "interestExpense": 30400000,
        "depreciationAndAmortization": 71700000,
        "ebitda": 0,
        "ebitdaratio": 0,
        "operatingIncome": 215300000,
        "operatingIncomeRatio": 0.2142501741,
        "totalOtherIncomeExpensesNet": 456700000,
        "incomeBeforeTax": 180700000,
        "incomeBeforeTaxRatio": 0.1798188875,
        "incomeTaxExpense": -53500000,
        "netIncome": 234200000,
        "netIncomeRatio": 0.2330580157,
        "eps": 1.35,
        "epsdiluted": 1.34,
        "weightedAverageShsOut": 173634000,
        "weightedAverageShsOutDil": 175173000,
        "link": "https://www.sec.gov/Archives/edgar/data/1224608/000122460817000013/0001224608-17-000013-index.htm",
        "finalLink": "https://www.sec.gov/Archives/edgar/data/1224608/000122460817000013/cno1231201610-k.htm"
    },
    {
        "date": "2016-09-30",
        "symbol": "CNO",
        "reportedCurrency": "USD",
        "cik": "0001224608",
        "fillingDate": "2016-11-07",
        "acceptedDate": "2016-11-07 15:00:50",
        "calendarYear": "2016",
        "period": "Q3",
        "revenue": 1015900000,
        "costOfRevenue": 187300000,
        "grossProfit": 828600000,
        "grossProfitRatio": 0.8156314598,
        "researchAndDevelopmentExpenses": 0,
        "generalAndAdministrativeExpenses": 0,
        "sellingAndMarketingExpenses": 0,
        "sellingGeneralAndAdministrativeExpenses": 0,
        "otherExpenses": 937000000,
        "operatingExpenses": 937000000,
        "costAndExpenses": 1015900000,
        "interestIncome": 0,
        "interestExpense": 29400000,
        "depreciationAndAmortization": 64700000,
        "ebitda": 0,
        "ebitdaratio": 0,
        "operatingIncome": 154100000,
        "operatingIncomeRatio": 0.1516881583,
        "totalOtherIncomeExpensesNet": 157700000,
        "incomeBeforeTax": 49300000,
        "incomeBeforeTaxRatio": 0.0485283985,
        "incomeTaxExpense": 30700000,
        "netIncome": 18600000,
        "netIncomeRatio": 0.0183088887,
        "eps": 0.11,
        "epsdiluted": 0.11,
        "weightedAverageShsOut": 174247000,
        "weightedAverageShsOutDil": 175723000,
        "link": "https://www.sec.gov/Archives/edgar/data/1224608/000122460816000088/0001224608-16-000088-index.htm",
        "finalLink": "https://www.sec.gov/Archives/edgar/data/1224608/000122460816000088/cno0930201610-q.htm"
    },
    {
        "date": "2016-06-30",
        "symbol": "CNO",
        "reportedCurrency": "USD",
        "cik": "0001224608",
        "fillingDate": "2016-08-02",
        "acceptedDate": "2016-08-01 18:21:32",
        "calendarYear": "2016",
        "period": "Q2",
        "revenue": 1011200000,
        "costOfRevenue": 205100000,
        "grossProfit": 806100000,
        "grossProfitRatio": 0.7971716772,
        "researchAndDevelopmentExpenses": 0,
        "generalAndAdministrativeExpenses": 0,
        "sellingAndMarketingExpenses": 0,
        "sellingGeneralAndAdministrativeExpenses": 0,
        "otherExpenses": 892000000,
        "operatingExpenses": 892000000,
        "costAndExpenses": 928500000,
        "interestIncome": 0,
        "interestExpense": 28900000,
        "depreciationAndAmortization": 54800000,
        "ebitda": 0,
        "ebitdaratio": 0,
        "operatingIncome": 117000000,
        "operatingIncomeRatio": 0.1157041139,
        "totalOtherIncomeExpensesNet": 168600000,
        "incomeBeforeTax": 82700000,
        "incomeBeforeTaxRatio": 0.081784019,
        "incomeTaxExpense": 22800000,
        "netIncome": 59900000,
        "netIncomeRatio": 0.0592365506,
        "eps": 0.34,
        "epsdiluted": 0.33,
        "weightedAverageShsOut": 178323000,
        "weightedAverageShsOutDil": 180267000,
        "link": "https://www.sec.gov/Archives/edgar/data/1224608/000122460816000079/0001224608-16-000079-index.htm",
        "finalLink": "https://www.sec.gov/Archives/edgar/data/1224608/000122460816000079/cno0630201610-q.htm"
    },
    {
        "date": "2016-03-31",
        "symbol": "CNO",
        "reportedCurrency": "USD",
        "cik": "0001224608",
        "fillingDate": "2016-05-04",
        "acceptedDate": "2016-05-04 13:31:00",
        "calendarYear": "2016",
        "period": "Q1",
        "revenue": 960400000,
        "costOfRevenue": 211100000,
        "grossProfit": 749300000,
        "grossProfitRatio": 0.7801957518,
        "researchAndDevelopmentExpenses": 0,
        "generalAndAdministrativeExpenses": 0,
        "sellingAndMarketingExpenses": 0,
        "sellingGeneralAndAdministrativeExpenses": 0,
        "otherExpenses": 892000000,
        "operatingExpenses": 892000000,
        "costAndExpenses": 960400000,
        "interestIncome": 0,
        "interestExpense": 27700000,
        "depreciationAndAmortization": 62100000,
        "ebitda": 0,
        "ebitdaratio": 0,
        "operatingIncome": 74300000,
        "operatingIncomeRatio": 0.0773635985,
        "totalOtherIncomeExpensesNet": 183200000,
        "incomeBeforeTax": 40500000,
        "incomeBeforeTaxRatio": 0.0421699292,
        "incomeTaxExpense": -5000000,
        "netIncome": 45500000,
        "netIncomeRatio": 0.0473760933,
        "eps": 0.25,
        "epsdiluted": 0.25,
        "weightedAverageShsOut": 180350000,
        "weightedAverageShsOutDil": 182128000,
        "link": "https://www.sec.gov/Archives/edgar/data/1224608/000122460816000068/0001224608-16-000068-index.htm",
        "finalLink": "https://www.sec.gov/Archives/edgar/data/1224608/000122460816000068/cno0331201610-q.htm"
    },
    {
        "date": "2015-12-31",
        "symbol": "CNO",
        "reportedCurrency": "USD",
        "cik": "0001224608",
        "fillingDate": "2016-02-19",
        "acceptedDate": "2016-02-19 12:53:43",
        "calendarYear": "2015",
        "period": "Q4",
        "revenue": 980900000,
        "costOfRevenue": 570400000,
        "grossProfit": 969600000,
        "grossProfitRatio": 0.9884799674,
        "researchAndDevelopmentExpenses": 0,
        "generalAndAdministrativeExpenses": 0,
        "sellingAndMarketingExpenses": 0,
        "sellingGeneralAndAdministrativeExpenses": 5300000,
        "otherExpenses": 785000000,
        "operatingExpenses": 785000000,
        "costAndExpenses": 969600000,
        "interestIncome": 0,
        "interestExpense": 24200000,
        "depreciationAndAmortization": 64400000,
        "ebitda": 0,
        "ebitdaratio": 0,
        "operatingIncome": 190200000,
        "operatingIncomeRatio": 0.193903558,
        "totalOtherIncomeExpensesNet": 456100000,
        "incomeBeforeTax": 160300000,
        "incomeBeforeTaxRatio": 0.1634213477,
        "incomeTaxExpense": 23000000,
        "netIncome": 137300000,
        "netIncomeRatio": 0.1399734937,
        "eps": 0.74,
        "epsdiluted": 0.73,
        "weightedAverageShsOut": 185608000,
        "weightedAverageShsOutDil": 187951000,
        "link": "https://www.sec.gov/Archives/edgar/data/1224608/000122460816000053/0001224608-16-000053-index.htm",
        "finalLink": "https://www.sec.gov/Archives/edgar/data/1224608/000122460816000053/cno1231201510-k.htm"
    },
    {
        "date": "2015-09-30",
        "symbol": "CNO",
        "reportedCurrency": "USD",
        "cik": "0001224608",
        "fillingDate": "2015-11-03",
        "acceptedDate": "2015-11-03 14:08:50",
        "calendarYear": "2015",
        "period": "Q3",
        "revenue": 904500000,
        "costOfRevenue": 190300000,
        "grossProfit": 714200000,
        "grossProfitRatio": 0.789607518,
        "researchAndDevelopmentExpenses": 0,
        "generalAndAdministrativeExpenses": 0,
        "sellingAndMarketingExpenses": 0,
        "sellingGeneralAndAdministrativeExpenses": 0,
        "otherExpenses": 828000000,
        "operatingExpenses": 828000000,
        "costAndExpenses": 904500000,
        "interestIncome": 0,
        "interestExpense": 23900000,
        "depreciationAndAmortization": 55800000,
        "ebitda": 0,
        "ebitdaratio": 0,
        "operatingIncome": 81800000,
        "operatingIncomeRatio": 0.0904367054,
        "totalOtherIncomeExpensesNet": 166200000,
        "incomeBeforeTax": 52400000,
        "incomeBeforeTaxRatio": 0.0579325594,
        "incomeTaxExpense": 18600000,
        "netIncome": 33800000,
        "netIncomeRatio": 0.037368712,
        "eps": 0.18,
        "epsdiluted": 0.18,
        "weightedAverageShsOut": 190260000,
        "weightedAverageShsOutDil": 192365000,
        "link": "https://www.sec.gov/Archives/edgar/data/1224608/000122460815000046/0001224608-15-000046-index.htm",
        "finalLink": "https://www.sec.gov/Archives/edgar/data/1224608/000122460815000046/cno0930201510-q.htm"
    },
    {
        "date": "2015-06-30",
        "symbol": "CNO",
        "reportedCurrency": "USD",
        "cik": "0001224608",
        "fillingDate": "2015-08-03",
        "acceptedDate": "2015-08-03 08:53:54",
        "calendarYear": "2015",
        "period": "Q2",
        "revenue": 959500000,
        "costOfRevenue": 182200000,
        "grossProfit": 777300000,
        "grossProfitRatio": 0.810109432,
        "researchAndDevelopmentExpenses": 0,
        "generalAndAdministrativeExpenses": 0,
        "sellingAndMarketingExpenses": 0,
        "sellingGeneralAndAdministrativeExpenses": 0,
        "otherExpenses": 829000000,
        "operatingExpenses": 829000000,
        "costAndExpenses": 959500000,
        "interestIncome": 0,
        "interestExpense": 25300000,
        "depreciationAndAmortization": 81000000,
        "ebitda": 179000000,
        "ebitdaratio": 0.1865554977,
        "operatingIncome": 105300000,
        "operatingIncomeRatio": 0.1097446587,
        "totalOtherIncomeExpensesNet": -62600000,
        "incomeBeforeTax": 72700000,
        "incomeBeforeTaxRatio": 0.0757686295,
        "incomeTaxExpense": 25900000,
        "netIncome": 46800000,
        "netIncomeRatio": 0.0487754039,
        "eps": 0.24,
        "epsdiluted": 0.24,
        "weightedAverageShsOut": 195857000,
        "weightedAverageShsOutDil": 198073000,
        "link": "https://www.sec.gov/Archives/edgar/data/1224608/000122460815000039/0001224608-15-000039-index.htm",
        "finalLink": "https://www.sec.gov/Archives/edgar/data/1224608/000122460815000039/cno0630201510-q.htm"
    },
    {
        "date": "2015-03-31",
        "symbol": "CNO",
        "reportedCurrency": "USD",
        "cik": "0001224608",
        "fillingDate": "2015-05-05",
        "acceptedDate": "2015-05-05 12:09:27",
        "calendarYear": "2015",
        "period": "Q1",
        "revenue": 967000000,
        "costOfRevenue": 197900000,
        "grossProfit": 769100000,
        "grossProfitRatio": 0.7953464323,
        "researchAndDevelopmentExpenses": 0,
        "generalAndAdministrativeExpenses": 0,
        "sellingAndMarketingExpenses": 0,
        "sellingGeneralAndAdministrativeExpenses": 0,
        "otherExpenses": 875000000,
        "operatingExpenses": 875000000,
        "costAndExpenses": 967000000,
        "interestIncome": 0,
        "interestExpense": 21500000,
        "depreciationAndAmortization": 71000000,
        "ebitda": 174800000,
        "ebitdaratio": 0.1807652534,
        "operatingIncome": 108700000,
        "operatingIncomeRatio": 0.112409514,
        "totalOtherIncomeExpensesNet": -26000000,
        "incomeBeforeTax": 82300000,
        "incomeBeforeTaxRatio": 0.0851085832,
        "incomeTaxExpense": 29500000,
        "netIncome": 52800000,
        "netIncomeRatio": 0.0546018614,
        "eps": 0.26,
        "epsdiluted": 0.26,
        "weightedAverageShsOut": 203077000,
        "weightedAverageShsOutDil": 202275000,
        "link": "https://www.sec.gov/Archives/edgar/data/1224608/000122460815000022/0001224608-15-000022-index.htm",
        "finalLink": "https://www.sec.gov/Archives/edgar/data/1224608/000122460815000022/cno0331201510-q.htm"
    },
    {
        "date": "2014-12-31",
        "symbol": "CNO",
        "reportedCurrency": "USD",
        "cik": "0001224608",
        "fillingDate": "2015-02-20",
        "acceptedDate": "2015-02-20 16:39:34",
        "calendarYear": "2014",
        "period": "Q4",
        "revenue": 1000000000,
        "costOfRevenue": 587100000,
        "grossProfit": 1000000000,
        "grossProfitRatio": 1,
        "researchAndDevelopmentExpenses": 0,
        "generalAndAdministrativeExpenses": 0,
        "sellingAndMarketingExpenses": 0,
        "sellingGeneralAndAdministrativeExpenses": 0,
        "otherExpenses": 941000000,
        "operatingExpenses": 941000000,
        "costAndExpenses": 1000000000,
        "interestIncome": 0,
        "interestExpense": 22000000,
        "depreciationAndAmortization": 50000000,
        "ebitda": -99500000,
        "ebitdaratio": -0.0995,
        "operatingIncome": -190800000,
        "operatingIncomeRatio": -0.1908,
        "totalOtherIncomeExpensesNet": 266700000,
        "incomeBeforeTax": 75900000,
        "incomeBeforeTaxRatio": 0.0759,
        "incomeTaxExpense": -8000000,
        "netIncome": 83900000,
        "netIncomeRatio": 0.0839,
        "eps": 0.41,
        "epsdiluted": 0.41,
        "weightedAverageShsOut": 204298000,
        "weightedAverageShsOutDil": 206943000,
        "link": "https://www.sec.gov/Archives/edgar/data/1224608/000122460815000007/0001224608-15-000007-index.htm",
        "finalLink": "https://www.sec.gov/Archives/edgar/data/1224608/000122460815000007/cno1231201410-k.htm"
    },
    {
        "date": "2014-09-30",
        "symbol": "CNO",
        "reportedCurrency": "USD",
        "cik": "0001224608",
        "fillingDate": "2014-11-06",
        "acceptedDate": "2014-11-05 17:35:48",
        "calendarYear": "2014",
        "period": "Q3",
        "revenue": 967000000,
        "costOfRevenue": 191500000,
        "grossProfit": 775500000,
        "grossProfitRatio": 0.8019648397,
        "researchAndDevelopmentExpenses": 0,
        "generalAndAdministrativeExpenses": 0,
        "sellingAndMarketingExpenses": 0,
        "sellingGeneralAndAdministrativeExpenses": 0,
        "otherExpenses": 967000000,
        "operatingExpenses": 967000000,
        "costAndExpenses": 967000000,
        "interestIncome": 0,
        "interestExpense": 21900000,
        "depreciationAndAmortization": 72000000,
        "ebitda": 248300000,
        "ebitdaratio": 0.2567735264,
        "operatingIncome": 182500000,
        "operatingIncomeRatio": 0.1887280248,
        "totalOtherIncomeExpensesNet": 10200000,
        "incomeBeforeTax": 154400000,
        "incomeBeforeTaxRatio": 0.1596690796,
        "incomeTaxExpense": 37000000,
        "netIncome": 117400000,
        "netIncomeRatio": 0.1214064116,
        "eps": 0.56,
        "epsdiluted": 0.54,
        "weightedAverageShsOut": 217407000,
        "weightedAverageShsOutDil": 215458000,
        "link": "https://www.sec.gov/Archives/edgar/data/1224608/000122460814000047/0001224608-14-000047-index.htm",
        "finalLink": "https://www.sec.gov/Archives/edgar/data/1224608/000122460814000047/cno0930201410-q.htm"
    },
    {
        "date": "2014-06-30",
        "symbol": "CNO",
        "reportedCurrency": "USD",
        "cik": "0001224608",
        "fillingDate": "2014-08-05",
        "acceptedDate": "2014-08-05 12:05:28",
        "calendarYear": "2014",
        "period": "Q2",
        "revenue": 1093000000,
        "costOfRevenue": 201500000,
        "grossProfit": 891500000,
        "grossProfitRatio": 0.8156450137,
        "researchAndDevelopmentExpenses": 0,
        "generalAndAdministrativeExpenses": 0,
        "sellingAndMarketingExpenses": 0,
        "sellingGeneralAndAdministrativeExpenses": 0,
        "otherExpenses": 954000000,
        "operatingExpenses": 954000000,
        "costAndExpenses": 1093000000,
        "interestIncome": 0,
        "interestExpense": 24300000,
        "depreciationAndAmortization": 72400000,
        "ebitda": 211100000,
        "ebitdaratio": 0.1931381519,
        "operatingIncome": 146200000,
        "operatingIncomeRatio": 0.1337602928,
        "totalOtherIncomeExpensesNet": -21100000,
        "incomeBeforeTax": 114400000,
        "incomeBeforeTaxRatio": 0.1046660567,
        "incomeTaxExpense": 36300000,
        "netIncome": 78100000,
        "netIncomeRatio": 0.0714547118,
        "eps": 0.36,
        "epsdiluted": 0.35,
        "weightedAverageShsOut": 223143000,
        "weightedAverageShsOutDil": 222108000,
        "link": "https://www.sec.gov/Archives/edgar/data/1224608/000122460814000038/0001224608-14-000038-index.htm",
        "finalLink": "https://www.sec.gov/Archives/edgar/data/1224608/000122460814000038/cno0630201410-q.htm"
    },
    {
        "date": "2014-03-31",
        "symbol": "CNO",
        "reportedCurrency": "USD",
        "cik": "0001224608",
        "fillingDate": "2014-05-06",
        "acceptedDate": "2014-05-06 16:57:31",
        "calendarYear": "2014",
        "period": "Q1",
        "revenue": 1084700000,
        "costOfRevenue": 194100000,
        "grossProfit": 890600000,
        "grossProfitRatio": 0.8210565133,
        "researchAndDevelopmentExpenses": 0,
        "generalAndAdministrativeExpenses": 0,
        "sellingAndMarketingExpenses": 0,
        "sellingGeneralAndAdministrativeExpenses": 0,
        "otherExpenses": 951000000,
        "operatingExpenses": 951000000,
        "costAndExpenses": 1229700000,
        "interestIncome": 0,
        "interestExpense": 24600000,
        "depreciationAndAmortization": 73800000,
        "ebitda": -71200000,
        "ebitdaratio": -0.0656402692,
        "operatingIncome": -137900000,
        "operatingIncomeRatio": -0.1271319259,
        "totalOtherIncomeExpensesNet": -169600000,
        "incomeBeforeTax": -169600000,
        "incomeBeforeTaxRatio": -0.1563565963,
        "incomeTaxExpense": 58400000,
        "netIncome": -228000000,
        "netIncomeRatio": -0.2101963677,
        "eps": -1.03,
        "epsdiluted": -1.03,
        "weightedAverageShsOut": 220307000,
        "weightedAverageShsOutDil": 220307000,
        "link": "https://www.sec.gov/Archives/edgar/data/1224608/000122460814000022/0001224608-14-000022-index.htm",
        "finalLink": "https://www.sec.gov/Archives/edgar/data/1224608/000122460814000022/cno0331201410-q.htm"
    },
    {
        "date": "2013-12-31",
        "symbol": "CNO",
        "reportedCurrency": "USD",
        "cik": "0001224608",
        "fillingDate": "2014-02-24",
        "acceptedDate": "2014-02-24 12:27:01",
        "calendarYear": "2013",
        "period": "Q4",
        "revenue": 1158200000,
        "costOfRevenue": 559400000,
        "grossProfit": 1158200000,
        "grossProfitRatio": 1,
        "researchAndDevelopmentExpenses": 0,
        "generalAndAdministrativeExpenses": 0,
        "sellingAndMarketingExpenses": 0,
        "sellingGeneralAndAdministrativeExpenses": 0,
        "otherExpenses": 993000000,
        "operatingExpenses": 993000000,
        "costAndExpenses": 1091800000,
        "interestIncome": 0,
        "interestExpense": 25300000,
        "depreciationAndAmortization": 76400000,
        "ebitda": -153500000,
        "ebitdaratio": -0.1325332412,
        "operatingIncome": 164800000,
        "operatingIncomeRatio": 0.14228976,
        "totalOtherIncomeExpensesNet": 406000000,
        "incomeBeforeTax": 41100000,
        "incomeBeforeTaxRatio": 0.0354860991,
        "incomeTaxExpense": -64900000,
        "netIncome": 106000000,
        "netIncomeRatio": 0.0915213262,
        "eps": 0.48,
        "epsdiluted": 0.47,
        "weightedAverageShsOut": 221056000,
        "weightedAverageShsOutDil": 227101000,
        "link": "https://www.sec.gov/Archives/edgar/data/1224608/000122460814000006/0001224608-14-000006-index.htm",
        "finalLink": "https://www.sec.gov/Archives/edgar/data/1224608/000122460814000006/cno1231201310-k.htm"
    },
    {
        "date": "2013-09-30",
        "symbol": "CNO",
        "reportedCurrency": "USD",
        "cik": "0001224608",
        "fillingDate": "2013-11-01",
        "acceptedDate": "2013-11-01 10:41:07",
        "calendarYear": "2013",
        "period": "Q3",
        "revenue": 1093800000,
        "costOfRevenue": 190000000,
        "grossProfit": 903800000,
        "grossProfitRatio": 0.8262936551,
        "researchAndDevelopmentExpenses": 0,
        "generalAndAdministrativeExpenses": 0,
        "sellingAndMarketingExpenses": 0,
        "sellingGeneralAndAdministrativeExpenses": 0,
        "otherExpenses": 954000000,
        "operatingExpenses": 954000000,
        "costAndExpenses": 953600000,
        "interestIncome": 0,
        "interestExpense": 25800000,
        "depreciationAndAmortization": 61400000,
        "ebitda": 0,
        "ebitdaratio": 0,
        "operatingIncome": 140200000,
        "operatingIncomeRatio": 0.1281769976,
        "totalOtherIncomeExpensesNet": 164600000,
        "incomeBeforeTax": 114400000,
        "incomeBeforeTaxRatio": 0.1045895045,
        "incomeTaxExpense": -168600000,
        "netIncome": 283000000,
        "netIncomeRatio": 0.2587310294,
        "eps": 1.27,
        "epsdiluted": 1.23,
        "weightedAverageShsOut": 222876000,
        "weightedAverageShsOutDil": 229347000,
        "link": "https://www.sec.gov/Archives/edgar/data/1224608/000122460813000075/0001224608-13-000075-index.htm",
        "finalLink": "https://www.sec.gov/Archives/edgar/data/1224608/000122460813000075/cno0930201310-q.htm"
    },
    {
        "date": "2013-06-30",
        "symbol": "CNO",
        "reportedCurrency": "USD",
        "cik": "0001224608",
        "fillingDate": "2013-08-02",
        "acceptedDate": "2013-08-02 15:27:16",
        "calendarYear": "2013",
        "period": "Q2",
        "revenue": 1081500000,
        "costOfRevenue": 179800000,
        "grossProfit": 901700000,
        "grossProfitRatio": 0.8337494221,
        "researchAndDevelopmentExpenses": 0,
        "generalAndAdministrativeExpenses": 0,
        "sellingAndMarketingExpenses": 0,
        "sellingGeneralAndAdministrativeExpenses": 0,
        "otherExpenses": 932000000,
        "operatingExpenses": 932000000,
        "costAndExpenses": 939900000,
        "interestIncome": 0,
        "interestExpense": 26900000,
        "depreciationAndAmortization": 85500000,
        "ebitda": 227100000,
        "ebitdaratio": 0.2099861304,
        "operatingIncome": 147900000,
        "operatingIncomeRatio": 0.1367545076,
        "totalOtherIncomeExpensesNet": -34600000,
        "incomeBeforeTax": 114700000,
        "incomeBeforeTaxRatio": 0.1060564031,
        "incomeTaxExpense": 37600000,
        "netIncome": 77100000,
        "netIncomeRatio": 0.0712898752,
        "eps": 0.35,
        "epsdiluted": 0.34,
        "weightedAverageShsOut": 220498000,
        "weightedAverageShsOutDil": 230893000,
        "link": "https://www.sec.gov/Archives/edgar/data/1224608/000122460813000061/0001224608-13-000061-index.htm",
        "finalLink": "https://www.sec.gov/Archives/edgar/data/1224608/000122460813000061/cno0630201310-q.htm"
    },
    {
        "date": "2013-03-31",
        "symbol": "CNO",
        "reportedCurrency": "USD",
        "cik": "0001224608",
        "fillingDate": "2013-04-29",
        "acceptedDate": "2013-04-29 12:59:23",
        "calendarYear": "2013",
        "period": "Q1",
        "revenue": 1142600000,
        "costOfRevenue": 189600000,
        "grossProfit": 953000000,
        "grossProfitRatio": 0.8340626641,
        "researchAndDevelopmentExpenses": 0,
        "generalAndAdministrativeExpenses": 0,
        "sellingAndMarketingExpenses": 0,
        "sellingGeneralAndAdministrativeExpenses": 0,
        "otherExpenses": 1023000000,
        "operatingExpenses": 1023000000,
        "costAndExpenses": 1080700000,
        "interestIncome": 0,
        "interestExpense": 27300000,
        "depreciationAndAmortization": 87100000,
        "ebitda": 149000000,
        "ebitdaratio": 0.130404341,
        "operatingIncome": 69700000,
        "operatingIncomeRatio": 0.0610012253,
        "totalOtherIncomeExpensesNet": -85000000,
        "incomeBeforeTax": 34600000,
        "incomeBeforeTaxRatio": 0.0302818134,
        "incomeTaxExpense": 22700000,
        "netIncome": 11900000,
        "netIncomeRatio": 0.0104148433,
        "eps": 0.0536,
        "epsdiluted": 0.05,
        "weightedAverageShsOut": 222081000,
        "weightedAverageShsOutDil": 243467000,
        "link": "https://www.sec.gov/Archives/edgar/data/1224608/000122460813000038/0001224608-13-000038-index.htm",
        "finalLink": "https://www.sec.gov/Archives/edgar/data/1224608/000122460813000038/cno0331201310-q.htm"
    },
    {
        "date": "2012-12-31",
        "symbol": "CNO",
        "reportedCurrency": "USD",
        "cik": "0001224608",
        "fillingDate": "2013-02-19",
        "acceptedDate": "2013-02-19 15:08:15",
        "calendarYear": "2012",
        "period": "Q4",
        "revenue": 1060800000,
        "costOfRevenue": 617800000,
        "grossProfit": 1060800000,
        "grossProfitRatio": 1,
        "researchAndDevelopmentExpenses": 0,
        "generalAndAdministrativeExpenses": 0,
        "sellingAndMarketingExpenses": 0,
        "sellingGeneralAndAdministrativeExpenses": 0,
        "otherExpenses": 914000000,
        "operatingExpenses": 914000000,
        "costAndExpenses": 915200000,
        "interestIncome": 0,
        "interestExpense": 27900000,
        "depreciationAndAmortization": 73200000,
        "ebitda": -85100000,
        "ebitdaratio": -0.0802224736,
        "operatingIncome": -129200000,
        "operatingIncomeRatio": -0.1217948718,
        "totalOtherIncomeExpensesNet": 246900000,
        "incomeBeforeTax": 117700000,
        "incomeBeforeTaxRatio": 0.110953997,
        "incomeTaxExpense": 16500000,
        "netIncome": 101200000,
        "netIncomeRatio": 0.0953996983,
        "eps": 0.45,
        "epsdiluted": 0.41,
        "weightedAverageShsOut": 244108000,
        "weightedAverageShsOutDil": 281400000,
        "link": "https://www.sec.gov/Archives/edgar/data/1224608/000122460813000017/0001224608-13-000017-index.htm",
        "finalLink": "https://www.sec.gov/Archives/edgar/data/1224608/000122460813000017/cno1231201210-k.htm"
    },
    {
        "date": "2012-09-30",
        "symbol": "CNO",
        "reportedCurrency": "USD",
        "cik": "0001224608",
        "fillingDate": "2012-11-01",
        "acceptedDate": "2012-11-01 16:11:41",
        "calendarYear": "2012",
        "period": "Q3",
        "revenue": 1093000000,
        "costOfRevenue": 217500000,
        "grossProfit": 875500000,
        "grossProfitRatio": 0.8010064044,
        "researchAndDevelopmentExpenses": 0,
        "generalAndAdministrativeExpenses": 0,
        "sellingAndMarketingExpenses": 0,
        "sellingGeneralAndAdministrativeExpenses": 0,
        "otherExpenses": 1024000000,
        "operatingExpenses": 1024000000,
        "costAndExpenses": 1093000000,
        "interestIncome": 0,
        "interestExpense": 29200000,
        "depreciationAndAmortization": 67500000,
        "ebitda": -62100000,
        "ebitdaratio": -0.0568161025,
        "operatingIncome": -129600000,
        "operatingIncomeRatio": -0.1185727356,
        "totalOtherIncomeExpensesNet": -158800000,
        "incomeBeforeTax": -158800000,
        "incomeBeforeTaxRatio": -0.1452881976,
        "incomeTaxExpense": -153800000,
        "netIncome": -5000000,
        "netIncomeRatio": -0.0045745654,
        "eps": -0.0216,
        "epsdiluted": -0.0216,
        "weightedAverageShsOut": 231481000,
        "weightedAverageShsOutDil": 231481000,
        "link": "https://www.sec.gov/Archives/edgar/data/1224608/000122460812000086/0001224608-12-000086-index.htm",
        "finalLink": "https://www.sec.gov/Archives/edgar/data/1224608/000122460812000086/cno0930201210-q.htm"
    },
    {
        "date": "2012-06-30",
        "symbol": "CNO",
        "reportedCurrency": "USD",
        "cik": "0001224608",
        "fillingDate": "2012-07-27",
        "acceptedDate": "2012-07-27 15:19:37",
        "calendarYear": "2012",
        "period": "Q2",
        "revenue": 1065000000,
        "costOfRevenue": 173300000,
        "grossProfit": 891700000,
        "grossProfitRatio": 0.8372769953,
        "researchAndDevelopmentExpenses": 0,
        "generalAndAdministrativeExpenses": 0,
        "sellingAndMarketingExpenses": 0,
        "sellingGeneralAndAdministrativeExpenses": 0,
        "otherExpenses": 931000000,
        "operatingExpenses": 931000000,
        "costAndExpenses": 1065000000,
        "interestIncome": 0,
        "interestExpense": 28700000,
        "depreciationAndAmortization": 76600000,
        "ebitda": 209800000,
        "ebitdaratio": 0.1969953052,
        "operatingIncome": 133200000,
        "operatingIncomeRatio": 0.1250704225,
        "totalOtherIncomeExpensesNet": -28700000,
        "incomeBeforeTax": 104500000,
        "incomeBeforeTaxRatio": 0.0981220657,
        "incomeTaxExpense": 38800000,
        "netIncome": 65700000,
        "netIncomeRatio": 0.0616901408,
        "eps": 0.28,
        "epsdiluted": 0.24,
        "weightedAverageShsOut": 237289000,
        "weightedAverageShsOutDil": 293475000,
        "link": "https://www.sec.gov/Archives/edgar/data/1224608/000122460812000064/0001224608-12-000064-index.htm",
        "finalLink": "https://www.sec.gov/Archives/edgar/data/1224608/000122460812000064/cno0630201210-q.htm"
    },
    {
        "date": "2012-03-31",
        "symbol": "CNO",
        "reportedCurrency": "USD",
        "cik": "0001224608",
        "fillingDate": "2012-05-04",
        "acceptedDate": "2012-05-04 12:22:24",
        "calendarYear": "2012",
        "period": "Q1",
        "revenue": 1123900000,
        "costOfRevenue": 227000000,
        "grossProfit": 896900000,
        "grossProfitRatio": 0.7980247353,
        "researchAndDevelopmentExpenses": 0,
        "generalAndAdministrativeExpenses": 0,
        "sellingAndMarketingExpenses": 0,
        "sellingGeneralAndAdministrativeExpenses": 0,
        "otherExpenses": 1003000000,
        "operatingExpenses": 1003000000,
        "costAndExpenses": 1123900000,
        "interestIncome": 0,
        "interestExpense": 28800000,
        "depreciationAndAmortization": 91100000,
        "ebitda": 212200000,
        "ebitdaratio": 0.1888068333,
        "operatingIncome": 125600000,
        "operatingIncomeRatio": 0.1117537147,
        "totalOtherIncomeExpensesNet": -33300000,
        "incomeBeforeTax": 92300000,
        "incomeBeforeTaxRatio": 0.0821247442,
        "incomeTaxExpense": 33200000,
        "netIncome": 59100000,
        "netIncomeRatio": 0.0525847495,
        "eps": 0.25,
        "epsdiluted": 0.21,
        "weightedAverageShsOut": 240895000,
        "weightedAverageShsOutDil": 295667000,
        "link": "https://www.sec.gov/Archives/edgar/data/1224608/000122460812000037/0001224608-12-000037-index.htm",
        "finalLink": "https://www.sec.gov/Archives/edgar/data/1224608/000122460812000037/cno0331201210-q.htm"
    },
    {
        "date": "2011-12-31",
        "symbol": "CNO",
        "reportedCurrency": "USD",
        "cik": "0001224608",
        "fillingDate": "2012-02-27",
        "acceptedDate": "2012-02-27 10:13:47",
        "calendarYear": "2011",
        "period": "Q4",
        "revenue": 1051100000,
        "costOfRevenue": 367100000,
        "grossProfit": 1051100000,
        "grossProfitRatio": 1,
        "researchAndDevelopmentExpenses": 0,
        "generalAndAdministrativeExpenses": 0,
        "sellingAndMarketingExpenses": 0,
        "sellingGeneralAndAdministrativeExpenses": 0,
        "otherExpenses": 920000000,
        "operatingExpenses": 920000000,
        "costAndExpenses": 1051100000,
        "interestIncome": 0,
        "interestExpense": 28100000,
        "depreciationAndAmortization": 113700000,
        "ebitda": 257700000,
        "ebitdaratio": 0.2451717249,
        "operatingIncome": 144000000,
        "operatingIncomeRatio": 0.136999334,
        "totalOtherIncomeExpensesNet": 478300000,
        "incomeBeforeTax": 115900000,
        "incomeBeforeTaxRatio": 0.1102654362,
        "incomeTaxExpense": 42800000,
        "netIncome": 73100000,
        "netIncomeRatio": 0.0695461897,
        "eps": 0.3,
        "epsdiluted": 0.3,
        "weightedAverageShsOut": 248000000,
        "weightedAverageShsOutDil": 240895000,
        "link": "https://www.sec.gov/Archives/edgar/data/1224608/000122460812000011/0001224608-12-000011-index.htm",
        "finalLink": "https://www.sec.gov/Archives/edgar/data/1224608/000122460812000011/cno1231201110-k.htm"
    },
    {
        "date": "2011-09-30",
        "symbol": "CNO",
        "reportedCurrency": "USD",
        "cik": "0001224608",
        "fillingDate": "2011-10-31",
        "acceptedDate": "2011-10-31 15:59:18",
        "calendarYear": "2011",
        "period": "Q3",
        "revenue": 992300000,
        "costOfRevenue": 127600000,
        "grossProfit": 864700000,
        "grossProfitRatio": 0.8714098559,
        "researchAndDevelopmentExpenses": 0,
        "generalAndAdministrativeExpenses": 0,
        "sellingAndMarketingExpenses": 0,
        "sellingGeneralAndAdministrativeExpenses": 0,
        "otherExpenses": 902000000,
        "operatingExpenses": 902000000,
        "costAndExpenses": 992300000,
        "interestIncome": 0,
        "interestExpense": 27900000,
        "depreciationAndAmortization": 93600000,
        "ebitda": 209000000,
        "ebitdaratio": 0.2106217878,
        "operatingIncome": 115400000,
        "operatingIncomeRatio": 0.1162954752,
        "totalOtherIncomeExpensesNet": -53700000,
        "incomeBeforeTax": 61700000,
        "incomeBeforeTaxRatio": 0.0621787766,
        "incomeTaxExpense": -108500000,
        "netIncome": 179500000,
        "netIncomeRatio": 0.1808928751,
        "eps": 0.73,
        "epsdiluted": 0.61,
        "weightedAverageShsOut": 246965000,
        "weightedAverageShsOutDil": 302708000,
        "link": "https://www.sec.gov/Archives/edgar/data/1224608/000122460811000072/0001224608-11-000072-index.htm",
        "finalLink": "https://www.sec.gov/Archives/edgar/data/1224608/000122460811000072/cno0930201110-q.htm"
    },
    {
        "date": "2011-06-30",
        "symbol": "CNO",
        "reportedCurrency": "USD",
        "cik": "0001224608",
        "fillingDate": "2011-08-01",
        "acceptedDate": "2011-08-01 14:25:03",
        "calendarYear": "2011",
        "period": "Q2",
        "revenue": 1032000000,
        "costOfRevenue": 124400000,
        "grossProfit": 907600000,
        "grossProfitRatio": 0.8794573643,
        "researchAndDevelopmentExpenses": 0,
        "generalAndAdministrativeExpenses": 0,
        "sellingAndMarketingExpenses": 0,
        "sellingGeneralAndAdministrativeExpenses": 0,
        "otherExpenses": 931000000,
        "operatingExpenses": 931000000,
        "costAndExpenses": 1032000000,
        "interestIncome": 0,
        "interestExpense": 28900000,
        "depreciationAndAmortization": 101500000,
        "ebitda": 229100000,
        "ebitdaratio": 0.221996124,
        "operatingIncome": 127600000,
        "operatingIncomeRatio": 0.1236434109,
        "totalOtherIncomeExpensesNet": -55800000,
        "incomeBeforeTax": 71800000,
        "incomeBeforeTaxRatio": 0.0695736434,
        "incomeTaxExpense": 32700000,
        "netIncome": 46400000,
        "netIncomeRatio": 0.0449612403,
        "eps": 0.24,
        "epsdiluted": 0.19,
        "weightedAverageShsOut": 250933000,
        "weightedAverageShsOutDil": 308048000,
        "link": "https://www.sec.gov/Archives/edgar/data/1224608/000122460811000049/0001224608-11-000049-index.htm",
        "finalLink": "https://www.sec.gov/Archives/edgar/data/1224608/000122460811000049/cno0630201110-q.htm"
    },
    {
        "date": "2011-03-31",
        "symbol": "CNO",
        "reportedCurrency": "USD",
        "cik": "0001224608",
        "fillingDate": "2011-05-05",
        "acceptedDate": "2011-05-05 17:13:29",
        "calendarYear": "2011",
        "period": "Q1",
        "revenue": 1049200000,
        "costOfRevenue": 115100000,
        "grossProfit": 934100000,
        "grossProfitRatio": 0.8902973694,
        "researchAndDevelopmentExpenses": 0,
        "generalAndAdministrativeExpenses": 0,
        "sellingAndMarketingExpenses": 0,
        "sellingGeneralAndAdministrativeExpenses": 0,
        "otherExpenses": 948000000,
        "operatingExpenses": 948000000,
        "costAndExpenses": 1049200000,
        "interestIncome": 0,
        "interestExpense": 29200000,
        "depreciationAndAmortization": 136700000,
        "ebitda": 256100000,
        "ebitdaratio": 0.2440907358,
        "operatingIncome": 119400000,
        "operatingIncomeRatio": 0.1138009912,
        "totalOtherIncomeExpensesNet": -49000000,
        "incomeBeforeTax": 70400000,
        "incomeBeforeTaxRatio": 0.0670987419,
        "incomeTaxExpense": 29700000,
        "netIncome": 45400000,
        "netIncomeRatio": 0.0432710637,
        "eps": 0.21,
        "epsdiluted": 0.18,
        "weightedAverageShsOut": 251121000,
        "weightedAverageShsOutDil": 307498000,
        "link": "https://www.sec.gov/Archives/edgar/data/1224608/000122460811000024/0001224608-11-000024-index.htm",
        "finalLink": "https://www.sec.gov/Archives/edgar/data/1224608/000122460811000024/form10q.htm"
    },
    {
        "date": "2010-12-31",
        "symbol": "CNO",
        "reportedCurrency": "USD",
        "cik": "0001224608",
        "fillingDate": "2011-02-24",
        "acceptedDate": "2011-02-24 17:17:22",
        "calendarYear": "2010",
        "period": "Q4",
        "revenue": 1075800000,
        "costOfRevenue": 0,
        "grossProfit": 1075800000,
        "grossProfitRatio": 1,
        "researchAndDevelopmentExpenses": 0,
        "generalAndAdministrativeExpenses": 0,
        "sellingAndMarketingExpenses": 0,
        "sellingGeneralAndAdministrativeExpenses": 0,
        "otherExpenses": 1000000000,
        "operatingExpenses": 1075800000,
        "costAndExpenses": 1075800000,
        "interestIncome": 0,
        "interestExpense": 28600000,
        "depreciationAndAmortization": 126200000,
        "ebitda": 266100000,
        "ebitdaratio": 0.2473508087,
        "operatingIncome": -269100000,
        "operatingIncomeRatio": -0.2501394311,
        "totalOtherIncomeExpensesNet": 111300000,
        "incomeBeforeTax": 111300000,
        "incomeBeforeTaxRatio": 0.1034578918,
        "incomeTaxExpense": -56900000,
        "netIncome": 168200000,
        "netIncomeRatio": 0.1563487637,
        "eps": 0.67,
        "epsdiluted": 0.67,
        "weightedAverageShsOut": 251066000,
        "weightedAverageShsOutDil": 251121000,
        "link": "https://www.sec.gov/Archives/edgar/data/1224608/000122460811000009/0001224608-11-000009-index.htm",
        "finalLink": "https://www.sec.gov/Archives/edgar/data/1224608/000122460811000009/form10k.htm"
    },
    {
        "date": "2010-09-30",
        "symbol": "CNO",
        "reportedCurrency": "USD",
        "cik": "0001224608",
        "fillingDate": "2010-11-08",
        "acceptedDate": "2010-11-08 11:48:40",
        "calendarYear": "2010",
        "period": "Q3",
        "revenue": 1052500000,
        "costOfRevenue": 128200000,
        "grossProfit": 924300000,
        "grossProfitRatio": 0.8781947743,
        "researchAndDevelopmentExpenses": 0,
        "generalAndAdministrativeExpenses": 0,
        "sellingAndMarketingExpenses": 0,
        "sellingGeneralAndAdministrativeExpenses": 0,
        "otherExpenses": 947000000,
        "operatingExpenses": 947000000,
        "costAndExpenses": 1052500000,
        "interestIncome": 0,
        "interestExpense": 28400000,
        "depreciationAndAmortization": 125100000,
        "ebitda": 230800000,
        "ebitdaratio": 0.2192874109,
        "operatingIncome": 105700000,
        "operatingIncomeRatio": 0.1004275534,
        "totalOtherIncomeExpensesNet": -28400000,
        "incomeBeforeTax": 77300000,
        "incomeBeforeTaxRatio": 0.0734441805,
        "incomeTaxExpense": 27900000,
        "netIncome": 49400000,
        "netIncomeRatio": 0.046935867,
        "eps": 0.2,
        "epsdiluted": 0.16,
        "weightedAverageShsOut": 251045000,
        "weightedAverageShsOutDil": 306040000,
        "link": "https://www.sec.gov/Archives/edgar/data/1224608/000122460810000055/0001224608-10-000055-index.htm",
        "finalLink": "https://www.sec.gov/Archives/edgar/data/1224608/000122460810000055/form10q.htm"
    },
    {
        "date": "2010-06-30",
        "symbol": "CNO",
        "reportedCurrency": "USD",
        "cik": "0001224608",
        "fillingDate": "2010-08-06",
        "acceptedDate": "2010-08-06 16:47:30",
        "calendarYear": "2010",
        "period": "Q2",
        "revenue": 953200000,
        "costOfRevenue": 124200000,
        "grossProfit": 829000000,
        "grossProfitRatio": 0.8697020562,
        "researchAndDevelopmentExpenses": 0,
        "generalAndAdministrativeExpenses": 0,
        "sellingAndMarketingExpenses": 0,
        "sellingGeneralAndAdministrativeExpenses": 0,
        "otherExpenses": 872000000,
        "operatingExpenses": 872000000,
        "costAndExpenses": 953200000,
        "interestIncome": 0,
        "interestExpense": 28700000,
        "depreciationAndAmortization": 103600000,
        "ebitda": 184100000,
        "ebitdaratio": 0.1931389005,
        "operatingIncome": 80500000,
        "operatingIncomeRatio": 0.084452371,
        "totalOtherIncomeExpensesNet": -28700000,
        "incomeBeforeTax": 51800000,
        "incomeBeforeTaxRatio": 0.0543432648,
        "incomeTaxExpense": 18700000,
        "netIncome": 33100000,
        "netIncomeRatio": 0.0347251364,
        "eps": 0.13,
        "epsdiluted": 0.11,
        "weightedAverageShsOut": 250994000,
        "weightedAverageShsOutDil": 302648000,
        "link": "https://www.sec.gov/Archives/edgar/data/1224608/000122460810000039/0001224608-10-000039-index.htm",
        "finalLink": "https://www.sec.gov/Archives/edgar/data/1224608/000122460810000039/form10q.htm"
    },
    {
        "date": "2010-03-31",
        "symbol": "CNO",
        "reportedCurrency": "USD",
        "cik": "0001224608",
        "fillingDate": "2010-05-10",
        "acceptedDate": "2010-05-10 12:54:03",
        "calendarYear": "2010",
        "period": "Q1",
        "revenue": 1002400000,
        "costOfRevenue": 0,
        "grossProfit": 884000000,
        "grossProfitRatio": 0.8818834796,
        "researchAndDevelopmentExpenses": 0,
        "generalAndAdministrativeExpenses": 0,
        "sellingAndMarketingExpenses": 0,
        "sellingGeneralAndAdministrativeExpenses": 0,
        "otherExpenses": 1002400000,
        "operatingExpenses": 1002400000,
        "costAndExpenses": 1002400000,
        "interestIncome": 0,
        "interestExpense": 27500000,
        "depreciationAndAmortization": 110400000,
        "ebitda": 191000000,
        "ebitdaratio": 0.1905426975,
        "operatingIncome": 80600000,
        "operatingIncomeRatio": 0.0804070231,
        "totalOtherIncomeExpensesNet": -27500000,
        "incomeBeforeTax": 53100000,
        "incomeBeforeTaxRatio": 0.0529728651,
        "incomeTaxExpense": 19200000,
        "netIncome": 33900000,
        "netIncomeRatio": 0.0338188348,
        "eps": 0.14,
        "epsdiluted": 0.12,
        "weightedAverageShsOut": 250788000,
        "weightedAverageShsOutDil": 292081000,
        "link": "https://www.sec.gov/Archives/edgar/data/1224608/000122460810000017/0001224608-10-000017-index.htm",
        "finalLink": "https://www.sec.gov/Archives/edgar/data/1224608/000122460810000017/form10q.htm"
    },
    {
        "date": "2009-12-31",
        "symbol": "CNO",
        "reportedCurrency": "USD",
        "cik": "0001224608",
        "fillingDate": "2010-03-04",
        "acceptedDate": "2010-03-03 17:31:26",
        "calendarYear": "2009",
        "period": "Q4",
        "revenue": 847600000,
        "costOfRevenue": 0,
        "grossProfit": 1057700000,
        "grossProfitRatio": 1.2478763568,
        "researchAndDevelopmentExpenses": 0,
        "generalAndAdministrativeExpenses": 0,
        "sellingAndMarketingExpenses": 0,
        "sellingGeneralAndAdministrativeExpenses": 0,
        "otherExpenses": 997000000,
        "operatingExpenses": 1057700000,
        "costAndExpenses": 1040000000,
        "interestIncome": 0,
        "interestExpense": 30100000,
        "depreciationAndAmortization": 96800000,
        "ebitda": 144600000,
        "ebitdaratio": 0.1705993393,
        "operatingIncome": -252700000,
        "operatingIncomeRatio": -0.2981359132,
        "totalOtherIncomeExpensesNet": 78800000,
        "incomeBeforeTax": -173900000,
        "incomeBeforeTaxRatio": -0.2051675319,
        "incomeTaxExpense": -500000,
        "netIncome": 18200000,
        "netIncomeRatio": 0.0214723926,
        "eps": 0.0726,
        "epsdiluted": 0.0726,
        "weightedAverageShsOut": 250788000,
        "weightedAverageShsOutDil": 250788000,
        "link": "https://www.sec.gov/Archives/edgar/data/1224608/000122460810000008/0001224608-10-000008-index.htm",
        "finalLink": "https://www.sec.gov/Archives/edgar/data/1224608/000122460810000008/form10k.htm"
    },
    {
        "date": "2009-09-30",
        "symbol": "CNO",
        "reportedCurrency": "USD",
        "cik": "0001224608",
        "fillingDate": "2009-11-09",
        "acceptedDate": "2009-11-09 15:38:50",
        "calendarYear": "2009",
        "period": "Q3",
        "revenue": 1118600000,
        "costOfRevenue": 0,
        "grossProfit": 992000000,
        "grossProfitRatio": 0.8868228142,
        "researchAndDevelopmentExpenses": 0,
        "generalAndAdministrativeExpenses": 0,
        "sellingAndMarketingExpenses": 0,
        "sellingGeneralAndAdministrativeExpenses": 0,
        "otherExpenses": 1023000000,
        "operatingExpenses": 1023000000,
        "costAndExpenses": 1118600000,
        "interestIncome": 0,
        "interestExpense": 31900000,
        "depreciationAndAmortization": 122900000,
        "ebitda": 218900000,
        "ebitdaratio": 0.1956910424,
        "operatingIncome": 105600000,
        "operatingIncomeRatio": 0.0944037189,
        "totalOtherIncomeExpensesNet": -41500000,
        "incomeBeforeTax": 64100000,
        "incomeBeforeTaxRatio": 0.0573037726,
        "incomeTaxExpense": 48700000,
        "netIncome": 15400000,
        "netIncomeRatio": 0.013767209,
        "eps": 0.0833,
        "epsdiluted": 0.0829,
        "weightedAverageShsOut": 184886000,
        "weightedAverageShsOutDil": 185846000,
        "link": "https://www.sec.gov/Archives/edgar/data/1224608/000122460809000063/0001224608-09-000063-index.htm",
        "finalLink": "https://www.sec.gov/Archives/edgar/data/1224608/000122460809000063/form10q.htm"
    },
    {
        "date": "2009-06-30",
        "symbol": "CNO",
        "reportedCurrency": "USD",
        "cik": "0001224608",
        "fillingDate": "2009-08-10",
        "acceptedDate": "2009-08-10 16:34:52",
        "calendarYear": "2009",
        "period": "Q2",
        "revenue": 1095600000,
        "costOfRevenue": 0,
        "grossProfit": 1095600000,
        "grossProfitRatio": 1,
        "researchAndDevelopmentExpenses": 0,
        "generalAndAdministrativeExpenses": 0,
        "sellingAndMarketingExpenses": 0,
        "sellingGeneralAndAdministrativeExpenses": 0,
        "otherExpenses": 1013000000,
        "operatingExpenses": 1095600000,
        "costAndExpenses": 1046000000,
        "interestIncome": 0,
        "interestExpense": 32700000,
        "depreciationAndAmortization": 111300000,
        "ebitda": 193600000,
        "ebitdaratio": 0.1767068273,
        "operatingIncome": 82300000,
        "operatingIncomeRatio": 0.0751186564,
        "totalOtherIncomeExpensesNet": -32700000,
        "incomeBeforeTax": 49600000,
        "incomeBeforeTaxRatio": 0.0452719971,
        "incomeTaxExpense": 22000000,
        "netIncome": 27600000,
        "netIncomeRatio": 0.0251916758,
        "eps": 0.15,
        "epsdiluted": 0.15,
        "weightedAverageShsOut": 184820000,
        "weightedAverageShsOutDil": 185229000,
        "link": "https://www.sec.gov/Archives/edgar/data/1224608/000122460809000039/0001224608-09-000039-index.htm",
        "finalLink": "https://www.sec.gov/Archives/edgar/data/1224608/000122460809000039/form10q.txt"
    },
    {
        "date": "2009-03-31",
        "symbol": "CNO",
        "reportedCurrency": "USD",
        "cik": "0001224608",
        "fillingDate": "2009-05-13",
        "acceptedDate": "2009-05-12 18:32:10",
        "calendarYear": "2009",
        "period": "Q1",
        "revenue": 1069500000,
        "costOfRevenue": 0,
        "grossProfit": 1069500000,
        "grossProfitRatio": 1,
        "researchAndDevelopmentExpenses": 0,
        "generalAndAdministrativeExpenses": 0,
        "sellingAndMarketingExpenses": 0,
        "sellingGeneralAndAdministrativeExpenses": 0,
        "otherExpenses": 995000000,
        "operatingExpenses": 1069500000,
        "costAndExpenses": 1027300000,
        "interestIncome": 0,
        "interestExpense": 23200000,
        "depreciationAndAmortization": 129900000,
        "ebitda": 195300000,
        "ebitdaratio": 0.1826086957,
        "operatingIncome": 65400000,
        "operatingIncomeRatio": 0.0611500701,
        "totalOtherIncomeExpensesNet": -23200000,
        "incomeBeforeTax": 42200000,
        "incomeBeforeTaxRatio": 0.0394576905,
        "incomeTaxExpense": 17700000,
        "netIncome": 24500000,
        "netIncomeRatio": 0.0229079009,
        "eps": 0.13,
        "epsdiluted": 0.13,
        "weightedAverageShsOut": 184754000,
        "weightedAverageShsOutDil": 184756000,
        "link": "https://www.sec.gov/Archives/edgar/data/1224608/000122460809000023/0001224608-09-000023-index.htm",
        "finalLink": "https://www.sec.gov/Archives/edgar/data/1224608/000122460809000023/final.txt"
    },
    {
        "date": "2008-12-31",
        "symbol": "CNO",
        "reportedCurrency": "USD",
        "cik": "0001224608",
        "fillingDate": "2009-03-31",
        "acceptedDate": "2009-03-31 16:18:58",
        "calendarYear": "2008",
        "period": "Q4",
        "revenue": 1093900000,
        "costOfRevenue": 0,
        "grossProfit": 1093900000,
        "grossProfitRatio": 1,
        "researchAndDevelopmentExpenses": 0,
        "generalAndAdministrativeExpenses": 0,
        "sellingAndMarketingExpenses": 0,
        "sellingGeneralAndAdministrativeExpenses": 0,
        "otherExpenses": 1047000000,
        "operatingExpenses": 1093900000,
        "costAndExpenses": 1093900000,
        "interestIncome": 0,
        "interestExpense": 23700000,
        "depreciationAndAmortization": 87500000,
        "ebitda": 448800000,
        "ebitdaratio": 0.4102751623,
        "operatingIncome": -361400000,
        "operatingIncomeRatio": -0.3303775482,
        "totalOtherIncomeExpensesNet": 337600000,
        "incomeBeforeTax": 337600000,
        "incomeBeforeTaxRatio": 0.308620532,
        "incomeTaxExpense": 66700000,
        "netIncome": -451800000,
        "netIncomeRatio": -0.4130176433,
        "eps": -2.45,
        "epsdiluted": -2.45,
        "weightedAverageShsOut": 184752000,
        "weightedAverageShsOutDil": 184754000,
        "link": "https://www.sec.gov/Archives/edgar/data/1224608/000122460809000012/0001224608-09-000012-index.htm",
        "finalLink": "https://www.sec.gov/Archives/edgar/data/1224608/000122460809000012/form10k.txt"
    },
    {
        "date": "2008-09-30",
        "symbol": "CNO",
        "reportedCurrency": "USD",
        "cik": "0001224608",
        "fillingDate": "2008-11-10",
        "acceptedDate": "2008-11-10 14:59:49",
        "calendarYear": "2008",
        "period": "Q3",
        "revenue": 956300000,
        "costOfRevenue": 0,
        "grossProfit": 956300000,
        "grossProfitRatio": 1,
        "researchAndDevelopmentExpenses": 0,
        "generalAndAdministrativeExpenses": 0,
        "sellingAndMarketingExpenses": 0,
        "sellingGeneralAndAdministrativeExpenses": 0,
        "otherExpenses": 992000000,
        "operatingExpenses": 1021900000,
        "costAndExpenses": 1093500000,
        "interestIncome": 0,
        "interestExpense": 24600000,
        "depreciationAndAmortization": 81500000,
        "ebitda": 111800000,
        "ebitdaratio": 0.1169089198,
        "operatingIncome": -196200000,
        "operatingIncomeRatio": -0.205165743,
        "totalOtherIncomeExpensesNet": 201900000,
        "incomeBeforeTax": 5700000,
        "incomeBeforeTaxRatio": 0.0059604727,
        "incomeTaxExpense": 31600000,
        "netIncome": -183300000,
        "netIncomeRatio": -0.1916762522,
        "eps": -0.99,
        "epsdiluted": -0.99,
        "weightedAverageShsOut": 184726000,
        "weightedAverageShsOutDil": 184726000,
        "link": "https://www.sec.gov/Archives/edgar/data/1224608/000122460808000039/0001224608-08-000039-index.htm",
        "finalLink": "https://www.sec.gov/Archives/edgar/data/1224608/000122460808000039/form10q.txt"
    },
    {
        "date": "2008-06-30",
        "symbol": "CNO",
        "reportedCurrency": "USD",
        "cik": "0001224608",
        "fillingDate": "2008-08-13",
        "acceptedDate": "2008-08-13 17:19:29",
        "calendarYear": "2008",
        "period": "Q2",
        "revenue": 1094700000,
        "costOfRevenue": 0,
        "grossProfit": 1000200000,
        "grossProfitRatio": 0.9136749794,
        "researchAndDevelopmentExpenses": 0,
        "generalAndAdministrativeExpenses": 0,
        "sellingAndMarketingExpenses": 0,
        "sellingGeneralAndAdministrativeExpenses": 0,
        "otherExpenses": 1054000000,
        "operatingExpenses": 1094700000,
        "costAndExpenses": 1179100000,
        "interestIncome": 0,
        "interestExpense": 25100000,
        "depreciationAndAmortization": 106900000,
        "ebitda": 148100000,
        "ebitdaratio": 0.1352882068,
        "operatingIncome": -262900000,
        "operatingIncomeRatio": -0.2401571207,
        "totalOtherIncomeExpensesNet": 16100000,
        "incomeBeforeTax": 16100000,
        "incomeBeforeTaxRatio": 0.0147072257,
        "incomeTaxExpense": 308200000,
        "netIncome": -488500000,
        "netIncomeRatio": -0.4462409793,
        "eps": -2.65,
        "epsdiluted": -2.65,
        "weightedAverageShsOut": 184684000,
        "weightedAverageShsOutDil": 184684000,
        "link": "https://www.sec.gov/Archives/edgar/data/1224608/000122460808000027/0001224608-08-000027-index.htm",
        "finalLink": "https://www.sec.gov/Archives/edgar/data/1224608/000122460808000027/form10q.txt"
    },
    {
        "date": "2008-03-31",
        "symbol": "CNO",
        "reportedCurrency": "USD",
        "cik": "0001224608",
        "fillingDate": "2008-05-09",
        "acceptedDate": "2008-05-09 13:36:23",
        "calendarYear": "2008",
        "period": "Q1",
        "revenue": 1139300000,
        "costOfRevenue": 0,
        "grossProfit": 1139300000,
        "grossProfitRatio": 1,
        "researchAndDevelopmentExpenses": 0,
        "generalAndAdministrativeExpenses": 0,
        "sellingAndMarketingExpenses": 0,
        "sellingGeneralAndAdministrativeExpenses": 0,
        "otherExpenses": 1009000000,
        "operatingExpenses": 1027500000,
        "costAndExpenses": 1027500000,
        "interestIncome": 0,
        "interestExpense": 30800000,
        "depreciationAndAmortization": 121900000,
        "ebitda": 141500000,
        "ebitdaratio": 0.1241990696,
        "operatingIncome": 19600000,
        "operatingIncomeRatio": 0.017203546,
        "totalOtherIncomeExpensesNet": -11900000,
        "incomeBeforeTax": -11900000,
        "incomeBeforeTaxRatio": -0.0104450101,
        "incomeTaxExpense": -4200000,
        "netIncome": -7200000,
        "netIncomeRatio": -0.00631967,
        "eps": -0.04,
        "epsdiluted": -0.04,
        "weightedAverageShsOut": 184653000,
        "weightedAverageShsOutDil": 184653000,
        "link": "https://www.sec.gov/Archives/edgar/data/1224608/000122460808000013/0001224608-08-000013-index.htm",
        "finalLink": "https://www.sec.gov/Archives/edgar/data/1224608/000122460808000013/form10q.txt"
    },
    {
        "date": "2007-12-31",
        "symbol": "CNO",
        "reportedCurrency": "USD",
        "cik": "0001224608",
        "fillingDate": "2008-03-28",
        "acceptedDate": "2008-03-28 15:08:19",
        "calendarYear": "2007",
        "period": "Q4",
        "revenue": 1113400000,
        "costOfRevenue": 0,
        "grossProfit": 1113400000,
        "grossProfitRatio": 1,
        "researchAndDevelopmentExpenses": 0,
        "generalAndAdministrativeExpenses": 0,
        "sellingAndMarketingExpenses": 0,
        "sellingGeneralAndAdministrativeExpenses": 0,
        "otherExpenses": 407000000,
        "operatingExpenses": 1113400000,
        "costAndExpenses": 1123100000,
        "interestIncome": 0,
        "interestExpense": 32500000,
        "depreciationAndAmortization": 132500000,
        "ebitda": 155300000,
        "ebitdaratio": 0.1394826657,
        "operatingIncome": 22800000,
        "operatingIncomeRatio": 0.0204778157,
        "totalOtherIncomeExpensesNet": -9700000,
        "incomeBeforeTax": -9700000,
        "incomeBeforeTaxRatio": -0.0087120532,
        "incomeTaxExpense": 67000000,
        "netIncome": -76700000,
        "netIncomeRatio": -0.0688880905,
        "eps": -0.42,
        "epsdiluted": -0.42,
        "weightedAverageShsOut": 184653000,
        "weightedAverageShsOutDil": 184653000,
        "link": "https://www.sec.gov/Archives/edgar/data/1224608/000122460808000008/0001224608-08-000008-index.htm",
        "finalLink": "https://www.sec.gov/Archives/edgar/data/1224608/000122460808000008/form10k.txt"
    },
    {
        "date": "2007-09-30",
        "symbol": "CNO",
        "reportedCurrency": "USD",
        "cik": "0001224608",
        "fillingDate": "2007-11-08",
        "acceptedDate": "2007-11-08 15:25:35",
        "calendarYear": "2007",
        "period": "Q3",
        "revenue": 1175200000,
        "costOfRevenue": 0,
        "grossProfit": 1175200000,
        "grossProfitRatio": 1,
        "researchAndDevelopmentExpenses": 0,
        "generalAndAdministrativeExpenses": 0,
        "sellingAndMarketingExpenses": 0,
        "sellingGeneralAndAdministrativeExpenses": 16400000,
        "otherExpenses": 1154300000,
        "operatingExpenses": 1170700000,
        "costAndExpenses": 1262000000,
        "interestIncome": 0,
        "interestExpense": 33300000,
        "depreciationAndAmortization": 103400000,
        "ebitda": 51400000,
        "ebitdaratio": 0.0437372362,
        "operatingIncome": -53500000,
        "operatingIncomeRatio": -0.0455241661,
        "totalOtherIncomeExpensesNet": -85300000,
        "incomeBeforeTax": -85300000,
        "incomeBeforeTaxRatio": -0.0725833901,
        "incomeTaxExpense": -32600000,
        "netIncome": -52700000,
        "netIncomeRatio": -0.0448434309,
        "eps": -0.28,
        "epsdiluted": -0.28,
        "weightedAverageShsOut": 187733000,
        "weightedAverageShsOutDil": 187733000,
        "link": "https://www.sec.gov/Archives/edgar/data/1224608/000122460807000037/0001224608-07-000037-index.htm",
        "finalLink": "https://www.sec.gov/Archives/edgar/data/1224608/000122460807000037/form10q.txt"
    },
    {
        "date": "2007-06-30",
        "symbol": "CNO",
        "reportedCurrency": "USD",
        "cik": "0001224608",
        "fillingDate": "2007-08-09",
        "acceptedDate": "2007-08-09 13:14:52",
        "calendarYear": "2007",
        "period": "Q2",
        "revenue": 1169200000,
        "costOfRevenue": 0,
        "grossProfit": 1169200000,
        "grossProfitRatio": 1,
        "researchAndDevelopmentExpenses": 0,
        "generalAndAdministrativeExpenses": 0,
        "sellingAndMarketingExpenses": 0,
        "sellingGeneralAndAdministrativeExpenses": 35000000,
        "otherExpenses": 1134200000,
        "operatingExpenses": 1169200000,
        "costAndExpenses": 1169200000,
        "interestIncome": 0,
        "interestExpense": 27900000,
        "depreciationAndAmortization": 114500000,
        "ebitda": 59100000,
        "ebitdaratio": 0.0505473828,
        "operatingIncome": -64800000,
        "operatingIncomeRatio": -0.0554225111,
        "totalOtherIncomeExpensesNet": -85300000,
        "incomeBeforeTax": -85300000,
        "incomeBeforeTaxRatio": -0.0729558673,
        "incomeTaxExpense": -30100000,
        "netIncome": -55200000,
        "netIncomeRatio": -0.0472117687,
        "eps": -0.35,
        "epsdiluted": -0.35,
        "weightedAverageShsOut": 169139000,
        "weightedAverageShsOutDil": 169139000,
        "link": "https://www.sec.gov/Archives/edgar/data/1224608/000122460807000026/0001224608-07-000026-index.htm",
        "finalLink": "https://www.sec.gov/Archives/edgar/data/1224608/000122460807000026/form10q.txt"
    },
    {
        "date": "2007-03-31",
        "symbol": "CNO",
        "reportedCurrency": "USD",
        "cik": "0001224608",
        "fillingDate": "2007-05-09",
        "acceptedDate": "2007-05-09 16:09:29",
        "calendarYear": "2007",
        "period": "Q1",
        "revenue": 1114500000,
        "costOfRevenue": 0,
        "grossProfit": 1114500000,
        "grossProfitRatio": 1,
        "researchAndDevelopmentExpenses": 0,
        "generalAndAdministrativeExpenses": 0,
        "sellingAndMarketingExpenses": 0,
        "sellingGeneralAndAdministrativeExpenses": 0,
        "otherExpenses": 1079000000,
        "operatingExpenses": 1114500000,
        "costAndExpenses": 1098300000,
        "interestIncome": 0,
        "interestExpense": 23600000,
        "depreciationAndAmortization": 123400000,
        "ebitda": 146200000,
        "ebitdaratio": 0.1311799013,
        "operatingIncome": 39800000,
        "operatingIncomeRatio": 0.0357110812,
        "totalOtherIncomeExpensesNet": -800000,
        "incomeBeforeTax": -800000,
        "incomeBeforeTaxRatio": -0.0007178107,
        "incomeTaxExpense": -300000,
        "netIncome": -500000,
        "netIncomeRatio": -0.0004486317,
        "eps": -0.07,
        "epsdiluted": -0.07,
        "weightedAverageShsOut": 150936000,
        "weightedAverageShsOutDil": 150936000,
        "link": "https://www.sec.gov/Archives/edgar/data/1224608/000122460807000012/0001224608-07-000012-index.htm",
        "finalLink": "https://www.sec.gov/Archives/edgar/data/1224608/000122460807000012/form10q.txt"
    },
    {
        "date": "2006-12-31",
        "symbol": "CNO",
        "reportedCurrency": "USD",
        "cik": "0001224608",
        "fillingDate": "2007-03-09",
        "acceptedDate": "2007-03-09 12:23:47",
        "calendarYear": "2006",
        "period": "Q4",
        "revenue": 1143300000,
        "costOfRevenue": 0,
        "grossProfit": 1143300000,
        "grossProfitRatio": 1,
        "researchAndDevelopmentExpenses": 0,
        "generalAndAdministrativeExpenses": 0,
        "sellingAndMarketingExpenses": 0,
        "sellingGeneralAndAdministrativeExpenses": 0,
        "otherExpenses": 649000000,
        "operatingExpenses": 1143300000,
        "costAndExpenses": 1133900000,
        "interestIncome": 0,
        "interestExpense": 22200000,
        "depreciationAndAmortization": 103000000,
        "ebitda": 31600000,
        "ebitdaratio": 0.0276392898,
        "operatingIncome": -71400000,
        "operatingIncomeRatio": -0.0624508003,
        "totalOtherIncomeExpensesNet": 9400000,
        "incomeBeforeTax": 9400000,
        "incomeBeforeTaxRatio": 0.008221814,
        "incomeTaxExpense": 3600000,
        "netIncome": 5800000,
        "netIncomeRatio": 0.0050730342,
        "eps": 0.0384,
        "epsdiluted": 0.0384,
        "weightedAverageShsOut": 150936000,
        "weightedAverageShsOutDil": 150936000,
        "link": "https://www.sec.gov/Archives/edgar/data/1224608/000122460807000005/0001224608-07-000005-index.htm",
        "finalLink": "https://www.sec.gov/Archives/edgar/data/1224608/000122460807000005/form10k.txt"
    },
    {
        "date": "2006-09-30",
        "symbol": "CNO",
        "reportedCurrency": "USD",
        "cik": "0001224608",
        "fillingDate": "2006-11-07",
        "acceptedDate": "2006-11-07 13:21:27",
        "calendarYear": "2006",
        "period": "Q3",
        "revenue": 1118300000,
        "costOfRevenue": 0,
        "grossProfit": 1118300000,
        "grossProfitRatio": 1,
        "researchAndDevelopmentExpenses": 0,
        "generalAndAdministrativeExpenses": 0,
        "sellingAndMarketingExpenses": 0,
        "sellingGeneralAndAdministrativeExpenses": 0,
        "otherExpenses": 1024000000,
        "operatingExpenses": 1024000000,
        "costAndExpenses": 1041600000,
        "interestIncome": 0,
        "interestExpense": 17800000,
        "depreciationAndAmortization": 126900000,
        "ebitda": 221400000,
        "ebitdaratio": 0.1979790754,
        "operatingIncome": 94500000,
        "operatingIncomeRatio": 0.0845032639,
        "totalOtherIncomeExpensesNet": -17800000,
        "incomeBeforeTax": 76700000,
        "incomeBeforeTaxRatio": 0.068586247,
        "incomeTaxExpense": 28300000,
        "netIncome": 48400000,
        "netIncomeRatio": 0.0432799785,
        "eps": 0.26,
        "epsdiluted": 0.26,
        "weightedAverageShsOut": 151663000,
        "weightedAverageShsOutDil": 152529000,
        "link": "https://www.sec.gov/Archives/edgar/data/1224608/000122460806000041/0001224608-06-000041-index.htm",
        "finalLink": "https://www.sec.gov/Archives/edgar/data/1224608/000122460806000041/form10q.txt"
    },
    {
        "date": "2006-06-30",
        "symbol": "CNO",
        "reportedCurrency": "USD",
        "cik": "0001224608",
        "fillingDate": "2006-08-08",
        "acceptedDate": "2006-08-08 12:35:09",
        "calendarYear": "2006",
        "period": "Q2",
        "revenue": 1084100000,
        "costOfRevenue": 0,
        "grossProfit": 1084100000,
        "grossProfitRatio": 1,
        "researchAndDevelopmentExpenses": 0,
        "generalAndAdministrativeExpenses": 0,
        "sellingAndMarketingExpenses": 0,
        "sellingGeneralAndAdministrativeExpenses": 0,
        "otherExpenses": 945000000,
        "operatingExpenses": 945000000,
        "costAndExpenses": 1084100000,
        "interestIncome": 0,
        "interestExpense": 17100000,
        "depreciationAndAmortization": 95300000,
        "ebitda": 77500000,
        "ebitdaratio": 0.0714878701,
        "operatingIncome": -17800000,
        "operatingIncomeRatio": -0.0164191495,
        "totalOtherIncomeExpensesNet": -17100000,
        "incomeBeforeTax": -34900000,
        "incomeBeforeTaxRatio": -0.0321926022,
        "incomeTaxExpense": -12600000,
        "netIncome": -22300000,
        "netIncomeRatio": -0.0205700581,
        "eps": -0.21,
        "epsdiluted": -0.21,
        "weightedAverageShsOut": 151514000,
        "weightedAverageShsOutDil": 151514000,
        "link": "https://www.sec.gov/Archives/edgar/data/1224608/000122460806000031/0001224608-06-000031-index.htm",
        "finalLink": "https://www.sec.gov/Archives/edgar/data/1224608/000122460806000031/form10q.txt"
    },
    {
        "date": "2006-03-31",
        "symbol": "CNO",
        "reportedCurrency": "USD",
        "cik": "0001224608",
        "fillingDate": "2006-05-08",
        "acceptedDate": "2006-05-08 13:00:14",
        "calendarYear": "2006",
        "period": "Q1",
        "revenue": 1121700000,
        "costOfRevenue": 0,
        "grossProfit": 1121700000,
        "grossProfitRatio": 1,
        "researchAndDevelopmentExpenses": 0,
        "generalAndAdministrativeExpenses": 0,
        "sellingAndMarketingExpenses": 0,
        "sellingGeneralAndAdministrativeExpenses": 0,
        "otherExpenses": 987000000,
        "operatingExpenses": 987000000,
        "costAndExpenses": 1020600000,
        "interestIncome": 0,
        "interestExpense": 16400000,
        "depreciationAndAmortization": 118600000,
        "ebitda": 246300000,
        "ebitdaratio": 0.2195774271,
        "operatingIncome": 117500000,
        "operatingIncomeRatio": 0.1047517161,
        "totalOtherIncomeExpensesNet": 101100000,
        "incomeBeforeTax": 101100000,
        "incomeBeforeTaxRatio": 0.0901310511,
        "incomeTaxExpense": 36500000,
        "netIncome": 64600000,
        "netIncomeRatio": 0.0575911563,
        "eps": 0.36,
        "epsdiluted": 0.35,
        "weightedAverageShsOut": 151521000,
        "weightedAverageShsOutDil": 183541000,
        "link": "https://www.sec.gov/Archives/edgar/data/1224608/000122460806000018/0001224608-06-000018-index.htm",
        "finalLink": "https://www.sec.gov/Archives/edgar/data/1224608/000122460806000018/final.txt"
    },
    {
        "date": "2005-12-31",
        "symbol": "CNO",
        "reportedCurrency": "USD",
        "cik": "0001224608",
        "fillingDate": "2006-03-15",
        "acceptedDate": "2006-03-15 16:36:04",
        "calendarYear": "2005",
        "period": "Q4",
        "revenue": 1078300000,
        "costOfRevenue": 0,
        "grossProfit": 1078300000,
        "grossProfitRatio": 1,
        "researchAndDevelopmentExpenses": 0,
        "generalAndAdministrativeExpenses": 0,
        "sellingAndMarketingExpenses": 0,
        "sellingGeneralAndAdministrativeExpenses": 0,
        "otherExpenses": 957000000,
        "operatingExpenses": 957000000,
        "costAndExpenses": 963400000,
        "interestIncome": 0,
        "interestExpense": 14600000,
        "depreciationAndAmortization": 100700000,
        "ebitda": 230200000,
        "ebitdaratio": 0.2134841881,
        "operatingIncome": 28800000,
        "operatingIncomeRatio": 0.0267087082,
        "totalOtherIncomeExpensesNet": 86100000,
        "incomeBeforeTax": 114900000,
        "incomeBeforeTaxRatio": 0.1065566169,
        "incomeTaxExpense": 37800000,
        "netIncome": 77100000,
        "netIncomeRatio": 0.0715014374,
        "eps": 0.51,
        "epsdiluted": 0.51,
        "weightedAverageShsOut": 151409000,
        "weightedAverageShsOutDil": 151521000,
        "link": "https://www.sec.gov/Archives/edgar/data/1224608/000122460806000006/0001224608-06-000006-index.htm",
        "finalLink": "https://www.sec.gov/Archives/edgar/data/1224608/000122460806000006/form10-k.txt"
    },
    {
        "date": "2005-09-30",
        "symbol": "CNO",
        "reportedCurrency": "USD",
        "cik": "0001224608",
        "fillingDate": "2005-11-07",
        "acceptedDate": "2005-11-07 16:49:34",
        "calendarYear": "2005",
        "period": "Q3",
        "revenue": 1113500000,
        "costOfRevenue": 0,
        "grossProfit": 1113500000,
        "grossProfitRatio": 1,
        "researchAndDevelopmentExpenses": 0,
        "generalAndAdministrativeExpenses": 0,
        "sellingAndMarketingExpenses": 0,
        "sellingGeneralAndAdministrativeExpenses": 0,
        "otherExpenses": 973000000,
        "operatingExpenses": 973000000,
        "costAndExpenses": 992100000,
        "interestIncome": 0,
        "interestExpense": 12900000,
        "depreciationAndAmortization": 105000000,
        "ebitda": 239300000,
        "ebitdaratio": 0.2149079479,
        "operatingIncome": 29300000,
        "operatingIncomeRatio": 0.0263134261,
        "totalOtherIncomeExpensesNet": 92100000,
        "incomeBeforeTax": 121400000,
        "incomeBeforeTaxRatio": 0.109025595,
        "incomeTaxExpense": 43500000,
        "netIncome": 77900000,
        "netIncomeRatio": 0.0699595869,
        "eps": 0.45,
        "epsdiluted": 0.42,
        "weightedAverageShsOut": 151114000,
        "weightedAverageShsOutDil": 185178000,
        "link": "https://www.sec.gov/Archives/edgar/data/1224608/000122460805000030/0001224608-05-000030-index.htm",
        "finalLink": "https://www.sec.gov/Archives/edgar/data/1224608/000122460805000030/form10q.txt"
    },
    {
        "date": "2005-06-30",
        "symbol": "CNO",
        "reportedCurrency": "USD",
        "cik": "0001224608",
        "fillingDate": "2005-08-08",
        "acceptedDate": "2005-08-08 12:20:56",
        "calendarYear": "2005",
        "period": "Q2",
        "revenue": 1086700000,
        "costOfRevenue": 0,
        "grossProfit": 1086700000,
        "grossProfitRatio": 1,
        "researchAndDevelopmentExpenses": 0,
        "generalAndAdministrativeExpenses": 0,
        "sellingAndMarketingExpenses": 0,
        "sellingGeneralAndAdministrativeExpenses": 0,
        "otherExpenses": 925000000,
        "operatingExpenses": 925000000,
        "costAndExpenses": 946800000,
        "interestIncome": 0,
        "interestExpense": 16100000,
        "depreciationAndAmortization": 88000000,
        "ebitda": 156000000,
        "ebitdaratio": 0.1435538787,
        "operatingIncome": 68000000,
        "operatingIncomeRatio": 0.0625747676,
        "totalOtherIncomeExpensesNet": 71900000,
        "incomeBeforeTax": 139900000,
        "incomeBeforeTaxRatio": 0.1287383823,
        "incomeTaxExpense": 51800000,
        "netIncome": 88100000,
        "netIncomeRatio": 0.0810711328,
        "eps": 0.52,
        "epsdiluted": 0.48,
        "weightedAverageShsOut": 151058000,
        "weightedAverageShsOutDil": 185002000,
        "link": "https://www.sec.gov/Archives/edgar/data/1224608/000122460805000017/0001224608-05-000017-index.htm",
        "finalLink": "https://www.sec.gov/Archives/edgar/data/1224608/000122460805000017/form10q.txt"
    },
    {
        "date": "2005-03-31",
        "symbol": "CNO",
        "reportedCurrency": "USD",
        "cik": "0001224608",
        "fillingDate": "2005-05-09",
        "acceptedDate": "2005-05-09 12:28:21",
        "calendarYear": "2005",
        "period": "Q1",
        "revenue": 1048000000,
        "costOfRevenue": 0,
        "grossProfit": 1048000000,
        "grossProfitRatio": 1,
        "researchAndDevelopmentExpenses": 0,
        "generalAndAdministrativeExpenses": 0,
        "sellingAndMarketingExpenses": 0,
        "sellingGeneralAndAdministrativeExpenses": 0,
        "otherExpenses": 906000000,
        "operatingExpenses": 1048000000,
        "costAndExpenses": 1048000000,
        "interestIncome": 0,
        "interestExpense": 14700000,
        "depreciationAndAmortization": 94700000,
        "ebitda": 236600000,
        "ebitdaratio": 0.2257633588,
        "operatingIncome": 47200000,
        "operatingIncomeRatio": 0.0450381679,
        "totalOtherIncomeExpensesNet": 80000000,
        "incomeBeforeTax": 127200000,
        "incomeBeforeTaxRatio": 0.1213740458,
        "incomeTaxExpense": 45400000,
        "netIncome": 81800000,
        "netIncomeRatio": 0.0780534351,
        "eps": 0.48,
        "epsdiluted": 0.44,
        "weightedAverageShsOut": 151058000,
        "weightedAverageShsOutDil": 186764000,
        "link": "https://www.sec.gov/Archives/edgar/data/1224608/000122460805000011/0001224608-05-000011-index.htm",
        "finalLink": "https://www.sec.gov/Archives/edgar/data/1224608/000122460805000011/conseco10q.txt"
    },
    {
        "date": "2004-12-31",
        "symbol": "CNO",
        "reportedCurrency": "USD",
        "cik": "0001224608",
        "fillingDate": "2005-03-16",
        "acceptedDate": "2005-03-16 10:18:40",
        "calendarYear": "2004",
        "period": "Q4",
        "revenue": 1111000000,
        "costOfRevenue": 0,
        "grossProfit": 1111000000,
        "grossProfitRatio": 1,
        "researchAndDevelopmentExpenses": 0,
        "generalAndAdministrativeExpenses": 0,
        "sellingAndMarketingExpenses": 0,
        "sellingGeneralAndAdministrativeExpenses": 0,
        "otherExpenses": 1111000000,
        "operatingExpenses": 1111000000,
        "costAndExpenses": 1111000000,
        "interestIncome": 0,
        "interestExpense": 14400000,
        "depreciationAndAmortization": 98800000,
        "ebitda": 243200000,
        "ebitdaratio": 0.2189018902,
        "operatingIncome": 45600000,
        "operatingIncomeRatio": 0.0410441044,
        "totalOtherIncomeExpensesNet": 84400000,
        "incomeBeforeTax": 130000000,
        "incomeBeforeTaxRatio": 0.1170117012,
        "incomeTaxExpense": 43600000,
        "netIncome": 86400000,
        "netIncomeRatio": 0.0777677768,
        "eps": 0.57,
        "epsdiluted": 0.57,
        "weightedAverageShsOut": 151058000,
        "weightedAverageShsOutDil": 151058000,
        "link": "https://www.sec.gov/Archives/edgar/data/1224608/000122460805000008/0001224608-05-000008-index.htm",
        "finalLink": "https://www.sec.gov/Archives/edgar/data/1224608/000122460805000008/conseco10k.txt"
    },
    {
        "date": "2004-09-30",
        "symbol": "CNO",
        "reportedCurrency": "USD",
        "cik": "0001224608",
        "fillingDate": "2004-11-09",
        "acceptedDate": "2004-11-09 15:29:49",
        "calendarYear": "2004",
        "period": "Q3",
        "revenue": 1068900000,
        "costOfRevenue": 0,
        "grossProfit": 1068900000,
        "grossProfitRatio": 1,
        "researchAndDevelopmentExpenses": 0,
        "generalAndAdministrativeExpenses": 0,
        "sellingAndMarketingExpenses": 0,
        "sellingGeneralAndAdministrativeExpenses": 0,
        "otherExpenses": 1068900000,
        "operatingExpenses": 1068900000,
        "costAndExpenses": 1068900000,
        "interestIncome": 0,
        "interestExpense": 12900000,
        "depreciationAndAmortization": 91900000,
        "ebitda": 209700000,
        "ebitdaratio": 0.1961829919,
        "operatingIncome": 25900000,
        "operatingIncomeRatio": 0.0242305174,
        "totalOtherIncomeExpensesNet": 79000000,
        "incomeBeforeTax": 104900000,
        "incomeBeforeTaxRatio": 0.098138273,
        "incomeTaxExpense": 37600000,
        "netIncome": 67300000,
        "netIncomeRatio": 0.0629619235,
        "eps": 0.38,
        "epsdiluted": 0.36,
        "weightedAverageShsOut": 150885000,
        "weightedAverageShsOutDil": 189195000,
        "link": "https://www.sec.gov/Archives/edgar/data/1224608/000122460804000040/0001224608-04-000040-index.htm",
        "finalLink": "https://www.sec.gov/Archives/edgar/data/1224608/000122460804000040/conseco10q.txt"
    },
    {
        "date": "2004-06-30",
        "symbol": "CNO",
        "reportedCurrency": "USD",
        "cik": "0001224608",
        "fillingDate": "2004-08-09",
        "acceptedDate": "2004-08-09 12:38:26",
        "calendarYear": "2004",
        "period": "Q2",
        "revenue": 1039500000,
        "costOfRevenue": 0,
        "grossProfit": 1039500000,
        "grossProfitRatio": 1,
        "researchAndDevelopmentExpenses": 0,
        "generalAndAdministrativeExpenses": 0,
        "sellingAndMarketingExpenses": 0,
        "sellingGeneralAndAdministrativeExpenses": 0,
        "otherExpenses": -991900000,
        "operatingExpenses": 1039500000,
        "costAndExpenses": 1039500000,
        "interestIncome": 0,
        "interestExpense": 23100000,
        "depreciationAndAmortization": 82300000,
        "ebitda": 212200000,
        "ebitdaratio": 0.2041366041,
        "operatingIncome": 47600000,
        "operatingIncomeRatio": 0.0457912458,
        "totalOtherIncomeExpensesNet": 59200000,
        "incomeBeforeTax": 106800000,
        "incomeBeforeTaxRatio": 0.1027417027,
        "incomeTaxExpense": 38500000,
        "netIncome": 68300000,
        "netIncomeRatio": 0.0657046657,
        "eps": 0.35,
        "epsdiluted": 0.34,
        "weightedAverageShsOut": 127048000,
        "weightedAverageShsOutDil": 146992000,
        "link": "https://www.sec.gov/Archives/edgar/data/1224608/000122460804000029/0001224608-04-000029-index.htm",
        "finalLink": "https://www.sec.gov/Archives/edgar/data/1224608/000122460804000029/form10q.txt"
    },
    {
        "date": "2004-03-31",
        "symbol": "CNO",
        "reportedCurrency": "USD",
        "cik": "0001224608",
        "fillingDate": "2004-05-10",
        "acceptedDate": "2004-05-10 13:41:28",
        "calendarYear": "2004",
        "period": "Q1",
        "revenue": 1110600000,
        "costOfRevenue": 0,
        "grossProfit": 1110600000,
        "grossProfitRatio": 1,
        "researchAndDevelopmentExpenses": 0,
        "generalAndAdministrativeExpenses": 0,
        "sellingAndMarketingExpenses": 0,
        "sellingGeneralAndAdministrativeExpenses": 0,
        "otherExpenses": -969100000,
        "operatingExpenses": 1110600000,
        "costAndExpenses": 998200000,
        "interestIncome": 0,
        "interestExpense": 29100000,
        "depreciationAndAmortization": 138000000,
        "ebitda": 279500000,
        "ebitdaratio": 0.2516657663,
        "operatingIncome": 141500000,
        "operatingIncomeRatio": 0.127408608,
        "totalOtherIncomeExpensesNet": 112400000,
        "incomeBeforeTax": 112400000,
        "incomeBeforeTaxRatio": 0.101206555,
        "incomeTaxExpense": 39600000,
        "netIncome": 72800000,
        "netIncomeRatio": 0.0655501531,
        "eps": 0.5,
        "epsdiluted": 0.5,
        "weightedAverageShsOut": 100116000,
        "weightedAverageShsOutDil": 100588000,
        "link": "https://www.sec.gov/Archives/edgar/data/1224608/000122460804000023/0001224608-04-000023-index.htm",
        "finalLink": "https://www.sec.gov/Archives/edgar/data/1224608/000122460804000023/conseco.txt"
    },
    {
        "date": "2003-12-31",
        "symbol": "CNO",
        "reportedCurrency": "USD",
        "cik": "0001224608",
        "fillingDate": "2004-03-15",
        "acceptedDate": "2004-03-15 15:48:45",
        "calendarYear": "2003",
        "period": "Q4",
        "revenue": 1139200000,
        "costOfRevenue": 0,
        "grossProfit": 1139200000,
        "grossProfitRatio": 1,
        "researchAndDevelopmentExpenses": 0,
        "generalAndAdministrativeExpenses": 0,
        "sellingAndMarketingExpenses": 0,
        "sellingGeneralAndAdministrativeExpenses": 0,
        "otherExpenses": 1139200000,
        "operatingExpenses": 1139200000,
        "costAndExpenses": 1139200000,
        "interestIncome": 0,
        "interestExpense": 29800000,
        "depreciationAndAmortization": 106000000,
        "ebitda": 247500000,
        "ebitdaratio": 0.2172577247,
        "operatingIncome": 35500000,
        "operatingIncomeRatio": 0.0311622191,
        "totalOtherIncomeExpensesNet": 76200000,
        "incomeBeforeTax": 111700000,
        "incomeBeforeTaxRatio": 0.098051264,
        "incomeTaxExpense": 39600000,
        "netIncome": 72100000,
        "netIncomeRatio": 0.0632900281,
        "eps": 0.72,
        "epsdiluted": 0.72,
        "weightedAverageShsOut": 100116000,
        "weightedAverageShsOutDil": 100116000,
        "link": "https://www.sec.gov/Archives/edgar/data/1224608/000122460804000008/0001224608-04-000008-index.htm",
        "finalLink": "https://www.sec.gov/Archives/edgar/data/1224608/000122460804000008/form10k.txt"
    },
    {
        "date": "2003-09-30",
        "symbol": "CNO",
        "reportedCurrency": "USD",
        "cik": "0001224608",
        "fillingDate": "2003-11-19",
        "acceptedDate": "2003-11-19 12:58:39",
        "calendarYear": "2003",
        "period": "Q3",
        "revenue": 1101200000,
        "costOfRevenue": 0,
        "grossProfit": 1101200000,
        "grossProfitRatio": 1,
        "researchAndDevelopmentExpenses": 0,
        "generalAndAdministrativeExpenses": 0,
        "sellingAndMarketingExpenses": 0,
        "sellingGeneralAndAdministrativeExpenses": 0,
        "otherExpenses": 1186300000,
        "operatingExpenses": 1102400000,
        "costAndExpenses": 1102400000,
        "interestIncome": 0,
        "interestExpense": 62400000,
        "depreciationAndAmortization": 71700000,
        "ebitda": 2430900000,
        "ebitdaratio": 2.2075009081,
        "operatingIncome": 2287500000,
        "operatingIncomeRatio": 2.0772793316,
        "totalOtherIncomeExpensesNet": 2296800000,
        "incomeBeforeTax": 2296800000,
        "incomeBeforeTaxRatio": 2.085724664,
        "incomeTaxExpense": 31300000,
        "netIncome": 2260200000,
        "netIncomeRatio": 2.0524881947,
        "eps": 22.63,
        "epsdiluted": 22.63,
        "weightedAverageShsOut": 100098000,
        "weightedAverageShsOutDil": 100098000,
        "link": "https://www.sec.gov/Archives/edgar/data/1224608/000122460803000014/0001224608-03-000014-index.htm",
        "finalLink": "https://www.sec.gov/Archives/edgar/data/1224608/000122460803000014/conseco.txt"
    },
    {
        "date": "2003-06-30",
        "symbol": "CNO",
        "reportedCurrency": "USD",
        "cik": "0001224608",
        "fillingDate": "2003-06-30",
        "acceptedDate": "2003-06-29 20:00:00",
        "calendarYear": "2003",
        "period": "Q2",
        "revenue": 1230100000,
        "costOfRevenue": 0,
        "grossProfit": 1230100000,
        "grossProfitRatio": 1,
        "researchAndDevelopmentExpenses": 0,
        "generalAndAdministrativeExpenses": 0,
        "sellingAndMarketingExpenses": 0,
        "sellingGeneralAndAdministrativeExpenses": 0,
        "otherExpenses": 1230100000,
        "operatingExpenses": 1230100000,
        "costAndExpenses": 1269400000,
        "interestIncome": 0,
        "interestExpense": 73500000,
        "depreciationAndAmortization": 138600000,
        "ebitda": 36300000,
        "ebitdaratio": 0.029509796,
        "operatingIncome": 0,
        "operatingIncomeRatio": 0,
        "totalOtherIncomeExpensesNet": -39300000,
        "incomeBeforeTax": -39300000,
        "incomeBeforeTaxRatio": -0.0319486221,
        "incomeTaxExpense": -16600000,
        "netIncome": -20600000,
        "netIncomeRatio": -0.016746606,
        "eps": -0.21,
        "epsdiluted": -0.21,
        "weightedAverageShsOut": 100098000,
        "weightedAverageShsOutDil": 100098000,
        "link": "",
        "finalLink": ""
    },
    {
        "date": "2003-03-31",
        "symbol": "CNO",
        "reportedCurrency": "USD",
        "cik": "0001224608",
        "fillingDate": "2003-03-31",
        "acceptedDate": "2003-03-30 19:00:00",
        "calendarYear": "2003",
        "period": "Q1",
        "revenue": 1237200000,
        "costOfRevenue": 0,
        "grossProfit": 1237200000,
        "grossProfitRatio": 1,
        "researchAndDevelopmentExpenses": 0,
        "generalAndAdministrativeExpenses": 0,
        "sellingAndMarketingExpenses": 0,
        "sellingGeneralAndAdministrativeExpenses": 0,
        "otherExpenses": 1237200000,
        "operatingExpenses": 1237200000,
        "costAndExpenses": 1284700000,
        "interestIncome": 0,
        "interestExpense": 73600000,
        "depreciationAndAmortization": 158000000,
        "ebitda": 40000000,
        "ebitdaratio": 0.0323310702,
        "operatingIncome": 0,
        "operatingIncomeRatio": 0,
        "totalOtherIncomeExpensesNet": -47500000,
        "incomeBeforeTax": -47500000,
        "incomeBeforeTaxRatio": -0.0383931458,
        "incomeTaxExpense": -14600000,
        "netIncome": -19000000,
        "netIncomeRatio": -0.0153572583,
        "eps": -0.19,
        "epsdiluted": -0.19,
        "weightedAverageShsOut": 100098000,
        "weightedAverageShsOutDil": 100098000,
        "link": "",
        "finalLink": ""
    }
]