[
    {
        "date": "2025-09-30",
        "symbol": "CNX",
        "reportedCurrency": "USD",
        "cik": "0001070412",
        "fillingDate": "2025-10-30",
        "acceptedDate": "2025-10-30 11:11:21",
        "calendarYear": "2025",
        "period": "Q3",
        "revenue": 583840000,
        "costOfRevenue": 291339000,
        "grossProfit": 160806000,
        "grossProfitRatio": 0.2754281995,
        "researchAndDevelopmentExpenses": 0,
        "generalAndAdministrativeExpenses": 0,
        "sellingAndMarketingExpenses": 0,
        "sellingGeneralAndAdministrativeExpenses": 30375000,
        "otherExpenses": 19178000,
        "operatingExpenses": 49553000,
        "costAndExpenses": 318148000,
        "interestIncome": 0,
        "interestExpense": 42964000,
        "depreciationAndAmortization": 149323000,
        "ebitda": 460979000,
        "ebitdaratio": 0.7895639216,
        "operatingIncome": 2025000,
        "operatingIncomeRatio": 0.003468416,
        "totalOtherIncomeExpensesNet": 263667000,
        "incomeBeforeTax": 265692000,
        "incomeBeforeTaxRatio": 0.4550767334,
        "incomeTaxExpense": 63589000,
        "netIncome": 202103000,
        "netIncomeRatio": 0.3461616196,
        "eps": 1.41,
        "epsdiluted": 1.18,
        "weightedAverageShsOut": 143430000,
        "weightedAverageShsOutDil": 171747000,
        "link": "https://www.sec.gov/Archives/edgar/data/1070412/000107041225000109/0001070412-25-000109-index.htm",
        "finalLink": "https://www.sec.gov/Archives/edgar/data/1070412/000107041225000109/cnx-20250930.htm"
    },
    {
        "date": "2025-06-30",
        "symbol": "CNX",
        "reportedCurrency": "USD",
        "cik": "0001070412",
        "fillingDate": "2025-07-24",
        "acceptedDate": "2025-07-24 11:40:05",
        "calendarYear": "2025",
        "period": "Q2",
        "revenue": 541301000,
        "costOfRevenue": 296644000,
        "grossProfit": 244657000,
        "grossProfitRatio": 0.4519795825,
        "researchAndDevelopmentExpenses": 0,
        "generalAndAdministrativeExpenses": 33000000,
        "sellingAndMarketingExpenses": 0,
        "sellingGeneralAndAdministrativeExpenses": 33000000,
        "otherExpenses": 17082000,
        "operatingExpenses": 50082000,
        "costAndExpenses": 346726000,
        "interestIncome": 0,
        "interestExpense": 47041000,
        "depreciationAndAmortization": 152595000,
        "ebitda": 782277000,
        "ebitdaratio": 1.4451792995,
        "operatingIncome": 2025000,
        "operatingIncomeRatio": 0.003740987,
        "totalOtherIncomeExpensesNet": 583616000,
        "incomeBeforeTax": 585641000,
        "incomeBeforeTaxRatio": 1.0819137596,
        "incomeTaxExpense": 153120000,
        "netIncome": 432521000,
        "netIncomeRatio": 0.799039721,
        "eps": 3.02,
        "epsdiluted": 2.53,
        "weightedAverageShsOut": 143430000,
        "weightedAverageShsOutDil": 171747000,
        "link": "https://www.sec.gov/Archives/edgar/data/1070412/000107041225000090/0001070412-25-000090-index.htm",
        "finalLink": "https://www.sec.gov/Archives/edgar/data/1070412/000107041225000090/cnx-20250630.htm"
    },
    {
        "date": "2025-03-31",
        "symbol": "CNX",
        "reportedCurrency": "USD",
        "cik": "0001070412",
        "fillingDate": "2025-04-24",
        "acceptedDate": "2025-04-24 14:36:26",
        "calendarYear": "2025",
        "period": "Q1",
        "revenue": 610608000,
        "costOfRevenue": 265036000,
        "grossProfit": 345572000,
        "grossProfitRatio": 0.5659473836,
        "researchAndDevelopmentExpenses": 0,
        "generalAndAdministrativeExpenses": 40000000,
        "sellingAndMarketingExpenses": 2000000,
        "sellingGeneralAndAdministrativeExpenses": 42000000,
        "otherExpenses": 13082000,
        "operatingExpenses": 55082000,
        "costAndExpenses": 320118000,
        "interestIncome": 0,
        "interestExpense": 44612000,
        "depreciationAndAmortization": 127062000,
        "ebitda": -104125000,
        "ebitdaratio": -0.1705267537,
        "operatingIncome": 290490000,
        "operatingIncomeRatio": 0.4757389356,
        "totalOtherIncomeExpensesNet": -563289000,
        "incomeBeforeTax": -272799000,
        "incomeBeforeTaxRatio": -0.446766174,
        "incomeTaxExpense": -75084000,
        "netIncome": -197715000,
        "netIncomeRatio": -0.3238002122,
        "eps": -1.34,
        "epsdiluted": -1.34,
        "weightedAverageShsOut": 147778000,
        "weightedAverageShsOutDil": 147778000,
        "link": "https://www.sec.gov/Archives/edgar/data/1070412/000107041225000059/0001070412-25-000059-index.htm",
        "finalLink": "https://www.sec.gov/Archives/edgar/data/1070412/000107041225000059/cnx-20250331.htm"
    },
    {
        "date": "2024-12-31",
        "symbol": "CNX",
        "reportedCurrency": "USD",
        "cik": "0001070412",
        "fillingDate": "2025-02-11",
        "acceptedDate": "2025-02-11 13:11:48",
        "calendarYear": "2024",
        "period": "Q4",
        "revenue": 419570000,
        "costOfRevenue": 256115000,
        "grossProfit": 163455000,
        "grossProfitRatio": 0.3895774245,
        "researchAndDevelopmentExpenses": 0,
        "generalAndAdministrativeExpenses": 0,
        "sellingAndMarketingExpenses": -25000,
        "sellingGeneralAndAdministrativeExpenses": 37542000,
        "otherExpenses": 24412000,
        "operatingExpenses": 61954000,
        "costAndExpenses": 318069000,
        "interestIncome": 8000000,
        "interestExpense": 36596000,
        "depreciationAndAmortization": 128336000,
        "ebitda": -29066000,
        "ebitdaratio": -0.069275687,
        "operatingIncome": 101501000,
        "operatingIncomeRatio": 0.2419167243,
        "totalOtherIncomeExpensesNet": -295500000,
        "incomeBeforeTax": -193999000,
        "incomeBeforeTaxRatio": -0.4623757657,
        "incomeTaxExpense": -49375000,
        "netIncome": -144624000,
        "netIncomeRatio": -0.3446957599,
        "eps": -0.96,
        "epsdiluted": -0.97,
        "weightedAverageShsOut": 151306438,
        "weightedAverageShsOutDil": 151306438,
        "link": "https://www.sec.gov/Archives/edgar/data/1070412/000107041225000049/0001070412-25-000049-index.htm",
        "finalLink": "https://www.sec.gov/Archives/edgar/data/1070412/000107041225000049/cnx-20241231.htm"
    },
    {
        "date": "2024-09-30",
        "symbol": "CNX",
        "reportedCurrency": "USD",
        "cik": "0001070412",
        "fillingDate": "2024-10-24",
        "acceptedDate": "2024-10-24 11:28:40",
        "calendarYear": "2024",
        "period": "Q3",
        "revenue": 335249000,
        "costOfRevenue": 145767000,
        "grossProfit": 189482000,
        "grossProfitRatio": 0.5651978082,
        "researchAndDevelopmentExpenses": 0,
        "generalAndAdministrativeExpenses": 34498000,
        "sellingAndMarketingExpenses": 0,
        "sellingGeneralAndAdministrativeExpenses": 34498000,
        "otherExpenses": 14462000,
        "operatingExpenses": 48960000,
        "costAndExpenses": 318889000,
        "interestIncome": 0,
        "interestExpense": 37923000,
        "depreciationAndAmortization": 121227000,
        "ebitda": 241711000,
        "ebitdaratio": 0.7209894735,
        "operatingIncome": 16360000,
        "operatingIncomeRatio": 0.048799549,
        "totalOtherIncomeExpensesNet": 66201000,
        "incomeBeforeTax": 82561000,
        "incomeBeforeTaxRatio": 0.2462676995,
        "incomeTaxExpense": 17021000,
        "netIncome": 65540000,
        "netIncomeRatio": 0.1954964817,
        "eps": 0.44,
        "epsdiluted": 0.37,
        "weightedAverageShsOut": 150342177,
        "weightedAverageShsOutDil": 179113461,
        "link": "https://www.sec.gov/Archives/edgar/data/1070412/000107041224000061/0001070412-24-000061-index.htm",
        "finalLink": "https://www.sec.gov/Archives/edgar/data/1070412/000107041224000061/cnx-20240930.htm"
    },
    {
        "date": "2024-06-30",
        "symbol": "CNX",
        "reportedCurrency": "USD",
        "cik": "0001070412",
        "fillingDate": "2024-07-25",
        "acceptedDate": "2024-07-25 11:05:38",
        "calendarYear": "2024",
        "period": "Q2",
        "revenue": 307348000,
        "costOfRevenue": 246442000,
        "grossProfit": 60906000,
        "grossProfitRatio": 0.198166248,
        "researchAndDevelopmentExpenses": 0,
        "generalAndAdministrativeExpenses": 34000000,
        "sellingAndMarketingExpenses": -1975000,
        "sellingGeneralAndAdministrativeExpenses": 32025000,
        "otherExpenses": 21077000,
        "operatingExpenses": 53102000,
        "costAndExpenses": 299544000,
        "interestIncome": 0,
        "interestExpense": 38634000,
        "depreciationAndAmortization": 117541000,
        "ebitda": 140932000,
        "ebitdaratio": 0.4585421086,
        "operatingIncome": 1804000,
        "operatingIncomeRatio": 0.005869568,
        "totalOtherIncomeExpensesNet": -17047000,
        "incomeBeforeTax": -15243000,
        "incomeBeforeTaxRatio": -0.0495952471,
        "incomeTaxExpense": 3018000,
        "netIncome": -18261000,
        "netIncomeRatio": -0.0594147351,
        "eps": -0.12,
        "epsdiluted": -0.12,
        "weightedAverageShsOut": 152608500,
        "weightedAverageShsOutDil": 152608500,
        "link": "https://www.sec.gov/Archives/edgar/data/1070412/000107041224000039/0001070412-24-000039-index.htm",
        "finalLink": "https://www.sec.gov/Archives/edgar/data/1070412/000107041224000039/cnx-20240630.htm"
    },
    {
        "date": "2024-03-31",
        "symbol": "CNX",
        "reportedCurrency": "USD",
        "cik": "0001070412",
        "fillingDate": "2024-04-25",
        "acceptedDate": "2024-04-25 11:04:02",
        "calendarYear": "2024",
        "period": "Q1",
        "revenue": 378025000,
        "costOfRevenue": 256547000,
        "grossProfit": 121478000,
        "grossProfitRatio": 0.3213491171,
        "researchAndDevelopmentExpenses": 0,
        "generalAndAdministrativeExpenses": 38000000,
        "sellingAndMarketingExpenses": 2000000,
        "sellingGeneralAndAdministrativeExpenses": 40000000,
        "otherExpenses": 22304000,
        "operatingExpenses": 62304000,
        "costAndExpenses": 318851000,
        "interestIncome": 0,
        "interestExpense": 37441000,
        "depreciationAndAmortization": 118650000,
        "ebitda": 162409000,
        "ebitdaratio": 0.4296250248,
        "operatingIncome": 59174000,
        "operatingIncomeRatio": 0.1565346207,
        "totalOtherIncomeExpensesNet": -52855000,
        "incomeBeforeTax": 6319000,
        "incomeBeforeTaxRatio": 0.0167158257,
        "incomeTaxExpense": -532000,
        "netIncome": 6851000,
        "netIncomeRatio": 0.01812314,
        "eps": 0.0447,
        "epsdiluted": 0.0439,
        "weightedAverageShsOut": 153364652,
        "weightedAverageShsOutDil": 156151721,
        "link": "https://www.sec.gov/Archives/edgar/data/1070412/000107041224000027/0001070412-24-000027-index.htm",
        "finalLink": "https://www.sec.gov/Archives/edgar/data/1070412/000107041224000027/cnx-20240331.htm"
    },
    {
        "date": "2023-12-31",
        "symbol": "CNX",
        "reportedCurrency": "USD",
        "cik": "0001070412",
        "fillingDate": "2024-02-08",
        "acceptedDate": "2024-02-08 16:34:03",
        "calendarYear": "2023",
        "period": "Q4",
        "revenue": 391555000,
        "costOfRevenue": 253027000,
        "grossProfit": 138528000,
        "grossProfitRatio": 0.3537893782,
        "researchAndDevelopmentExpenses": 0,
        "generalAndAdministrativeExpenses": 0,
        "sellingAndMarketingExpenses": -3000000,
        "sellingGeneralAndAdministrativeExpenses": 29538000,
        "otherExpenses": 17368000,
        "operatingExpenses": 46906000,
        "costAndExpenses": 299933000,
        "interestIncome": 0,
        "interestExpense": 37331000,
        "depreciationAndAmortization": 112827000,
        "ebitda": 789163000,
        "ebitdaratio": 2.0154588755,
        "operatingIncome": 178885000,
        "operatingIncomeRatio": 0.4568579127,
        "totalOtherIncomeExpensesNet": 460120000,
        "incomeBeforeTax": 639005000,
        "incomeBeforeTaxRatio": 1.631967412,
        "incomeTaxExpense": 125020000,
        "netIncome": 513985000,
        "netIncomeRatio": 1.3126763801,
        "eps": 3.43,
        "epsdiluted": 2.88,
        "weightedAverageShsOut": 156812941,
        "weightedAverageShsOutDil": 186708527,
        "link": "https://www.sec.gov/Archives/edgar/data/1070412/000107041224000015/0001070412-24-000015-index.htm",
        "finalLink": "https://www.sec.gov/Archives/edgar/data/1070412/000107041224000015/cnx-20231231.htm"
    },
    {
        "date": "2023-09-30",
        "symbol": "CNX",
        "reportedCurrency": "USD",
        "cik": "0001070412",
        "fillingDate": "2023-10-25",
        "acceptedDate": "2023-10-25 11:41:06",
        "calendarYear": "2023",
        "period": "Q3",
        "revenue": 302703000,
        "costOfRevenue": 244673000,
        "grossProfit": 58030000,
        "grossProfitRatio": 0.1917060617,
        "researchAndDevelopmentExpenses": 0,
        "generalAndAdministrativeExpenses": 0,
        "sellingAndMarketingExpenses": 0,
        "sellingGeneralAndAdministrativeExpenses": 29213000,
        "otherExpenses": -26057000,
        "operatingExpenses": 55270000,
        "costAndExpenses": 299943000,
        "interestIncome": 35391000,
        "interestExpense": 38391000,
        "depreciationAndAmortization": 111855000,
        "ebitda": 166488000,
        "ebitdaratio": 0.5500044598,
        "operatingIncome": 2760000,
        "operatingIncomeRatio": 0.0091178482,
        "totalOtherIncomeExpensesNet": -122184000,
        "incomeBeforeTax": 19242000,
        "incomeBeforeTaxRatio": 0.063567259,
        "incomeTaxExpense": -2139000,
        "netIncome": 21381000,
        "netIncomeRatio": 0.0706335913,
        "eps": 0.13,
        "epsdiluted": 0.11,
        "weightedAverageShsOut": 160703884,
        "weightedAverageShsOutDil": 190674498,
        "link": "https://www.sec.gov/Archives/edgar/data/1070412/000107041223000105/0001070412-23-000105-index.htm",
        "finalLink": "https://www.sec.gov/Archives/edgar/data/1070412/000107041223000105/cnx-20230930.htm"
    },
    {
        "date": "2023-06-30",
        "symbol": "CNX",
        "reportedCurrency": "USD",
        "cik": "0001070412",
        "fillingDate": "2023-07-27",
        "acceptedDate": "2023-07-27 11:56:29",
        "calendarYear": "2023",
        "period": "Q2",
        "revenue": 296228000,
        "costOfRevenue": 220586000,
        "grossProfit": 75642000,
        "grossProfitRatio": 0.2553506083,
        "researchAndDevelopmentExpenses": 0,
        "generalAndAdministrativeExpenses": 31000000,
        "sellingAndMarketingExpenses": 1000000,
        "sellingGeneralAndAdministrativeExpenses": 32000000,
        "otherExpenses": -21031000,
        "operatingExpenses": 51048000,
        "costAndExpenses": 271634000,
        "interestIncome": 34820000,
        "interestExpense": 37820000,
        "depreciationAndAmortization": 103682000,
        "ebitda": 775224000,
        "ebitdaratio": 2.6169842149,
        "operatingIncome": 24594000,
        "operatingIncomeRatio": 0.083023887,
        "totalOtherIncomeExpensesNet": 612128000,
        "incomeBeforeTax": 636722000,
        "incomeBeforeTaxRatio": 2.1494321941,
        "incomeTaxExpense": 161767000,
        "netIncome": 474955000,
        "netIncomeRatio": 1.6033426955,
        "eps": 2.89,
        "epsdiluted": 2.46,
        "weightedAverageShsOut": 164139583,
        "weightedAverageShsOutDil": 192991586,
        "link": "https://www.sec.gov/Archives/edgar/data/1070412/000107041223000092/0001070412-23-000092-index.htm",
        "finalLink": "https://www.sec.gov/Archives/edgar/data/1070412/000107041223000092/cnx-20230630.htm"
    },
    {
        "date": "2023-03-31",
        "symbol": "CNX",
        "reportedCurrency": "USD",
        "cik": "0001070412",
        "fillingDate": "2023-04-27",
        "acceptedDate": "2023-04-27 12:14:30",
        "calendarYear": "2023",
        "period": "Q1",
        "revenue": 513810000,
        "costOfRevenue": 268884000,
        "grossProfit": 244926000,
        "grossProfitRatio": 0.4766859345,
        "researchAndDevelopmentExpenses": 0,
        "generalAndAdministrativeExpenses": 36000000,
        "sellingAndMarketingExpenses": 2000000,
        "sellingGeneralAndAdministrativeExpenses": 38000000,
        "otherExpenses": -15139000,
        "operatingExpenses": 51715000,
        "costAndExpenses": 320599000,
        "interestIncome": 0,
        "interestExpense": 35736000,
        "depreciationAndAmortization": 105222000,
        "ebitda": 1068914000,
        "ebitdaratio": 2.0803682295,
        "operatingIncome": 193211000,
        "operatingIncomeRatio": 0.3760358888,
        "totalOtherIncomeExpensesNet": 734745000,
        "incomeBeforeTax": 927956000,
        "incomeBeforeTaxRatio": 1.8060294661,
        "incomeTaxExpense": 217561000,
        "netIncome": 710395000,
        "netIncomeRatio": 1.3826025184,
        "eps": 4.22,
        "epsdiluted": 3.6,
        "weightedAverageShsOut": 168452107,
        "weightedAverageShsOutDil": 197144874,
        "link": "https://www.sec.gov/Archives/edgar/data/1070412/000107041223000071/0001070412-23-000071-index.htm",
        "finalLink": "https://www.sec.gov/Archives/edgar/data/1070412/000107041223000071/cnx-20230331.htm"
    },
    {
        "date": "2022-12-31",
        "symbol": "CNX",
        "reportedCurrency": "USD",
        "cik": "0001070412",
        "fillingDate": "2023-02-09",
        "acceptedDate": "2023-02-09 12:07:50",
        "calendarYear": "2022",
        "period": "Q4",
        "revenue": 859215000,
        "costOfRevenue": 300185000,
        "grossProfit": 559030000,
        "grossProfitRatio": 0.6506287716,
        "researchAndDevelopmentExpenses": 0,
        "generalAndAdministrativeExpenses": 31960000,
        "sellingAndMarketingExpenses": 1000,
        "sellingGeneralAndAdministrativeExpenses": 31961000,
        "otherExpenses": 11030000,
        "operatingExpenses": 42991000,
        "costAndExpenses": 343176000,
        "interestIncome": 0,
        "interestExpense": 35217000,
        "depreciationAndAmortization": 112245000,
        "ebitda": 1403812000,
        "ebitdaratio": 1.6338308805,
        "operatingIncome": 512545000,
        "operatingIncomeRatio": 0.5965270625,
        "totalOtherIncomeExpensesNet": 619624000,
        "incomeBeforeTax": 1256349000,
        "incomeBeforeTaxRatio": 1.4622056179,
        "incomeTaxExpense": 81770000,
        "netIncome": 1174580000,
        "netIncomeRatio": 1.3670385177,
        "eps": 6.64,
        "epsdiluted": 5.67,
        "weightedAverageShsOut": 176916881,
        "weightedAverageShsOutDil": 207044624,
        "link": "https://www.sec.gov/Archives/edgar/data/1070412/000107041223000015/0001070412-23-000015-index.htm",
        "finalLink": "https://www.sec.gov/Archives/edgar/data/1070412/000107041223000015/cnx-20221231.htm"
    },
    {
        "date": "2022-09-30",
        "symbol": "CNX",
        "reportedCurrency": "USD",
        "cik": "0001070412",
        "fillingDate": "2022-10-27",
        "acceptedDate": "2022-10-27 11:35:21",
        "calendarYear": "2022",
        "period": "Q3",
        "revenue": 1179414000,
        "costOfRevenue": 275828000,
        "grossProfit": 903586000,
        "grossProfitRatio": 0.7661313161,
        "researchAndDevelopmentExpenses": 0,
        "generalAndAdministrativeExpenses": 27722000,
        "sellingAndMarketingExpenses": 0,
        "sellingGeneralAndAdministrativeExpenses": 27722000,
        "otherExpenses": 21923000,
        "operatingExpenses": 49645000,
        "costAndExpenses": 325473000,
        "interestIncome": 0,
        "interestExpense": 34351000,
        "depreciationAndAmortization": 114167000,
        "ebitda": -118197000,
        "ebitdaratio": -0.1002167178,
        "operatingIncome": 852019000,
        "operatingIncomeRatio": 0.7224087555,
        "totalOtherIncomeExpensesNet": -1120656000,
        "incomeBeforeTax": -266715000,
        "incomeBeforeTaxRatio": -0.2261419654,
        "incomeTaxExpense": 160357000,
        "netIncome": -427072000,
        "netIncomeRatio": -0.3621052489,
        "eps": -2.28,
        "epsdiluted": -2.28,
        "weightedAverageShsOut": 187312362,
        "weightedAverageShsOutDil": 187511940,
        "link": "https://www.sec.gov/Archives/edgar/data/1070412/000107041222000054/0001070412-22-000054-index.htm",
        "finalLink": "https://www.sec.gov/Archives/edgar/data/1070412/000107041222000054/cnx-20220930.htm"
    },
    {
        "date": "2022-06-30",
        "symbol": "CNX",
        "reportedCurrency": "USD",
        "cik": "0001070412",
        "fillingDate": "2022-07-28",
        "acceptedDate": "2022-07-28 11:31:49",
        "calendarYear": "2022",
        "period": "Q2",
        "revenue": 1073061000,
        "costOfRevenue": 274818000,
        "grossProfit": 798243000,
        "grossProfitRatio": 0.743893404,
        "researchAndDevelopmentExpenses": 0,
        "generalAndAdministrativeExpenses": 0,
        "sellingAndMarketingExpenses": 0,
        "sellingGeneralAndAdministrativeExpenses": 30454000,
        "otherExpenses": 25251000,
        "operatingExpenses": 55705000,
        "costAndExpenses": 330523000,
        "interestIncome": 0,
        "interestExpense": 31051000,
        "depreciationAndAmortization": 116180000,
        "ebitda": 194155000,
        "ebitdaratio": 0.1809356598,
        "operatingIncome": 737359000,
        "operatingIncomeRatio": 0.6871547843,
        "totalOtherIncomeExpensesNet": -696614000,
        "incomeBeforeTax": 46924000,
        "incomeBeforeTaxRatio": 0.0437291077,
        "incomeTaxExpense": 13567000,
        "netIncome": 33357000,
        "netIncomeRatio": 0.0310858376,
        "eps": 0.15,
        "epsdiluted": 0.15,
        "weightedAverageShsOut": 215519302,
        "weightedAverageShsOutDil": 224408694,
        "link": "https://www.sec.gov/Archives/edgar/data/1070412/000107041222000045/0001070412-22-000045-index.htm",
        "finalLink": "https://www.sec.gov/Archives/edgar/data/1070412/000107041222000045/cnx-20220630.htm"
    },
    {
        "date": "2022-03-31",
        "symbol": "CNX",
        "reportedCurrency": "USD",
        "cik": "0001070412",
        "fillingDate": "2022-04-28",
        "acceptedDate": "2022-04-28 11:17:10",
        "calendarYear": "2022",
        "period": "Q1",
        "revenue": 813296000,
        "costOfRevenue": 277050000,
        "grossProfit": 536246000,
        "grossProfitRatio": 0.6593491177,
        "researchAndDevelopmentExpenses": 0,
        "generalAndAdministrativeExpenses": 0,
        "sellingAndMarketingExpenses": 0,
        "sellingGeneralAndAdministrativeExpenses": 31560000,
        "otherExpenses": 13859000,
        "operatingExpenses": 45419000,
        "costAndExpenses": 322469000,
        "interestIncome": 0,
        "interestExpense": 27069000,
        "depreciationAndAmortization": 118623000,
        "ebitda": -1102813000,
        "ebitdaratio": -1.3559798646,
        "operatingIncome": 491563000,
        "operatingIncomeRatio": 0.604408481,
        "totalOtherIncomeExpensesNet": -1737332000,
        "incomeBeforeTax": -1248505000,
        "incomeBeforeTaxRatio": -1.5351175956,
        "incomeTaxExpense": -325564000,
        "netIncome": -922941000,
        "netIncomeRatio": -1.1348156145,
        "eps": -4.62,
        "epsdiluted": -4.62,
        "weightedAverageShsOut": 199770822,
        "weightedAverageShsOutDil": 199854257,
        "link": "https://www.sec.gov/Archives/edgar/data/1070412/000107041222000025/0001070412-22-000025-index.htm",
        "finalLink": "https://www.sec.gov/Archives/edgar/data/1070412/000107041222000025/cnx-20220331.htm"
    },
    {
        "date": "2021-12-31",
        "symbol": "CNX",
        "reportedCurrency": "USD",
        "cik": "0001070412",
        "fillingDate": "2022-02-10",
        "acceptedDate": "2022-02-10 16:20:33",
        "calendarYear": "2021",
        "period": "Q4",
        "revenue": 911208000,
        "costOfRevenue": 284842000,
        "grossProfit": 626366000,
        "grossProfitRatio": 0.6874017787,
        "researchAndDevelopmentExpenses": 0,
        "generalAndAdministrativeExpenses": 35908000,
        "sellingAndMarketingExpenses": 0,
        "sellingGeneralAndAdministrativeExpenses": 35908000,
        "otherExpenses": -2340000,
        "operatingExpenses": 64659000,
        "costAndExpenses": 349501000,
        "interestIncome": 0,
        "interestExpense": 37264000,
        "depreciationAndAmortization": 133833000,
        "ebitda": 1073242000,
        "ebitdaratio": 1.1778232851,
        "operatingIncome": 559370000,
        "operatingIncomeRatio": 0.6138774023,
        "totalOtherIncomeExpensesNet": 344998000,
        "incomeBeforeTax": 906706000,
        "incomeBeforeTaxRatio": 0.9950593059,
        "incomeTaxExpense": 276394000,
        "netIncome": 630312000,
        "netIncomeRatio": 0.6917322938,
        "eps": 3.02,
        "epsdiluted": 2.9,
        "weightedAverageShsOut": 208454502,
        "weightedAverageShsOutDil": 217289385,
        "link": "https://www.sec.gov/Archives/edgar/data/1070412/000107041222000011/0001070412-22-000011-index.htm",
        "finalLink": "https://www.sec.gov/Archives/edgar/data/1070412/000107041222000011/cnx-20211231.htm"
    },
    {
        "date": "2021-09-30",
        "symbol": "CNX",
        "reportedCurrency": "USD",
        "cik": "0001070412",
        "fillingDate": "2021-10-28",
        "acceptedDate": "2021-10-28 11:53:09",
        "calendarYear": "2021",
        "period": "Q3",
        "revenue": 627009000,
        "costOfRevenue": 255280000,
        "grossProfit": 371729000,
        "grossProfitRatio": 0.5928607085,
        "researchAndDevelopmentExpenses": 0,
        "generalAndAdministrativeExpenses": 24851000,
        "sellingAndMarketingExpenses": 0,
        "sellingGeneralAndAdministrativeExpenses": 24851000,
        "otherExpenses": -3177000,
        "operatingExpenses": 49578000,
        "costAndExpenses": 304858000,
        "interestIncome": 0,
        "interestExpense": 37944000,
        "depreciationAndAmortization": 129734000,
        "ebitda": -1064769000,
        "ebitdaratio": -1.6981717966,
        "operatingIncome": 318974000,
        "operatingIncomeRatio": 0.5087231603,
        "totalOtherIncomeExpensesNet": -1554598000,
        "incomeBeforeTax": -1232447000,
        "incomeBeforeTaxRatio": -1.9655969851,
        "incomeTaxExpense": -359526000,
        "netIncome": -872921000,
        "netIncomeRatio": -1.3921985171,
        "eps": -4.05,
        "epsdiluted": -4.05,
        "weightedAverageShsOut": 215536049,
        "weightedAverageShsOutDil": 215738737,
        "link": "https://www.sec.gov/Archives/edgar/data/1070412/000107041221000065/0001070412-21-000065-index.htm",
        "finalLink": "https://www.sec.gov/Archives/edgar/data/1070412/000107041221000065/cnx-20210930.htm"
    },
    {
        "date": "2021-06-30",
        "symbol": "CNX",
        "reportedCurrency": "USD",
        "cik": "0001070412",
        "fillingDate": "2021-07-29",
        "acceptedDate": "2021-07-29 11:45:19",
        "calendarYear": "2021",
        "period": "Q2",
        "revenue": 411649000,
        "costOfRevenue": 238965000,
        "grossProfit": 172684000,
        "grossProfitRatio": 0.4194933062,
        "researchAndDevelopmentExpenses": 0,
        "generalAndAdministrativeExpenses": 0,
        "sellingAndMarketingExpenses": 0,
        "sellingGeneralAndAdministrativeExpenses": 23677000,
        "otherExpenses": -5865000,
        "operatingExpenses": 41746000,
        "costAndExpenses": 280711000,
        "interestIncome": 0,
        "interestExpense": 39576000,
        "depreciationAndAmortization": 122607000,
        "ebitda": -283993000,
        "ebitdaratio": -0.6898911451,
        "operatingIncome": 125073000,
        "operatingIncomeRatio": 0.3038340917,
        "totalOtherIncomeExpensesNet": -577114000,
        "incomeBeforeTax": -446176000,
        "incomeBeforeTaxRatio": -1.0838748545,
        "incomeTaxExpense": -92117000,
        "netIncome": -354059000,
        "netIncomeRatio": -0.8600992593,
        "eps": -1.61,
        "epsdiluted": -1.61,
        "weightedAverageShsOut": 219897242,
        "weightedAverageShsOutDil": 219897242,
        "link": "https://www.sec.gov/Archives/edgar/data/1070412/000107041221000054/0001070412-21-000054-index.htm",
        "finalLink": "https://www.sec.gov/Archives/edgar/data/1070412/000107041221000054/cnx-20210630.htm"
    },
    {
        "date": "2021-03-31",
        "symbol": "CNX",
        "reportedCurrency": "USD",
        "cik": "0001070412",
        "fillingDate": "2021-04-29",
        "acceptedDate": "2021-04-29 11:17:39",
        "calendarYear": "2021",
        "period": "Q1",
        "revenue": 439659000,
        "costOfRevenue": 253749000,
        "grossProfit": 185910000,
        "grossProfitRatio": 0.4228504364,
        "researchAndDevelopmentExpenses": 0,
        "generalAndAdministrativeExpenses": 28321000,
        "sellingAndMarketingExpenses": 0,
        "sellingGeneralAndAdministrativeExpenses": 28321000,
        "otherExpenses": -4366000,
        "operatingExpenses": 46055000,
        "costAndExpenses": 299804000,
        "interestIncome": 0,
        "interestExpense": 36372000,
        "depreciationAndAmortization": 128944000,
        "ebitda": 300720000,
        "ebitdaratio": 0.6839846335,
        "operatingIncome": 135489000,
        "operatingIncomeRatio": 0.3081683759,
        "totalOtherIncomeExpensesNet": -4451000,
        "incomeBeforeTax": 135404000,
        "incomeBeforeTaxRatio": 0.3079750443,
        "incomeTaxExpense": 37379000,
        "netIncome": 98025000,
        "netIncomeRatio": 0.2229568825,
        "eps": 0.45,
        "epsdiluted": 0.43,
        "weightedAverageShsOut": 219923634,
        "weightedAverageShsOutDil": 228670448,
        "link": "https://www.sec.gov/Archives/edgar/data/1070412/000107041221000038/0001070412-21-000038-index.htm",
        "finalLink": "https://www.sec.gov/Archives/edgar/data/1070412/000107041221000038/cnx-20210331.htm"
    },
    {
        "date": "2020-12-31",
        "symbol": "CNX",
        "reportedCurrency": "USD",
        "cik": "0001070412",
        "fillingDate": "2021-02-09",
        "acceptedDate": "2021-02-09 16:13:09",
        "calendarYear": "2020",
        "period": "Q4",
        "revenue": 336726000,
        "costOfRevenue": 258857000,
        "grossProfit": 77869000,
        "grossProfitRatio": 0.2312533039,
        "researchAndDevelopmentExpenses": 0,
        "generalAndAdministrativeExpenses": 33024000,
        "sellingAndMarketingExpenses": 0,
        "sellingGeneralAndAdministrativeExpenses": 33024000,
        "otherExpenses": -11398000,
        "operatingExpenses": 53590000,
        "costAndExpenses": 312447000,
        "interestIncome": 0,
        "interestExpense": 37634000,
        "depreciationAndAmortization": 144648000,
        "ebitda": 446458000,
        "ebitdaratio": 1.3258792015,
        "operatingIncome": 12880000,
        "operatingIncomeRatio": 0.0382506845,
        "totalOtherIncomeExpensesNet": 239898000,
        "incomeBeforeTax": 264178000,
        "incomeBeforeTaxRatio": 0.7845488617,
        "incomeTaxExpense": 68420000,
        "netIncome": 195758000,
        "netIncomeRatio": 0.581356949,
        "eps": 0.88,
        "epsdiluted": 0.87,
        "weightedAverageShsOut": 222452273,
        "weightedAverageShsOutDil": 225009195,
        "link": "https://www.sec.gov/Archives/edgar/data/1070412/000107041221000016/0001070412-21-000016-index.htm",
        "finalLink": "https://www.sec.gov/Archives/edgar/data/1070412/000107041221000016/cnx-20201231.htm"
    },
    {
        "date": "2020-09-30",
        "symbol": "CNX",
        "reportedCurrency": "USD",
        "cik": "0001070412",
        "fillingDate": "2020-10-29",
        "acceptedDate": "2020-10-29 12:08:49",
        "calendarYear": "2020",
        "period": "Q3",
        "revenue": 234909000,
        "costOfRevenue": 231366000,
        "grossProfit": 3543000,
        "grossProfitRatio": 0.0150824362,
        "researchAndDevelopmentExpenses": 0,
        "generalAndAdministrativeExpenses": 22714000,
        "sellingAndMarketingExpenses": 0,
        "sellingGeneralAndAdministrativeExpenses": 22714000,
        "otherExpenses": -2180000,
        "operatingExpenses": 48139000,
        "costAndExpenses": 279505000,
        "interestIncome": 0,
        "interestExpense": 37921000,
        "depreciationAndAmortization": 114465000,
        "ebitda": -97687000,
        "ebitdaratio": -0.4158503931,
        "operatingIncome": -46776000,
        "operatingIncomeRatio": -0.1991239161,
        "totalOtherIncomeExpensesNet": -252092000,
        "incomeBeforeTax": -250072000,
        "incomeBeforeTaxRatio": -1.0645483996,
        "incomeTaxExpense": -61279000,
        "netIncome": -204698000,
        "netIncomeRatio": -0.8713927521,
        "eps": -1.03,
        "epsdiluted": -1.03,
        "weightedAverageShsOut": 198727472,
        "weightedAverageShsOutDil": 198727472,
        "link": "https://www.sec.gov/Archives/edgar/data/1070412/000107041220000044/0001070412-20-000044-index.htm",
        "finalLink": "https://www.sec.gov/Archives/edgar/data/1070412/000107041220000044/cnx-20200930.htm"
    },
    {
        "date": "2020-06-30",
        "symbol": "CNX",
        "reportedCurrency": "USD",
        "cik": "0001070412",
        "fillingDate": "2020-08-03",
        "acceptedDate": "2020-08-03 07:51:16",
        "calendarYear": "2020",
        "period": "Q2",
        "revenue": 212144000,
        "costOfRevenue": 209187000,
        "grossProfit": 2957000,
        "grossProfitRatio": 0.0139386454,
        "researchAndDevelopmentExpenses": 0,
        "generalAndAdministrativeExpenses": 23419000,
        "sellingAndMarketingExpenses": 0,
        "sellingGeneralAndAdministrativeExpenses": 23419000,
        "otherExpenses": -4799000,
        "operatingExpenses": 53325000,
        "costAndExpenses": 262512000,
        "interestIncome": 0,
        "interestExpense": 46256000,
        "depreciationAndAmortization": 113545000,
        "ebitda": 1133000,
        "ebitdaratio": 0.005340712,
        "operatingIncome": -55167000,
        "operatingIncomeRatio": -0.2600450637,
        "totalOtherIncomeExpensesNet": -161152000,
        "incomeBeforeTax": -159132000,
        "incomeBeforeTaxRatio": -0.7501131307,
        "incomeTaxExpense": -28646000,
        "netIncome": -145749000,
        "netIncomeRatio": -0.6870286221,
        "eps": -0.78,
        "epsdiluted": -0.78,
        "weightedAverageShsOut": 186857931,
        "weightedAverageShsOutDil": 187316463,
        "link": "https://www.sec.gov/Archives/edgar/data/1070412/000107041220000030/0001070412-20-000030-index.htm",
        "finalLink": "https://www.sec.gov/Archives/edgar/data/1070412/000107041220000030/cnx-20200630.htm"
    },
    {
        "date": "2020-03-31",
        "symbol": "CNX",
        "reportedCurrency": "USD",
        "cik": "0001070412",
        "fillingDate": "2020-04-27",
        "acceptedDate": "2020-04-27 14:50:20",
        "calendarYear": "2020",
        "period": "Q1",
        "revenue": 301217000,
        "costOfRevenue": 253599000,
        "grossProfit": 47618000,
        "grossProfitRatio": 0.158085367,
        "researchAndDevelopmentExpenses": 0,
        "generalAndAdministrativeExpenses": 30238000,
        "sellingAndMarketingExpenses": 0,
        "sellingGeneralAndAdministrativeExpenses": 30238000,
        "otherExpenses": -5186000,
        "operatingExpenses": 54807000,
        "costAndExpenses": 308406000,
        "interestIncome": 0,
        "interestExpense": 48995000,
        "depreciationAndAmortization": 129164000,
        "ebitda": -279645000,
        "ebitdaratio": -0.9283838562,
        "operatingIncome": -12375000,
        "operatingIncomeRatio": -0.0410833386,
        "totalOtherIncomeExpensesNet": -459824000,
        "incomeBeforeTax": -457804000,
        "incomeBeforeTaxRatio": -1.5198478174,
        "incomeTaxExpense": -152582000,
        "netIncome": -329086000,
        "netIncomeRatio": -1.0925213384,
        "eps": -1.76,
        "epsdiluted": -1.76,
        "weightedAverageShsOut": 186918361,
        "weightedAverageShsOutDil": 186918361,
        "link": "https://www.sec.gov/Archives/edgar/data/1070412/000107041220000024/0001070412-20-000024-index.htm",
        "finalLink": "https://www.sec.gov/Archives/edgar/data/1070412/000107041220000024/cnx-20200331.htm"
    },
    {
        "date": "2019-12-31",
        "symbol": "CNX",
        "reportedCurrency": "USD",
        "cik": "0001070412",
        "fillingDate": "2020-02-10",
        "acceptedDate": "2020-02-10 17:02:12",
        "calendarYear": "2019",
        "period": "Q4",
        "revenue": 373002000,
        "costOfRevenue": 268340000,
        "grossProfit": 104662000,
        "grossProfitRatio": 0.2805936697,
        "researchAndDevelopmentExpenses": 0,
        "generalAndAdministrativeExpenses": 34535000,
        "sellingAndMarketingExpenses": 0,
        "sellingGeneralAndAdministrativeExpenses": 34535000,
        "otherExpenses": -101000,
        "operatingExpenses": 82074000,
        "costAndExpenses": 350414000,
        "interestIncome": 0,
        "interestExpense": 37051000,
        "depreciationAndAmortization": 133844000,
        "ebitda": -117558000,
        "ebitdaratio": -0.3151672109,
        "operatingIncome": 22487000,
        "operatingIncomeRatio": 0.06028654,
        "totalOtherIncomeExpensesNet": -313045000,
        "incomeBeforeTax": -290453000,
        "incomeBeforeTaxRatio": -0.7786901947,
        "incomeTaxExpense": -50398000,
        "netIncome": -271408000,
        "netIncomeRatio": -0.7276314872,
        "eps": -1.46,
        "epsdiluted": -1.45,
        "weightedAverageShsOut": 186510142,
        "weightedAverageShsOutDil": 187177931,
        "link": "https://www.sec.gov/Archives/edgar/data/1070412/000107041220000011/0001070412-20-000011-index.htm",
        "finalLink": "https://www.sec.gov/Archives/edgar/data/1070412/000107041220000011/cnx-123119x10k.htm"
    },
    {
        "date": "2019-09-30",
        "symbol": "CNX",
        "reportedCurrency": "USD",
        "cik": "0001070412",
        "fillingDate": "2019-10-29",
        "acceptedDate": "2019-10-29 12:22:02",
        "calendarYear": "2019",
        "period": "Q3",
        "revenue": 316084000,
        "costOfRevenue": 248471000,
        "grossProfit": 67613000,
        "grossProfitRatio": 0.2139083282,
        "researchAndDevelopmentExpenses": 0,
        "generalAndAdministrativeExpenses": 24307000,
        "sellingAndMarketingExpenses": 0,
        "sellingGeneralAndAdministrativeExpenses": 24307000,
        "otherExpenses": -3439000,
        "operatingExpenses": 50128000,
        "costAndExpenses": 298599000,
        "interestIncome": 0,
        "interestExpense": 38405000,
        "depreciationAndAmortization": 120460000,
        "ebitda": 351185000,
        "ebitdaratio": 1.1110495944,
        "operatingIncome": 14046000,
        "operatingIncomeRatio": 0.0444375546,
        "totalOtherIncomeExpensesNet": 175377000,
        "incomeBeforeTax": 192862000,
        "incomeBeforeTaxRatio": 0.6101605902,
        "incomeTaxExpense": 48902000,
        "netIncome": 115538000,
        "netIncomeRatio": 0.3655294162,
        "eps": 0.62,
        "epsdiluted": 0.61,
        "weightedAverageShsOut": 187448749,
        "weightedAverageShsOutDil": 188430959,
        "link": "https://www.sec.gov/Archives/edgar/data/1070412/000107041219000124/0001070412-19-000124-index.htm",
        "finalLink": "https://www.sec.gov/Archives/edgar/data/1070412/000107041219000124/cnx-93019x10q.htm"
    },
    {
        "date": "2019-06-30",
        "symbol": "CNX",
        "reportedCurrency": "USD",
        "cik": "0001070412",
        "fillingDate": "2019-07-30",
        "acceptedDate": "2019-07-30 13:13:30",
        "calendarYear": "2019",
        "period": "Q2",
        "revenue": 383451000,
        "costOfRevenue": 259291000,
        "grossProfit": 124160000,
        "grossProfitRatio": 0.3237962608,
        "researchAndDevelopmentExpenses": 0,
        "generalAndAdministrativeExpenses": 48970000,
        "sellingAndMarketingExpenses": 0,
        "sellingGeneralAndAdministrativeExpenses": 48970000,
        "otherExpenses": 99000,
        "operatingExpenses": 72513000,
        "costAndExpenses": 331804000,
        "interestIncome": 0,
        "interestExpense": 40152000,
        "depreciationAndAmortization": 128998000,
        "ebitda": 401697000,
        "ebitdaratio": 1.0475836548,
        "operatingIncome": 51746000,
        "operatingIncomeRatio": 0.134948142,
        "totalOtherIncomeExpensesNet": 181838000,
        "incomeBeforeTax": 233485000,
        "incomeBeforeTaxRatio": 0.6089043972,
        "incomeTaxExpense": 40791000,
        "netIncome": 162477000,
        "netIncomeRatio": 0.4237229789,
        "eps": 0.85,
        "epsdiluted": 0.84,
        "weightedAverageShsOut": 191524289,
        "weightedAverageShsOutDil": 192780732,
        "link": "https://www.sec.gov/Archives/edgar/data/1070412/000107041219000107/0001070412-19-000107-index.htm",
        "finalLink": "https://www.sec.gov/Archives/edgar/data/1070412/000107041219000107/cnx-63019x10q.htm"
    },
    {
        "date": "2019-03-31",
        "symbol": "CNX",
        "reportedCurrency": "USD",
        "cik": "0001070412",
        "fillingDate": "2019-04-30",
        "acceptedDate": "2019-04-30 14:27:18",
        "calendarYear": "2019",
        "period": "Q1",
        "revenue": 473807000,
        "costOfRevenue": 246357000,
        "grossProfit": 227450000,
        "grossProfitRatio": 0.4800477832,
        "researchAndDevelopmentExpenses": 0,
        "generalAndAdministrativeExpenses": 35738000,
        "sellingAndMarketingExpenses": 0,
        "sellingGeneralAndAdministrativeExpenses": 35738000,
        "otherExpenses": 579000,
        "operatingExpenses": 62470000,
        "costAndExpenses": 308827000,
        "interestIncome": 0,
        "interestExpense": 35771000,
        "depreciationAndAmortization": 125161000,
        "ebitda": 84722000,
        "ebitdaratio": 0.1788112037,
        "operatingIncome": 165559000,
        "operatingIncomeRatio": 0.3494228663,
        "totalOtherIncomeExpensesNet": -241190000,
        "incomeBeforeTax": -76210000,
        "incomeBeforeTaxRatio": -0.1608460829,
        "incomeTaxExpense": -11559000,
        "netIncome": -87337000,
        "netIncomeRatio": -0.1843303286,
        "eps": -0.44,
        "epsdiluted": -0.44,
        "weightedAverageShsOut": 197443143,
        "weightedAverageShsOutDil": 197475702,
        "link": "https://www.sec.gov/Archives/edgar/data/1070412/000107041219000042/0001070412-19-000042-index.htm",
        "finalLink": "https://www.sec.gov/Archives/edgar/data/1070412/000107041219000042/cnx-33119x10q.htm"
    },
    {
        "date": "2018-12-31",
        "symbol": "CNX",
        "reportedCurrency": "USD",
        "cik": "0001070412",
        "fillingDate": "2019-02-07",
        "acceptedDate": "2019-02-07 16:45:48",
        "calendarYear": "2018",
        "period": "Q4",
        "revenue": 544419000,
        "costOfRevenue": 254757000,
        "grossProfit": 289662000,
        "grossProfitRatio": 0.5320571104,
        "researchAndDevelopmentExpenses": 0,
        "generalAndAdministrativeExpenses": 36113000,
        "sellingAndMarketingExpenses": 0,
        "sellingGeneralAndAdministrativeExpenses": 36113000,
        "otherExpenses": 9758000,
        "operatingExpenses": 59920000,
        "costAndExpenses": 314677000,
        "interestIncome": 0,
        "interestExpense": 33222000,
        "depreciationAndAmortization": 130084000,
        "ebitda": 247188000,
        "ebitdaratio": 0.4540399949,
        "operatingIncome": 239501000,
        "operatingIncomeRatio": 0.4399203555,
        "totalOtherIncomeExpensesNet": -124040000,
        "incomeBeforeTax": 105702000,
        "incomeBeforeTaxRatio": 0.1941556044,
        "incomeTaxExpense": -23713000,
        "netIncome": 101927000,
        "netIncomeRatio": 0.1872216069,
        "eps": 0.51,
        "epsdiluted": 0.5,
        "weightedAverageShsOut": 199856863,
        "weightedAverageShsOutDil": 203741408,
        "link": "https://www.sec.gov/Archives/edgar/data/1070412/000107041219000024/0001070412-19-000024-index.htm",
        "finalLink": "https://www.sec.gov/Archives/edgar/data/1070412/000107041219000024/cnx-123118x10k.htm"
    },
    {
        "date": "2018-09-30",
        "symbol": "CNX",
        "reportedCurrency": "USD",
        "cik": "0001070412",
        "fillingDate": "2018-10-30",
        "acceptedDate": "2018-10-30 12:54:28",
        "calendarYear": "2018",
        "period": "Q3",
        "revenue": 379121000,
        "costOfRevenue": 222638000,
        "grossProfit": 156483000,
        "grossProfitRatio": 0.4127521293,
        "researchAndDevelopmentExpenses": 0,
        "generalAndAdministrativeExpenses": 32435000,
        "sellingAndMarketingExpenses": 0,
        "sellingGeneralAndAdministrativeExpenses": 32435000,
        "otherExpenses": -1105000,
        "operatingExpenses": 53161000,
        "costAndExpenses": 275799000,
        "interestIncome": 0,
        "interestExpense": 35723000,
        "depreciationAndAmortization": 119584000,
        "ebitda": 241670000,
        "ebitdaratio": 0.6374482026,
        "operatingIncome": 102217000,
        "operatingIncomeRatio": 0.2696157691,
        "totalOtherIncomeExpensesNet": -36637000,
        "incomeBeforeTax": 203434000,
        "incomeBeforeTaxRatio": 0.5365938579,
        "incomeTaxExpense": 56678000,
        "netIncome": 125029000,
        "netIncomeRatio": 0.3297865325,
        "eps": 0.59,
        "epsdiluted": 0.59,
        "weightedAverageShsOut": 210238509,
        "weightedAverageShsOutDil": 212708082,
        "link": "https://www.sec.gov/Archives/edgar/data/1070412/000107041218000086/0001070412-18-000086-index.htm",
        "finalLink": "https://www.sec.gov/Archives/edgar/data/1070412/000107041218000086/cnx-93018x10q.htm"
    },
    {
        "date": "2018-06-30",
        "symbol": "CNX",
        "reportedCurrency": "USD",
        "cik": "0001070412",
        "fillingDate": "2018-08-02",
        "acceptedDate": "2018-08-02 13:17:21",
        "calendarYear": "2018",
        "period": "Q2",
        "revenue": 376464000,
        "costOfRevenue": 237642000,
        "grossProfit": 138822000,
        "grossProfitRatio": 0.3687523907,
        "researchAndDevelopmentExpenses": 0,
        "generalAndAdministrativeExpenses": 34909000,
        "sellingAndMarketingExpenses": 0,
        "sellingGeneralAndAdministrativeExpenses": 34909000,
        "otherExpenses": -575000,
        "operatingExpenses": 56394000,
        "costAndExpenses": 294036000,
        "interestIncome": 0,
        "interestExpense": 38438000,
        "depreciationAndAmortization": 119087000,
        "ebitda": 225506000,
        "ebitdaratio": 0.5990107952,
        "operatingIncome": 81853000,
        "operatingIncomeRatio": 0.2174258362,
        "totalOtherIncomeExpensesNet": -52136000,
        "incomeBeforeTax": 30292000,
        "incomeBeforeTaxRatio": 0.0804645331,
        "incomeTaxExpense": -31102000,
        "netIncome": 42014000,
        "netIncomeRatio": 0.1116016405,
        "eps": 0.19,
        "epsdiluted": 0.19,
        "weightedAverageShsOut": 215991490,
        "weightedAverageShsOutDil": 218929960,
        "link": "https://www.sec.gov/Archives/edgar/data/1070412/000107041218000071/0001070412-18-000071-index.htm",
        "finalLink": "https://www.sec.gov/Archives/edgar/data/1070412/000107041218000071/cnx-63018x10q.htm"
    },
    {
        "date": "2018-03-31",
        "symbol": "CNX",
        "reportedCurrency": "USD",
        "cik": "0001070412",
        "fillingDate": "2018-05-03",
        "acceptedDate": "2018-05-03 15:15:20",
        "calendarYear": "2018",
        "period": "Q1",
        "revenue": 460642000,
        "costOfRevenue": 274025000,
        "grossProfit": 186617000,
        "grossProfitRatio": 0.4051237186,
        "researchAndDevelopmentExpenses": 0,
        "generalAndAdministrativeExpenses": 31349000,
        "sellingAndMarketingExpenses": 0,
        "sellingGeneralAndAdministrativeExpenses": 31349000,
        "otherExpenses": 6493000,
        "operatingExpenses": 49776000,
        "costAndExpenses": 323801000,
        "interestIncome": 0,
        "interestExpense": 38551000,
        "depreciationAndAmortization": 124667000,
        "ebitda": 295817000,
        "ebitdaratio": 0.6421841691,
        "operatingIncome": 766997000,
        "operatingIncomeRatio": 1.6650609367,
        "totalOtherIncomeExpensesNet": -7757000,
        "incomeBeforeTax": 759240000,
        "incomeBeforeTaxRatio": 1.6482213954,
        "incomeTaxExpense": 213694000,
        "netIncome": 527563000,
        "netIncomeRatio": 1.1452776777,
        "eps": 2.38,
        "epsdiluted": 2.35,
        "weightedAverageShsOut": 221930165,
        "weightedAverageShsOutDil": 224182536,
        "link": "https://www.sec.gov/Archives/edgar/data/1070412/000107041218000048/0001070412-18-000048-index.htm",
        "finalLink": "https://www.sec.gov/Archives/edgar/data/1070412/000107041218000048/cnx-33118x10q.htm"
    },
    {
        "date": "2017-12-31",
        "symbol": "CNX",
        "reportedCurrency": "USD",
        "cik": "0001070412",
        "fillingDate": "2018-02-07",
        "acceptedDate": "2018-02-07 16:59:35",
        "calendarYear": "2017",
        "period": "Q4",
        "revenue": 350529000,
        "costOfRevenue": 280124000,
        "grossProfit": 70405000,
        "grossProfitRatio": 0.200853567,
        "researchAndDevelopmentExpenses": 0,
        "generalAndAdministrativeExpenses": 28221000,
        "sellingAndMarketingExpenses": 0,
        "sellingGeneralAndAdministrativeExpenses": 28221000,
        "otherExpenses": 13978000,
        "operatingExpenses": 84824000,
        "costAndExpenses": 364948000,
        "interestIncome": 0,
        "interestExpense": 31319000,
        "depreciationAndAmortization": -2572000,
        "ebitda": -2234000,
        "ebitdaratio": -0.0063732245,
        "operatingIncome": -117650000,
        "operatingIncomeRatio": -0.335635568,
        "totalOtherIncomeExpensesNet": 206160000,
        "incomeBeforeTax": 88510000,
        "incomeBeforeTaxRatio": 0.2525040724,
        "incomeTaxExpense": -193633000,
        "netIncome": 276643000,
        "netIncomeRatio": 0.7892157282,
        "eps": 1.23,
        "epsdiluted": 1.21,
        "weightedAverageShsOut": 224913008,
        "weightedAverageShsOutDil": 228630579,
        "link": "https://www.sec.gov/Archives/edgar/data/1070412/000107041218000031/0001070412-18-000031-index.htm",
        "finalLink": "https://www.sec.gov/Archives/edgar/data/1070412/000107041218000031/cnx-123117x10k.htm"
    },
    {
        "date": "2017-09-30",
        "symbol": "CNX",
        "reportedCurrency": "USD",
        "cik": "0001070412",
        "fillingDate": "2017-10-31",
        "acceptedDate": "2017-10-31 08:02:39",
        "calendarYear": "2017",
        "period": "Q3",
        "revenue": 580387000,
        "costOfRevenue": 310154000,
        "grossProfit": 270233000,
        "grossProfitRatio": 0.4656082924,
        "researchAndDevelopmentExpenses": 0,
        "generalAndAdministrativeExpenses": 68732000,
        "sellingAndMarketingExpenses": 0,
        "sellingGeneralAndAdministrativeExpenses": 68732000,
        "otherExpenses": 12752000,
        "operatingExpenses": 316501000,
        "costAndExpenses": 626655000,
        "interestIncome": 1306000,
        "interestExpense": 41502000,
        "depreciationAndAmortization": 148769000,
        "ebitda": 84072000,
        "ebitdaratio": 0.1448550708,
        "operatingIncome": -19785000,
        "operatingIncomeRatio": -0.0340893232,
        "totalOtherIncomeExpensesNet": -11343000,
        "incomeBeforeTax": 1107000,
        "incomeBeforeTaxRatio": 0.001907348,
        "incomeTaxExpense": 26758000,
        "netIncome": -26441000,
        "netIncomeRatio": -0.0455575332,
        "eps": -0.11,
        "epsdiluted": -0.11,
        "weightedAverageShsOut": 230080797,
        "weightedAverageShsOutDil": 230080797,
        "link": "https://www.sec.gov/Archives/edgar/data/1070412/000107041217000088/0001070412-17-000088-index.htm",
        "finalLink": "https://www.sec.gov/Archives/edgar/data/1070412/000107041217000088/cnx-93017x10q.htm"
    },
    {
        "date": "2017-06-30",
        "symbol": "CNX",
        "reportedCurrency": "USD",
        "cik": "0001070412",
        "fillingDate": "2017-08-01",
        "acceptedDate": "2017-08-01 06:52:54",
        "calendarYear": "2017",
        "period": "Q2",
        "revenue": 613171000,
        "costOfRevenue": 257303000,
        "grossProfit": 355868000,
        "grossProfitRatio": 0.5803731749,
        "researchAndDevelopmentExpenses": 0,
        "generalAndAdministrativeExpenses": 64828000,
        "sellingAndMarketingExpenses": 0,
        "sellingGeneralAndAdministrativeExpenses": 64828000,
        "otherExpenses": 12243000,
        "operatingExpenses": 324365000,
        "costAndExpenses": 581668000,
        "interestIncome": 6533000,
        "interestExpense": 43432000,
        "depreciationAndAmortization": 117086000,
        "ebitda": 175417000,
        "ebitdaratio": 0.2860816966,
        "operatingIncome": 60334000,
        "operatingIncomeRatio": 0.0983966952,
        "totalOtherIncomeExpensesNet": 109366000,
        "incomeBeforeTax": 240816000,
        "incomeBeforeTaxRatio": 0.3927387303,
        "incomeTaxExpense": 66993000,
        "netIncome": 169510000,
        "netIncomeRatio": 0.2764481686,
        "eps": 0.74,
        "epsdiluted": 0.73,
        "weightedAverageShsOut": 230058422,
        "weightedAverageShsOutDil": 232198396,
        "link": "https://www.sec.gov/Archives/edgar/data/1070412/000107041217000071/0001070412-17-000071-index.htm",
        "finalLink": "https://www.sec.gov/Archives/edgar/data/1070412/000107041217000071/cnx-63017x10q.htm"
    },
    {
        "date": "2017-03-31",
        "symbol": "CNX",
        "reportedCurrency": "USD",
        "cik": "0001070412",
        "fillingDate": "2017-05-02",
        "acceptedDate": "2017-05-02 06:52:50",
        "calendarYear": "2017",
        "period": "Q1",
        "revenue": 675219000,
        "costOfRevenue": 295224000,
        "grossProfit": 379995000,
        "grossProfitRatio": 0.562772967,
        "researchAndDevelopmentExpenses": 0,
        "generalAndAdministrativeExpenses": 56499000,
        "sellingAndMarketingExpenses": 0,
        "sellingGeneralAndAdministrativeExpenses": 56499000,
        "otherExpenses": 20129000,
        "operatingExpenses": 309300000,
        "costAndExpenses": 604524000,
        "interestIncome": 1543000,
        "interestExpense": 49433000,
        "depreciationAndAmortization": 148753000,
        "ebitda": 139000,
        "ebitdaratio": 0.0002058591,
        "operatingIncome": 104697000,
        "operatingIncomeRatio": 0.1550563595,
        "totalOtherIncomeExpensesNet": -150053000,
        "incomeBeforeTax": -87291000,
        "incomeBeforeTaxRatio": -0.1292780565,
        "incomeTaxExpense": -53789000,
        "netIncome": -38966000,
        "netIncomeRatio": -0.0577086841,
        "eps": -0.17,
        "epsdiluted": -0.17,
        "weightedAverageShsOut": 229817169,
        "weightedAverageShsOutDil": 229817169,
        "link": "https://www.sec.gov/Archives/edgar/data/1070412/000107041217000032/0001070412-17-000032-index.htm",
        "finalLink": "https://www.sec.gov/Archives/edgar/data/1070412/000107041217000032/cnx-33117x10q.htm"
    },
    {
        "date": "2016-12-31",
        "symbol": "CNX",
        "reportedCurrency": "USD",
        "cik": "0001070412",
        "fillingDate": "2017-02-08",
        "acceptedDate": "2017-02-08 11:54:05",
        "calendarYear": "2016",
        "period": "Q4",
        "revenue": 597810000,
        "costOfRevenue": 307479000,
        "grossProfit": 290331000,
        "grossProfitRatio": 0.4856576504,
        "researchAndDevelopmentExpenses": 0,
        "generalAndAdministrativeExpenses": 70218000,
        "sellingAndMarketingExpenses": 0,
        "sellingGeneralAndAdministrativeExpenses": 70218000,
        "otherExpenses": 53147000,
        "operatingExpenses": 347065000,
        "costAndExpenses": 654544000,
        "interestIncome": 532000,
        "interestExpense": 46867000,
        "depreciationAndAmortization": 156583000,
        "ebitda": -102195000,
        "ebitdaratio": -0.1709489637,
        "operatingIncome": -3584000,
        "operatingIncomeRatio": -0.0059952159,
        "totalOtherIncomeExpensesNet": 78690000,
        "incomeBeforeTax": -239390000,
        "incomeBeforeTaxRatio": -0.4004449574,
        "incomeTaxExpense": 81808000,
        "netIncome": -306047000,
        "netIncomeRatio": -0.5119469397,
        "eps": -1.33,
        "epsdiluted": -1.33,
        "weightedAverageShsOut": 229441685,
        "weightedAverageShsOutDil": 230110526,
        "link": "https://www.sec.gov/Archives/edgar/data/1070412/000107041217000017/0001070412-17-000017-index.htm",
        "finalLink": "https://www.sec.gov/Archives/edgar/data/1070412/000107041217000017/cnx-123116x10k.htm"
    },
    {
        "date": "2016-09-30",
        "symbol": "CNX",
        "reportedCurrency": "USD",
        "cik": "0001070412",
        "fillingDate": "2016-11-01",
        "acceptedDate": "2016-11-01 11:16:03",
        "calendarYear": "2016",
        "period": "Q3",
        "revenue": 504300000,
        "costOfRevenue": 299469000,
        "grossProfit": 204831000,
        "grossProfitRatio": 0.4061689471,
        "researchAndDevelopmentExpenses": 0,
        "generalAndAdministrativeExpenses": 60180000,
        "sellingAndMarketingExpenses": 0,
        "sellingGeneralAndAdministrativeExpenses": 60180000,
        "otherExpenses": 12314000,
        "operatingExpenses": 283366000,
        "costAndExpenses": 582835000,
        "interestIncome": 214000,
        "interestExpense": 47317000,
        "depreciationAndAmortization": 151710000,
        "ebitda": 264000000,
        "ebitdaratio": 0.5234979179,
        "operatingIncome": -50652000,
        "operatingIncomeRatio": -0.1004402142,
        "totalOtherIncomeExpensesNet": 7580000,
        "incomeBeforeTax": 115426000,
        "incomeBeforeTaxRatio": 0.228883601,
        "incomeTaxExpense": 52858000,
        "netIncome": 25345000,
        "netIncomeRatio": 0.0502577831,
        "eps": 0.11,
        "epsdiluted": 0.11,
        "weightedAverageShsOut": 229438612,
        "weightedAverageShsOutDil": 231518585,
        "link": "https://www.sec.gov/Archives/edgar/data/1070412/000107041216000212/0001070412-16-000212-index.htm",
        "finalLink": "https://www.sec.gov/Archives/edgar/data/1070412/000107041216000212/cnx-93016x10q.htm"
    },
    {
        "date": "2016-06-30",
        "symbol": "CNX",
        "reportedCurrency": "USD",
        "cik": "0001070412",
        "fillingDate": "2016-07-29",
        "acceptedDate": "2016-07-29 10:45:06",
        "calendarYear": "2016",
        "period": "Q2",
        "revenue": 446534000,
        "costOfRevenue": 276592000,
        "grossProfit": 169942000,
        "grossProfitRatio": 0.3805802022,
        "researchAndDevelopmentExpenses": 0,
        "generalAndAdministrativeExpenses": 53005000,
        "sellingAndMarketingExpenses": 0,
        "sellingGeneralAndAdministrativeExpenses": 53005000,
        "otherExpenses": 33032000,
        "operatingExpenses": 295145000,
        "costAndExpenses": 571737000,
        "interestIncome": 547000,
        "interestExpense": 47427000,
        "depreciationAndAmortization": 135221000,
        "ebitda": -170460000,
        "ebitdaratio": -0.3817402482,
        "operatingIncome": -92171000,
        "operatingIncomeRatio": -0.2064142932,
        "totalOtherIncomeExpensesNet": -217098000,
        "incomeBeforeTax": -333364000,
        "incomeBeforeTaxRatio": -0.7465590526,
        "incomeTaxExpense": -100354000,
        "netIncome": -469828000,
        "netIncomeRatio": -1.0521662404,
        "eps": -2.06,
        "epsdiluted": -2.05,
        "weightedAverageShsOut": 228371844,
        "weightedAverageShsOutDil": 229409325,
        "link": "https://www.sec.gov/Archives/edgar/data/1070412/000107041216000196/0001070412-16-000196-index.htm",
        "finalLink": "https://www.sec.gov/Archives/edgar/data/1070412/000107041216000196/cnx-63016x10q.htm"
    },
    {
        "date": "2016-03-31",
        "symbol": "CNX",
        "reportedCurrency": "USD",
        "cik": "0001070412",
        "fillingDate": "2016-04-28",
        "acceptedDate": "2016-04-28 11:22:10",
        "calendarYear": "2016",
        "period": "Q1",
        "revenue": 462587000,
        "costOfRevenue": 311061000,
        "grossProfit": 151526000,
        "grossProfitRatio": 0.3275621667,
        "researchAndDevelopmentExpenses": 0,
        "generalAndAdministrativeExpenses": 50907000,
        "sellingAndMarketingExpenses": 0,
        "sellingGeneralAndAdministrativeExpenses": 50907000,
        "otherExpenses": 48132000,
        "operatingExpenses": 274720000,
        "costAndExpenses": 585781000,
        "interestIncome": 214000,
        "interestExpense": 49866000,
        "depreciationAndAmortization": 160067000,
        "ebitda": 85005000,
        "ebitdaratio": 0.1837600278,
        "operatingIncome": -75062000,
        "operatingIncomeRatio": -0.1622656927,
        "totalOtherIncomeExpensesNet": -67149000,
        "incomeBeforeTax": -77133000,
        "incomeBeforeTaxRatio": -0.1667426884,
        "incomeTaxExpense": -26847000,
        "netIncome": -97572000,
        "netIncomeRatio": -0.2109268094,
        "eps": -0.43,
        "epsdiluted": -0.43,
        "weightedAverageShsOut": 229259228,
        "weightedAverageShsOutDil": 229259228,
        "link": "https://www.sec.gov/Archives/edgar/data/1070412/000107041216000146/0001070412-16-000146-index.htm",
        "finalLink": "https://www.sec.gov/Archives/edgar/data/1070412/000107041216000146/cnx-33116x10q.htm"
    },
    {
        "date": "2015-12-31",
        "symbol": "CNX",
        "reportedCurrency": "USD",
        "cik": "0001070412",
        "fillingDate": "2016-02-05",
        "acceptedDate": "2016-02-05 13:31:34",
        "calendarYear": "2015",
        "period": "Q4",
        "revenue": 566589000,
        "costOfRevenue": 327994000,
        "grossProfit": 238595000,
        "grossProfitRatio": 0.4211077165,
        "researchAndDevelopmentExpenses": 0,
        "generalAndAdministrativeExpenses": 59006000,
        "sellingAndMarketingExpenses": 0,
        "sellingGeneralAndAdministrativeExpenses": 59006000,
        "otherExpenses": 33568000,
        "operatingExpenses": 225566000,
        "costAndExpenses": 553560000,
        "interestIncome": 2299000,
        "interestExpense": 49082000,
        "depreciationAndAmortization": 159170000,
        "ebitda": 205767000,
        "ebitdaratio": 0.3631680107,
        "operatingIncome": -70271000,
        "operatingIncomeRatio": -0.1240246457,
        "totalOtherIncomeExpensesNet": -10832000,
        "incomeBeforeTax": 159289000,
        "incomeBeforeTaxRatio": 0.2811367676,
        "incomeTaxExpense": 124964000,
        "netIncome": 30405000,
        "netIncomeRatio": 0.0536632374,
        "eps": 0.13,
        "epsdiluted": 0.13,
        "weightedAverageShsOut": 229052787,
        "weightedAverageShsOutDil": 233884615,
        "link": "https://www.sec.gov/Archives/edgar/data/1070412/000107041216000095/0001070412-16-000095-index.htm",
        "finalLink": "https://www.sec.gov/Archives/edgar/data/1070412/000107041216000095/cnx-123115x10k.htm"
    },
    {
        "date": "2015-09-30",
        "symbol": "CNX",
        "reportedCurrency": "USD",
        "cik": "0001070412",
        "fillingDate": "2015-11-03",
        "acceptedDate": "2015-11-03 11:32:47",
        "calendarYear": "2015",
        "period": "Q3",
        "revenue": 628037000,
        "costOfRevenue": 313833000,
        "grossProfit": 314204000,
        "grossProfitRatio": 0.5002953648,
        "researchAndDevelopmentExpenses": 0,
        "generalAndAdministrativeExpenses": 65912000,
        "sellingAndMarketingExpenses": 0,
        "sellingGeneralAndAdministrativeExpenses": 65912000,
        "otherExpenses": 38640000,
        "operatingExpenses": 267934000,
        "costAndExpenses": 581767000,
        "interestIncome": 361000,
        "interestExpense": 48558000,
        "depreciationAndAmortization": 152989000,
        "ebitda": 327776000,
        "ebitdaratio": 0.5219055565,
        "operatingIncome": 84910000,
        "operatingIncomeRatio": 0.1351990408,
        "totalOtherIncomeExpensesNet": 20960000,
        "incomeBeforeTax": 183613000,
        "incomeBeforeTaxRatio": 0.2923601635,
        "incomeTaxExpense": 58143000,
        "netIncome": 118980000,
        "netIncomeRatio": 0.189447437,
        "eps": 0.52,
        "epsdiluted": 0.52,
        "weightedAverageShsOut": 229036172,
        "weightedAverageShsOutDil": 229352127,
        "link": "https://www.sec.gov/Archives/edgar/data/1070412/000107041215000034/0001070412-15-000034-index.htm",
        "finalLink": "https://www.sec.gov/Archives/edgar/data/1070412/000107041215000034/cnx-93015x10q.htm"
    },
    {
        "date": "2015-06-30",
        "symbol": "CNX",
        "reportedCurrency": "USD",
        "cik": "0001070412",
        "fillingDate": "2015-07-31",
        "acceptedDate": "2015-07-31 11:49:50",
        "calendarYear": "2015",
        "period": "Q2",
        "revenue": 633866000,
        "costOfRevenue": 303675000,
        "grossProfit": 330191000,
        "grossProfitRatio": 0.5209160927,
        "researchAndDevelopmentExpenses": 0,
        "generalAndAdministrativeExpenses": 64119000,
        "sellingAndMarketingExpenses": 0,
        "sellingGeneralAndAdministrativeExpenses": 64119000,
        "otherExpenses": 35694000,
        "operatingExpenses": 365065000,
        "costAndExpenses": 668740000,
        "interestIncome": 364000,
        "interestExpense": 46507000,
        "depreciationAndAmortization": 154497000,
        "ebitda": -761213000,
        "ebitdaratio": -1.2009052386,
        "operatingIncome": 820000,
        "operatingIncomeRatio": 0.0012936488,
        "totalOtherIncomeExpensesNet": -820500000,
        "incomeBeforeTax": -895230000,
        "incomeBeforeTaxRatio": -1.4123332061,
        "incomeTaxExpense": -291929000,
        "netIncome": -603301000,
        "netIncomeRatio": -0.9517800292,
        "eps": -2.64,
        "epsdiluted": -2.64,
        "weightedAverageShsOut": 228928803,
        "weightedAverageShsOutDil": 228928803,
        "link": "https://www.sec.gov/Archives/edgar/data/1070412/000107041215000026/0001070412-15-000026-index.htm",
        "finalLink": "https://www.sec.gov/Archives/edgar/data/1070412/000107041215000026/cnx-63015x10q.htm"
    },
    {
        "date": "2015-03-31",
        "symbol": "CNX",
        "reportedCurrency": "USD",
        "cik": "0001070412",
        "fillingDate": "2015-05-05",
        "acceptedDate": "2015-05-05 13:29:27",
        "calendarYear": "2015",
        "period": "Q1",
        "revenue": 789357000,
        "costOfRevenue": 315111000,
        "grossProfit": 474246000,
        "grossProfitRatio": 0.6008003983,
        "researchAndDevelopmentExpenses": 0,
        "generalAndAdministrativeExpenses": 65296000,
        "sellingAndMarketingExpenses": 0,
        "sellingGeneralAndAdministrativeExpenses": 65296000,
        "otherExpenses": 38066000,
        "operatingExpenses": 398198000,
        "costAndExpenses": 713309000,
        "interestIncome": 1143000,
        "interestExpense": 55122000,
        "depreciationAndAmortization": 150594000,
        "ebitda": 292974000,
        "ebitdaratio": 0.3711552567,
        "operatingIncome": 114114000,
        "operatingIncomeRatio": 0.1445657668,
        "totalOtherIncomeExpensesNet": 1397000,
        "incomeBeforeTax": 53427000,
        "incomeBeforeTaxRatio": 0.0676842037,
        "incomeTaxExpense": -25603000,
        "netIncome": 79030000,
        "netIncomeRatio": 0.1001194643,
        "eps": 0.34,
        "epsdiluted": 0.34,
        "weightedAverageShsOut": 229734412,
        "weightedAverageShsOutDil": 230446699,
        "link": "https://www.sec.gov/Archives/edgar/data/1070412/000107041215000015/0001070412-15-000015-index.htm",
        "finalLink": "https://www.sec.gov/Archives/edgar/data/1070412/000107041215000015/cnx-33115x10q.htm"
    },
    {
        "date": "2014-12-31",
        "symbol": "CNX",
        "reportedCurrency": "USD",
        "cik": "0001070412",
        "fillingDate": "2015-02-06",
        "acceptedDate": "2015-02-06 12:09:26",
        "calendarYear": "2014",
        "period": "Q4",
        "revenue": 863391000,
        "costOfRevenue": 324944000,
        "grossProfit": 538447000,
        "grossProfitRatio": 0.6236421274,
        "researchAndDevelopmentExpenses": 0,
        "generalAndAdministrativeExpenses": 78835000,
        "sellingAndMarketingExpenses": 0,
        "sellingGeneralAndAdministrativeExpenses": 78835000,
        "otherExpenses": 41288000,
        "operatingExpenses": 477998000,
        "costAndExpenses": 802942000,
        "interestIncome": 3323000,
        "interestExpense": 53025000,
        "depreciationAndAmortization": 155520000,
        "ebitda": 257257000,
        "ebitdaratio": 0.2979611787,
        "operatingIncome": 104584000,
        "operatingIncomeRatio": 0.1211316773,
        "totalOtherIncomeExpensesNet": -224410000,
        "incomeBeforeTax": 79698000,
        "incomeBeforeTaxRatio": 0.09230812,
        "incomeTaxExpense": 6032000,
        "netIncome": 73666000,
        "netIncomeRatio": 0.085321714,
        "eps": 0.32,
        "epsdiluted": 0.32,
        "weightedAverageShsOut": 230206250,
        "weightedAverageShsOutDil": 230206250,
        "link": "https://www.sec.gov/Archives/edgar/data/1070412/000107041215000009/0001070412-15-000009-index.htm",
        "finalLink": "https://www.sec.gov/Archives/edgar/data/1070412/000107041215000009/cnx-123114x10k.htm"
    },
    {
        "date": "2014-09-30",
        "symbol": "CNX",
        "reportedCurrency": "USD",
        "cik": "0001070412",
        "fillingDate": "2014-11-04",
        "acceptedDate": "2014-11-04 12:24:24",
        "calendarYear": "2014",
        "period": "Q3",
        "revenue": 836303000,
        "costOfRevenue": 296944000,
        "grossProfit": 539359000,
        "grossProfitRatio": 0.6449325185,
        "researchAndDevelopmentExpenses": 0,
        "generalAndAdministrativeExpenses": 63972000,
        "sellingAndMarketingExpenses": 0,
        "sellingGeneralAndAdministrativeExpenses": 63972000,
        "otherExpenses": 40784000,
        "operatingExpenses": 514318000,
        "costAndExpenses": 811262000,
        "interestIncome": 527000,
        "interestExpense": 55397000,
        "depreciationAndAmortization": 148665000,
        "ebitda": 187076000,
        "ebitdaratio": 0.2236940439,
        "operatingIncome": 65825000,
        "operatingIncomeRatio": 0.0787095108,
        "totalOtherIncomeExpensesNet": -31710000,
        "incomeBeforeTax": -3033000,
        "incomeBeforeTaxRatio": -0.003626676,
        "incomeTaxExpense": -1388000,
        "netIncome": -1645000,
        "netIncomeRatio": -0.0019669904,
        "eps": -0.0071,
        "epsdiluted": -0.0071,
        "weightedAverageShsOut": 230174256,
        "weightedAverageShsOutDil": 230174256,
        "link": "https://www.sec.gov/Archives/edgar/data/1070412/000107041214000024/0001070412-14-000024-index.htm",
        "finalLink": "https://www.sec.gov/Archives/edgar/data/1070412/000107041214000024/cnx-93014x10q.htm"
    },
    {
        "date": "2014-06-30",
        "symbol": "CNX",
        "reportedCurrency": "USD",
        "cik": "0001070412",
        "fillingDate": "2014-08-01",
        "acceptedDate": "2014-08-01 11:16:21",
        "calendarYear": "2014",
        "period": "Q2",
        "revenue": 865976000,
        "costOfRevenue": 286598000,
        "grossProfit": 579378000,
        "grossProfitRatio": 0.6690462553,
        "researchAndDevelopmentExpenses": 0,
        "generalAndAdministrativeExpenses": 72726000,
        "sellingAndMarketingExpenses": 0,
        "sellingGeneralAndAdministrativeExpenses": 72726000,
        "otherExpenses": 69977000,
        "operatingExpenses": 536005000,
        "costAndExpenses": 822603000,
        "interestIncome": 676000,
        "interestExpense": 64211000,
        "depreciationAndAmortization": 137899000,
        "ebitda": 228465000,
        "ebitdaratio": 0.2638237087,
        "operatingIncome": 113350000,
        "operatingIncomeRatio": 0.130892773,
        "totalOtherIncomeExpensesNet": -99114000,
        "incomeBeforeTax": -23721000,
        "incomeBeforeTaxRatio": -0.0273922141,
        "incomeTaxExpense": 1214000,
        "netIncome": -24935000,
        "netIncomeRatio": -0.0287941005,
        "eps": -0.11,
        "epsdiluted": -0.11,
        "weightedAverageShsOut": 226683878,
        "weightedAverageShsOutDil": 230061395,
        "link": "https://www.sec.gov/Archives/edgar/data/1070412/000107041214000019/0001070412-14-000019-index.htm",
        "finalLink": "https://www.sec.gov/Archives/edgar/data/1070412/000107041214000019/cnx-63014x10q.htm"
    },
    {
        "date": "2014-03-31",
        "symbol": "CNX",
        "reportedCurrency": "USD",
        "cik": "0001070412",
        "fillingDate": "2014-05-06",
        "acceptedDate": "2014-05-06 15:36:03",
        "calendarYear": "2014",
        "period": "Q1",
        "revenue": 910430000,
        "costOfRevenue": 284857000,
        "grossProfit": 625573000,
        "grossProfitRatio": 0.6871181749,
        "researchAndDevelopmentExpenses": 0,
        "generalAndAdministrativeExpenses": 79394000,
        "sellingAndMarketingExpenses": 0,
        "sellingGeneralAndAdministrativeExpenses": 79394000,
        "otherExpenses": 55054000,
        "operatingExpenses": 503186000,
        "costAndExpenses": 788043000,
        "interestIncome": 624000,
        "interestExpense": 50931000,
        "depreciationAndAmortization": 129116000,
        "ebitda": 290420000,
        "ebitdaratio": 0.3189921246,
        "operatingIncome": 177441000,
        "operatingIncomeRatio": 0.1948980152,
        "totalOtherIncomeExpensesNet": -10938000,
        "incomeBeforeTax": 130179000,
        "incomeBeforeTaxRatio": 0.1429862812,
        "incomeTaxExpense": 8489000,
        "netIncome": 116003000,
        "netIncomeRatio": 0.1274156168,
        "eps": 0.51,
        "epsdiluted": 0.5,
        "weightedAverageShsOut": 229526033,
        "weightedAverageShsOutDil": 230867526,
        "link": "https://www.sec.gov/Archives/edgar/data/1070412/000107041214000010/0001070412-14-000010-index.htm",
        "finalLink": "https://www.sec.gov/Archives/edgar/data/1070412/000107041214000010/cnx-33114x10q.htm"
    },
    {
        "date": "2013-12-31",
        "symbol": "CNX",
        "reportedCurrency": "USD",
        "cik": "0001070412",
        "fillingDate": "2014-02-07",
        "acceptedDate": "2014-02-07 14:47:57",
        "calendarYear": "2013",
        "period": "Q4",
        "revenue": 776204000,
        "costOfRevenue": 688617000,
        "grossProfit": 87587000,
        "grossProfitRatio": 0.1128401812,
        "researchAndDevelopmentExpenses": 0,
        "generalAndAdministrativeExpenses": 24245000,
        "sellingAndMarketingExpenses": 0,
        "sellingGeneralAndAdministrativeExpenses": 24245000,
        "otherExpenses": 49027000,
        "operatingExpenses": 65735000,
        "costAndExpenses": 754352000,
        "interestIncome": 15889000,
        "interestExpense": 55004000,
        "depreciationAndAmortization": 122285000,
        "ebitda": 89992000,
        "ebitdaratio": 0.1159385935,
        "operatingIncome": 120658000,
        "operatingIncomeRatio": 0.1554462487,
        "totalOtherIncomeExpensesNet": -14862000,
        "incomeBeforeTax": 15875000,
        "incomeBeforeTaxRatio": 0.0204520976,
        "incomeTaxExpense": -130720000,
        "netIncome": 738183000,
        "netIncomeRatio": 0.951016743,
        "eps": 3.22,
        "epsdiluted": 3.2,
        "weightedAverageShsOut": 228989629,
        "weightedAverageShsOutDil": 230696324,
        "link": "https://www.sec.gov/Archives/edgar/data/1070412/000107041214000005/0001070412-14-000005-index.htm",
        "finalLink": "https://www.sec.gov/Archives/edgar/data/1070412/000107041214000005/cnx-123113x10k.htm"
    },
    {
        "date": "2013-09-30",
        "symbol": "CNX",
        "reportedCurrency": "USD",
        "cik": "0001070412",
        "fillingDate": "2013-11-01",
        "acceptedDate": "2013-11-01 11:18:35",
        "calendarYear": "2013",
        "period": "Q3",
        "revenue": 1188791000,
        "costOfRevenue": 1045608000,
        "grossProfit": 143183000,
        "grossProfitRatio": 0.120444216,
        "researchAndDevelopmentExpenses": 0,
        "generalAndAdministrativeExpenses": 33472000,
        "sellingAndMarketingExpenses": 0,
        "sellingGeneralAndAdministrativeExpenses": 33472000,
        "otherExpenses": 42627000,
        "operatingExpenses": 118935000,
        "costAndExpenses": 1164543000,
        "interestIncome": 4300000,
        "interestExpense": 56301000,
        "depreciationAndAmortization": 170405000,
        "ebitda": 138099000,
        "ebitdaratio": 0.1161676022,
        "operatingIncome": 66875000,
        "operatingIncomeRatio": 0.0562546318,
        "totalOtherIncomeExpensesNet": -16381000,
        "incomeBeforeTax": 10574000,
        "incomeBeforeTaxRatio": 0.0088947511,
        "incomeTaxExpense": 74623000,
        "netIncome": -63651000,
        "netIncomeRatio": -0.0535426328,
        "eps": -0.28,
        "epsdiluted": -0.28,
        "weightedAverageShsOut": 228876336,
        "weightedAverageShsOutDil": 228876336,
        "link": "https://www.sec.gov/Archives/edgar/data/1070412/000107041213000032/0001070412-13-000032-index.htm",
        "finalLink": "https://www.sec.gov/Archives/edgar/data/1070412/000107041213000032/cnx-93013x10q.htm"
    },
    {
        "date": "2013-06-30",
        "symbol": "CNX",
        "reportedCurrency": "USD",
        "cik": "0001070412",
        "fillingDate": "2013-08-05",
        "acceptedDate": "2013-08-05 11:09:43",
        "calendarYear": "2013",
        "period": "Q2",
        "revenue": 1154335000,
        "costOfRevenue": 1039905000,
        "grossProfit": 114430000,
        "grossProfitRatio": 0.0991306683,
        "researchAndDevelopmentExpenses": 0,
        "generalAndAdministrativeExpenses": 37123000,
        "sellingAndMarketingExpenses": 0,
        "sellingGeneralAndAdministrativeExpenses": 37123000,
        "otherExpenses": 62345000,
        "operatingExpenses": 120448000,
        "costAndExpenses": 1160353000,
        "interestIncome": 4478000,
        "interestExpense": 54518000,
        "depreciationAndAmortization": 159565000,
        "ebitda": 202173000,
        "ebitdaratio": 0.175142398,
        "operatingIncome": 56327000,
        "operatingIncomeRatio": 0.0487960601,
        "totalOtherIncomeExpensesNet": 3309000,
        "incomeBeforeTax": 1809000,
        "incomeBeforeTaxRatio": 0.0015671361,
        "incomeTaxExpense": 14622000,
        "netIncome": -12526000,
        "netIncomeRatio": -0.0108512693,
        "eps": -0.0548,
        "epsdiluted": -0.0548,
        "weightedAverageShsOut": 228721980,
        "weightedAverageShsOutDil": 228721980,
        "link": "https://www.sec.gov/Archives/edgar/data/1070412/000107041213000027/0001070412-13-000027-index.htm",
        "finalLink": "https://www.sec.gov/Archives/edgar/data/1070412/000107041213000027/cnx-63013x10q.htm"
    },
    {
        "date": "2013-03-31",
        "symbol": "CNX",
        "reportedCurrency": "USD",
        "cik": "0001070412",
        "fillingDate": "2013-05-07",
        "acceptedDate": "2013-05-07 15:21:25",
        "calendarYear": "2013",
        "period": "Q1",
        "revenue": 1255788000,
        "costOfRevenue": 1121104000,
        "grossProfit": 134684000,
        "grossProfitRatio": 0.1072505869,
        "researchAndDevelopmentExpenses": 0,
        "generalAndAdministrativeExpenses": 33670000,
        "sellingAndMarketingExpenses": 0,
        "sellingGeneralAndAdministrativeExpenses": 33670000,
        "otherExpenses": 33852000,
        "operatingExpenses": 116457000,
        "costAndExpenses": 1237561000,
        "interestIncome": 0,
        "interestExpense": 53378000,
        "depreciationAndAmortization": 161818000,
        "ebitda": 160339000,
        "ebitdaratio": 0.1276799906,
        "operatingIncome": 52079000,
        "operatingIncomeRatio": 0.0414711719,
        "totalOtherIncomeExpensesNet": -22684000,
        "incomeBeforeTax": -1299000,
        "incomeBeforeTaxRatio": -0.0010344103,
        "incomeTaxExpense": 522000,
        "netIncome": -1564000,
        "netIncomeRatio": -0.0012454331,
        "eps": -0.0069,
        "epsdiluted": -0.0069,
        "weightedAverageShsOut": 228318123,
        "weightedAverageShsOutDil": 228318123,
        "link": "https://www.sec.gov/Archives/edgar/data/1070412/000107041213000021/0001070412-13-000021-index.htm",
        "finalLink": "https://www.sec.gov/Archives/edgar/data/1070412/000107041213000021/cnx-33113x10q.htm"
    },
    {
        "date": "2012-12-31",
        "symbol": "CNX",
        "reportedCurrency": "USD",
        "cik": "0001070412",
        "fillingDate": "2013-02-07",
        "acceptedDate": "2013-02-07 13:32:15",
        "calendarYear": "2012",
        "period": "Q4",
        "revenue": 1272453000,
        "costOfRevenue": 1020505000,
        "grossProfit": 251948000,
        "grossProfitRatio": 0.1980018122,
        "researchAndDevelopmentExpenses": 0,
        "generalAndAdministrativeExpenses": 38659000,
        "sellingAndMarketingExpenses": 0,
        "sellingGeneralAndAdministrativeExpenses": 38659000,
        "otherExpenses": 116508000,
        "operatingExpenses": 118771000,
        "costAndExpenses": 1139276000,
        "interestIncome": 28937000,
        "interestExpense": 51272000,
        "depreciationAndAmortization": 160572000,
        "ebitda": 410257000,
        "ebitdaratio": 0.322414266,
        "operatingIncome": -32550000,
        "operatingIncomeRatio": -0.0255805126,
        "totalOtherIncomeExpensesNet": 358432000,
        "incomeBeforeTax": 198413000,
        "incomeBeforeTaxRatio": 0.1559295314,
        "incomeTaxExpense": 48773000,
        "netIncome": 149903000,
        "netIncomeRatio": 0.1178063158,
        "eps": 0.66,
        "epsdiluted": 0.65,
        "weightedAverageShsOut": 227898021,
        "weightedAverageShsOutDil": 229934465,
        "link": "https://www.sec.gov/Archives/edgar/data/1070412/000107041213000011/0001070412-13-000011-index.htm",
        "finalLink": "https://www.sec.gov/Archives/edgar/data/1070412/000107041213000011/cnx-123112x10k.htm"
    },
    {
        "date": "2012-09-30",
        "symbol": "CNX",
        "reportedCurrency": "USD",
        "cik": "0001070412",
        "fillingDate": "2012-11-01",
        "acceptedDate": "2012-11-01 10:39:50",
        "calendarYear": "2012",
        "period": "Q3",
        "revenue": 1160089000,
        "costOfRevenue": 838810000,
        "grossProfit": 321279000,
        "grossProfitRatio": 0.2769434069,
        "researchAndDevelopmentExpenses": 0,
        "generalAndAdministrativeExpenses": 0,
        "sellingAndMarketingExpenses": 0,
        "sellingGeneralAndAdministrativeExpenses": 64111000,
        "otherExpenses": 234464000,
        "operatingExpenses": 298575000,
        "costAndExpenses": 1137385000,
        "interestIncome": 0,
        "interestExpense": 54075000,
        "depreciationAndAmortization": 154064000,
        "ebitda": 176768000,
        "ebitdaratio": 0.1523745161,
        "operatingIncome": 22704000,
        "operatingIncomeRatio": 0.0195709122,
        "totalOtherIncomeExpensesNet": -54075000,
        "incomeBeforeTax": -31371000,
        "incomeBeforeTaxRatio": -0.0270418908,
        "incomeTaxExpense": -19898000,
        "netIncome": -11368000,
        "netIncomeRatio": -0.0097992482,
        "eps": -0.05,
        "epsdiluted": -0.0499,
        "weightedAverageShsOut": 227360000,
        "weightedAverageShsOutDil": 227654395,
        "link": "https://www.sec.gov/Archives/edgar/data/1070412/000107041212000035/0001070412-12-000035-index.htm",
        "finalLink": "https://www.sec.gov/Archives/edgar/data/1070412/000107041212000035/cnx-93012x10q.htm"
    },
    {
        "date": "2012-06-30",
        "symbol": "CNX",
        "reportedCurrency": "USD",
        "cik": "0001070412",
        "fillingDate": "2012-08-01",
        "acceptedDate": "2012-08-01 10:48:40",
        "calendarYear": "2012",
        "period": "Q2",
        "revenue": 1454487000,
        "costOfRevenue": 914354000,
        "grossProfit": 540133000,
        "grossProfitRatio": 0.3713563614,
        "researchAndDevelopmentExpenses": 0,
        "generalAndAdministrativeExpenses": 0,
        "sellingAndMarketingExpenses": 0,
        "sellingGeneralAndAdministrativeExpenses": 33732000,
        "otherExpenses": 238153000,
        "operatingExpenses": 271885000,
        "costAndExpenses": 1186239000,
        "interestIncome": 0,
        "interestExpense": 56593000,
        "depreciationAndAmortization": 155569000,
        "ebitda": 1125137000,
        "ebitdaratio": 0.7735627751,
        "operatingIncome": 268248000,
        "operatingIncomeRatio": 0.1844279117,
        "totalOtherIncomeExpensesNet": -56593000,
        "incomeBeforeTax": 211655000,
        "incomeBeforeTaxRatio": 0.1455186605,
        "incomeTaxExpense": 58945000,
        "netIncome": 152739000,
        "netIncomeRatio": 0.1050122827,
        "eps": 0.67,
        "epsdiluted": 0.67,
        "weightedAverageShsOut": 227548394,
        "weightedAverageShsOutDil": 229252185,
        "link": "https://www.sec.gov/Archives/edgar/data/1070412/000107041212000026/0001070412-12-000026-index.htm",
        "finalLink": "https://www.sec.gov/Archives/edgar/data/1070412/000107041212000026/cnx-63012x10q.htm"
    },
    {
        "date": "2012-03-31",
        "symbol": "CNX",
        "reportedCurrency": "USD",
        "cik": "0001070412",
        "fillingDate": "2012-04-30",
        "acceptedDate": "2012-04-30 14:33:22",
        "calendarYear": "2012",
        "period": "Q1",
        "revenue": 1426770000,
        "costOfRevenue": 914807000,
        "grossProfit": 511963000,
        "grossProfitRatio": 0.3588265803,
        "researchAndDevelopmentExpenses": 0,
        "generalAndAdministrativeExpenses": 38999000,
        "sellingAndMarketingExpenses": 49293000,
        "sellingGeneralAndAdministrativeExpenses": 88292000,
        "otherExpenses": 246974000,
        "operatingExpenses": 335266000,
        "costAndExpenses": 1250073000,
        "interestIncome": 0,
        "interestExpense": 58120000,
        "depreciationAndAmortization": 157233000,
        "ebitda": 1080738000,
        "ebitdaratio": 0.7574717719,
        "operatingIncome": 176697000,
        "operatingIncomeRatio": 0.1238440674,
        "totalOtherIncomeExpensesNet": -5159000,
        "incomeBeforeTax": 118577000,
        "incomeBeforeTaxRatio": 0.0831087001,
        "incomeTaxExpense": 21381000,
        "netIncome": 97196000,
        "netIncomeRatio": 0.0681231032,
        "eps": 0.43,
        "epsdiluted": 0.42,
        "weightedAverageShsOut": 227269269,
        "weightedAverageShsOutDil": 230124011,
        "link": "https://www.sec.gov/Archives/edgar/data/1070412/000107041212000015/0001070412-12-000015-index.htm",
        "finalLink": "https://www.sec.gov/Archives/edgar/data/1070412/000107041212000015/cnx-33112x10q.htm"
    },
    {
        "date": "2011-12-31",
        "symbol": "CNX",
        "reportedCurrency": "USD",
        "cik": "0001070412",
        "fillingDate": "2012-02-10",
        "acceptedDate": "2012-02-10 11:57:03",
        "calendarYear": "2011",
        "period": "Q4",
        "revenue": 1542208000,
        "costOfRevenue": 969768000,
        "grossProfit": 572440000,
        "grossProfitRatio": 0.3711820974,
        "researchAndDevelopmentExpenses": 0,
        "generalAndAdministrativeExpenses": 59565000,
        "sellingAndMarketingExpenses": -59572000,
        "sellingGeneralAndAdministrativeExpenses": 45265000,
        "otherExpenses": 215034000,
        "operatingExpenses": 260299000,
        "costAndExpenses": 1230067000,
        "interestIncome": 0,
        "interestExpense": 58381000,
        "depreciationAndAmortization": 155244000,
        "ebitda": 443687000,
        "ebitdaratio": 0.2876959528,
        "operatingIncome": 312141000,
        "operatingIncomeRatio": 0.2023987685,
        "totalOtherIncomeExpensesNet": -74471000,
        "incomeBeforeTax": 237670000,
        "incomeBeforeTaxRatio": 0.1541102108,
        "incomeTaxExpense": 42035000,
        "netIncome": 195635000,
        "netIncomeRatio": 0.1268538355,
        "eps": 0.86,
        "epsdiluted": 0.86,
        "weightedAverageShsOut": 226974798,
        "weightedAverageShsOutDil": 227269269,
        "link": "https://www.sec.gov/Archives/edgar/data/1070412/000107041212000008/0001070412-12-000008-index.htm",
        "finalLink": "https://www.sec.gov/Archives/edgar/data/1070412/000107041212000008/cnx-123111x10k.htm"
    },
    {
        "date": "2011-09-30",
        "symbol": "CNX",
        "reportedCurrency": "USD",
        "cik": "0001070412",
        "fillingDate": "2011-10-31",
        "acceptedDate": "2011-10-31 11:54:53",
        "calendarYear": "2011",
        "period": "Q3",
        "revenue": 1521729000,
        "costOfRevenue": 954946000,
        "grossProfit": 566783000,
        "grossProfitRatio": 0.3724598795,
        "researchAndDevelopmentExpenses": 0,
        "generalAndAdministrativeExpenses": 0,
        "sellingAndMarketingExpenses": 0,
        "sellingGeneralAndAdministrativeExpenses": 61599000,
        "otherExpenses": 245540000,
        "operatingExpenses": 307139000,
        "costAndExpenses": 1262085000,
        "interestIncome": 0,
        "interestExpense": 58884000,
        "depreciationAndAmortization": 163899000,
        "ebitda": 1138574000,
        "ebitdaratio": 0.7482107524,
        "operatingIncome": 259644000,
        "operatingIncomeRatio": 0.1706243359,
        "totalOtherIncomeExpensesNet": -59222000,
        "incomeBeforeTax": 200422000,
        "incomeBeforeTaxRatio": 0.1317067625,
        "incomeTaxExpense": 33093000,
        "netIncome": 167329000,
        "netIncomeRatio": 0.1099597892,
        "eps": 0.74,
        "epsdiluted": 0.73,
        "weightedAverageShsOut": 226744011,
        "weightedAverageShsOutDil": 229163537,
        "link": "https://www.sec.gov/Archives/edgar/data/1070412/000107041211000026/0001070412-11-000026-index.htm",
        "finalLink": "https://www.sec.gov/Archives/edgar/data/1070412/000107041211000026/cnx-93011x10q.htm"
    },
    {
        "date": "2011-06-30",
        "symbol": "CNX",
        "reportedCurrency": "USD",
        "cik": "0001070412",
        "fillingDate": "2011-08-04",
        "acceptedDate": "2011-08-04 11:32:56",
        "calendarYear": "2011",
        "period": "Q2",
        "revenue": 1587928000,
        "costOfRevenue": 1003113000,
        "grossProfit": 584815000,
        "grossProfitRatio": 0.3682881088,
        "researchAndDevelopmentExpenses": 0,
        "generalAndAdministrativeExpenses": 59565000,
        "sellingAndMarketingExpenses": 59572000,
        "sellingGeneralAndAdministrativeExpenses": 43423000,
        "otherExpenses": 246442000,
        "operatingExpenses": 421434000,
        "costAndExpenses": 1424547000,
        "interestIncome": 0,
        "interestExpense": 64597000,
        "depreciationAndAmortization": 155332000,
        "ebitda": 1090780000,
        "ebitdaratio": 0.6869203138,
        "operatingIncome": 294950000,
        "operatingIncomeRatio": 0.1857451975,
        "totalOtherIncomeExpensesNet": -180076000,
        "incomeBeforeTax": 98784000,
        "incomeBeforeTaxRatio": 0.0622093697,
        "incomeTaxExpense": 21400000,
        "netIncome": 77384000,
        "netIncomeRatio": 0.0487326881,
        "eps": 0.34,
        "epsdiluted": 0.34,
        "weightedAverageShsOut": 226647752,
        "weightedAverageShsOutDil": 229138024,
        "link": "https://www.sec.gov/Archives/edgar/data/1070412/000107041211000016/0001070412-11-000016-index.htm",
        "finalLink": "https://www.sec.gov/Archives/edgar/data/1070412/000107041211000016/cnx-63011x10q.htm"
    },
    {
        "date": "2011-03-31",
        "symbol": "CNX",
        "reportedCurrency": "USD",
        "cik": "0001070412",
        "fillingDate": "2011-05-03",
        "acceptedDate": "2011-05-03 16:44:58",
        "calendarYear": "2011",
        "period": "Q1",
        "revenue": 1465377000,
        "costOfRevenue": 867871000,
        "grossProfit": 597506000,
        "grossProfitRatio": 0.4077489957,
        "researchAndDevelopmentExpenses": 0,
        "generalAndAdministrativeExpenses": 0,
        "sellingAndMarketingExpenses": 0,
        "sellingGeneralAndAdministrativeExpenses": 40196000,
        "otherExpenses": 239751000,
        "operatingExpenses": 279947000,
        "costAndExpenses": 1147818000,
        "interestIncome": 0,
        "interestExpense": 66482000,
        "depreciationAndAmortization": 151530000,
        "ebitda": 1131268000,
        "ebitdaratio": 0.7719979227,
        "operatingIncome": 317559000,
        "operatingIncomeRatio": 0.2167080553,
        "totalOtherIncomeExpensesNet": -66482000,
        "incomeBeforeTax": 251077000,
        "incomeBeforeTaxRatio": 0.1713395256,
        "incomeTaxExpense": 58928000,
        "netIncome": 192149000,
        "netIncomeRatio": 0.1311259833,
        "eps": 0.85,
        "epsdiluted": 0.84,
        "weightedAverageShsOut": 226350594,
        "weightedAverageShsOutDil": 228814838,
        "link": "https://www.sec.gov/Archives/edgar/data/1070412/000107041211000008/0001070412-11-000008-index.htm",
        "finalLink": "https://www.sec.gov/Archives/edgar/data/1070412/000107041211000008/cnx-33111x10q.htm"
    },
    {
        "date": "2010-12-31",
        "symbol": "CNX",
        "reportedCurrency": "USD",
        "cik": "0001070412",
        "fillingDate": "2011-02-10",
        "acceptedDate": "2011-02-10 14:11:18",
        "calendarYear": "2010",
        "period": "Q4",
        "revenue": 1357321000,
        "costOfRevenue": 871273000,
        "grossProfit": 486048000,
        "grossProfitRatio": 0.3580936271,
        "researchAndDevelopmentExpenses": 0,
        "generalAndAdministrativeExpenses": 0,
        "sellingAndMarketingExpenses": 0,
        "sellingGeneralAndAdministrativeExpenses": 42313000,
        "otherExpenses": 238911000,
        "operatingExpenses": 281224000,
        "costAndExpenses": 1152497000,
        "interestIncome": 0,
        "interestExpense": 65419000,
        "depreciationAndAmortization": 154554000,
        "ebitda": 358430000,
        "ebitdaratio": 0.2640716529,
        "operatingIncome": 204824000,
        "operatingIncomeRatio": 0.1509031393,
        "totalOtherIncomeExpensesNet": -66367000,
        "incomeBeforeTax": 138457000,
        "incomeBeforeTaxRatio": 0.1020075575,
        "incomeTaxExpense": 33996000,
        "netIncome": 104461000,
        "netIncomeRatio": 0.076961161,
        "eps": 0.46,
        "epsdiluted": 0.46,
        "weightedAverageShsOut": 225974565,
        "weightedAverageShsOutDil": 226350594,
        "link": "https://www.sec.gov/Archives/edgar/data/1070412/000119312511030435/0001193125-11-030435-index.htm",
        "finalLink": "https://www.sec.gov/Archives/edgar/data/1070412/000119312511030435/d10k.htm"
    },
    {
        "date": "2010-09-30",
        "symbol": "CNX",
        "reportedCurrency": "USD",
        "cik": "0001070412",
        "fillingDate": "2010-11-01",
        "acceptedDate": "2010-11-01 11:47:29",
        "calendarYear": "2010",
        "period": "Q3",
        "revenue": 1349293000,
        "costOfRevenue": 907829000,
        "grossProfit": 441464000,
        "grossProfitRatio": 0.3271817166,
        "researchAndDevelopmentExpenses": 0,
        "generalAndAdministrativeExpenses": 0,
        "sellingAndMarketingExpenses": 0,
        "sellingGeneralAndAdministrativeExpenses": 38722000,
        "otherExpenses": 244835000,
        "operatingExpenses": 283557000,
        "costAndExpenses": 1191386000,
        "interestIncome": 0,
        "interestExpense": 66430000,
        "depreciationAndAmortization": 161429000,
        "ebitda": 1008389000,
        "ebitdaratio": 0.7473462028,
        "operatingIncome": 157998000,
        "operatingIncomeRatio": 0.1170968796,
        "totalOtherIncomeExpensesNet": -66430000,
        "incomeBeforeTax": 91140000,
        "incomeBeforeTaxRatio": 0.0675464855,
        "incomeTaxExpense": 15757000,
        "netIncome": 75383000,
        "netIncomeRatio": 0.0558685178,
        "eps": 0.33,
        "epsdiluted": 0.33,
        "weightedAverageShsOut": 225781539,
        "weightedAverageShsOutDil": 228092299,
        "link": "https://www.sec.gov/Archives/edgar/data/1070412/000119312510242202/0001193125-10-242202-index.htm",
        "finalLink": "https://www.sec.gov/Archives/edgar/data/1070412/000119312510242202/d10q.htm"
    },
    {
        "date": "2010-06-30",
        "symbol": "CNX",
        "reportedCurrency": "USD",
        "cik": "0001070412",
        "fillingDate": "2010-08-02",
        "acceptedDate": "2010-08-02 17:17:12",
        "calendarYear": "2010",
        "period": "Q2",
        "revenue": 1289347000,
        "costOfRevenue": 859713000,
        "grossProfit": 429634000,
        "grossProfitRatio": 0.333218288,
        "researchAndDevelopmentExpenses": 0,
        "generalAndAdministrativeExpenses": 0,
        "sellingAndMarketingExpenses": 0,
        "sellingGeneralAndAdministrativeExpenses": 39045000,
        "otherExpenses": 211888000,
        "operatingExpenses": 250933000,
        "costAndExpenses": 1110646000,
        "interestIncome": 0,
        "interestExpense": 65038000,
        "depreciationAndAmortization": 132764000,
        "ebitda": 979957000,
        "ebitdaratio": 0.7600413232,
        "operatingIncome": 178701000,
        "operatingIncomeRatio": 0.1385980655,
        "totalOtherIncomeExpensesNet": -82553000,
        "incomeBeforeTax": 96148000,
        "incomeBeforeTaxRatio": 0.0745710813,
        "incomeTaxExpense": 25248000,
        "netIncome": 66668000,
        "netIncomeRatio": 0.0517067942,
        "eps": 0.3,
        "epsdiluted": 0.29,
        "weightedAverageShsOut": 225715539,
        "weightedAverageShsOutDil": 228081103,
        "link": "https://www.sec.gov/Archives/edgar/data/1070412/000119312510173799/0001193125-10-173799-index.htm",
        "finalLink": "https://www.sec.gov/Archives/edgar/data/1070412/000119312510173799/d10q.htm"
    },
    {
        "date": "2010-03-31",
        "symbol": "CNX",
        "reportedCurrency": "USD",
        "cik": "0001070412",
        "fillingDate": "2010-05-04",
        "acceptedDate": "2010-05-04 10:36:33",
        "calendarYear": "2010",
        "period": "Q1",
        "revenue": 1240060000,
        "costOfRevenue": 812567000,
        "grossProfit": 427493000,
        "grossProfitRatio": 0.3447357386,
        "researchAndDevelopmentExpenses": 0,
        "generalAndAdministrativeExpenses": 0,
        "sellingAndMarketingExpenses": 0,
        "sellingGeneralAndAdministrativeExpenses": 30130000,
        "otherExpenses": 200487000,
        "operatingExpenses": 230617000,
        "costAndExpenses": 1043184000,
        "interestIncome": 0,
        "interestExpense": 8145000,
        "depreciationAndAmortization": 119186000,
        "ebitda": 917175000,
        "ebitdaratio": 0.7396214699,
        "operatingIncome": 196876000,
        "operatingIncomeRatio": 0.1587632856,
        "totalOtherIncomeExpensesNet": -54708000,
        "incomeBeforeTax": 142168000,
        "incomeBeforeTaxRatio": 0.1146460655,
        "incomeTaxExpense": 34286000,
        "netIncome": 100269000,
        "netIncomeRatio": 0.0808581843,
        "eps": 0.55,
        "epsdiluted": 0.54,
        "weightedAverageShsOut": 181726480,
        "weightedAverageShsOutDil": 184348982,
        "link": "https://www.sec.gov/Archives/edgar/data/1070412/000119312510105758/0001193125-10-105758-index.htm",
        "finalLink": "https://www.sec.gov/Archives/edgar/data/1070412/000119312510105758/d10q.htm"
    },
    {
        "date": "2009-12-31",
        "symbol": "CNX",
        "reportedCurrency": "USD",
        "cik": "0001070412",
        "fillingDate": "2010-02-09",
        "acceptedDate": "2010-02-09 12:57:02",
        "calendarYear": "2009",
        "period": "Q4",
        "revenue": 1238042000,
        "costOfRevenue": 806569000,
        "grossProfit": 431473000,
        "grossProfitRatio": 0.3485124091,
        "researchAndDevelopmentExpenses": 0,
        "generalAndAdministrativeExpenses": 0,
        "sellingAndMarketingExpenses": 0,
        "sellingGeneralAndAdministrativeExpenses": 32620000,
        "otherExpenses": 188514000,
        "operatingExpenses": 221134000,
        "costAndExpenses": 1027703000,
        "interestIncome": 0,
        "interestExpense": 8460000,
        "depreciationAndAmortization": 114284000,
        "ebitda": 324623000,
        "ebitdaratio": 0.2622067749,
        "operatingIncome": 210339000,
        "operatingIncomeRatio": 0.1698964979,
        "totalOtherIncomeExpensesNet": -8460000,
        "incomeBeforeTax": 201879000,
        "incomeBeforeTaxRatio": 0.1630631271,
        "incomeTaxExpense": 51833000,
        "netIncome": 143189000,
        "netIncomeRatio": 0.1156576271,
        "eps": 0.79,
        "epsdiluted": 0.79,
        "weightedAverageShsOut": 180825168,
        "weightedAverageShsOutDil": 181726480,
        "link": "https://www.sec.gov/Archives/edgar/data/1070412/000119312510025522/0001193125-10-025522-index.htm",
        "finalLink": "https://www.sec.gov/Archives/edgar/data/1070412/000119312510025522/d10k.htm"
    },
    {
        "date": "2009-09-30",
        "symbol": "CNX",
        "reportedCurrency": "USD",
        "cik": "0001070412",
        "fillingDate": "2009-10-28",
        "acceptedDate": "2009-10-28 08:22:20",
        "calendarYear": "2009",
        "period": "Q3",
        "revenue": 1094517000,
        "costOfRevenue": 750757000,
        "grossProfit": 343760000,
        "grossProfitRatio": 0.3140746101,
        "researchAndDevelopmentExpenses": 0,
        "generalAndAdministrativeExpenses": 0,
        "sellingAndMarketingExpenses": 0,
        "sellingGeneralAndAdministrativeExpenses": 31642000,
        "otherExpenses": 176111000,
        "operatingExpenses": 207753000,
        "costAndExpenses": 958510000,
        "interestIncome": 0,
        "interestExpense": 7502000,
        "depreciationAndAmortization": 111011000,
        "ebitda": 843263000,
        "ebitdaratio": 0.7704430356,
        "operatingIncome": 136007000,
        "operatingIncomeRatio": 0.1242621174,
        "totalOtherIncomeExpensesNet": -7502000,
        "incomeBeforeTax": 128505000,
        "incomeBeforeTaxRatio": 0.1174079525,
        "incomeTaxExpense": 35219000,
        "netIncome": 87370000,
        "netIncomeRatio": 0.0798251649,
        "eps": 0.48,
        "epsdiluted": 0.48,
        "weightedAverageShsOut": 180725194,
        "weightedAverageShsOutDil": 183191667,
        "link": "https://www.sec.gov/Archives/edgar/data/1070412/000119312509215595/0001193125-09-215595-index.htm",
        "finalLink": "https://www.sec.gov/Archives/edgar/data/1070412/000119312509215595/d10q.htm"
    },
    {
        "date": "2009-06-30",
        "symbol": "CNX",
        "reportedCurrency": "USD",
        "cik": "0001070412",
        "fillingDate": "2009-08-03",
        "acceptedDate": "2009-08-03 11:27:26",
        "calendarYear": "2009",
        "period": "Q2",
        "revenue": 1070565000,
        "costOfRevenue": 676791000,
        "grossProfit": 393774000,
        "grossProfitRatio": 0.367818862,
        "researchAndDevelopmentExpenses": 0,
        "generalAndAdministrativeExpenses": 0,
        "sellingAndMarketingExpenses": 0,
        "sellingGeneralAndAdministrativeExpenses": 35627000,
        "otherExpenses": 177947000,
        "operatingExpenses": 213574000,
        "costAndExpenses": 890365000,
        "interestIncome": 0,
        "interestExpense": 6945000,
        "depreciationAndAmortization": 107475000,
        "ebitda": 823056000,
        "ebitdaratio": 0.768805257,
        "operatingIncome": 180200000,
        "operatingIncomeRatio": 0.1683223345,
        "totalOtherIncomeExpensesNet": -6945000,
        "incomeBeforeTax": 173255000,
        "incomeBeforeTaxRatio": 0.1618351058,
        "incomeTaxExpense": 54416000,
        "netIncome": 113339000,
        "netIncomeRatio": 0.1058683966,
        "eps": 0.63,
        "epsdiluted": 0.62,
        "weightedAverageShsOut": 180644498,
        "weightedAverageShsOutDil": 183073413,
        "link": "https://www.sec.gov/Archives/edgar/data/1070412/000119312509161835/0001193125-09-161835-index.htm",
        "finalLink": "https://www.sec.gov/Archives/edgar/data/1070412/000119312509161835/d10q.htm"
    },
    {
        "date": "2009-03-31",
        "symbol": "CNX",
        "reportedCurrency": "USD",
        "cik": "0001070412",
        "fillingDate": "2009-04-27",
        "acceptedDate": "2009-04-27 17:11:54",
        "calendarYear": "2009",
        "period": "Q1",
        "revenue": 1195257000,
        "costOfRevenue": 711011000,
        "grossProfit": 484246000,
        "grossProfitRatio": 0.4051396478,
        "researchAndDevelopmentExpenses": 0,
        "generalAndAdministrativeExpenses": 0,
        "sellingAndMarketingExpenses": 0,
        "sellingGeneralAndAdministrativeExpenses": 30816000,
        "otherExpenses": 183706000,
        "operatingExpenses": 214522000,
        "costAndExpenses": 925533000,
        "interestIncome": 0,
        "interestExpense": 8512000,
        "depreciationAndAmortization": 107890000,
        "ebitda": 961192000,
        "ebitdaratio": 0.8041718225,
        "operatingIncome": 269724000,
        "operatingIncomeRatio": 0.2256619288,
        "totalOtherIncomeExpensesNet": -8512000,
        "incomeBeforeTax": 284706000,
        "incomeBeforeTaxRatio": 0.2381964716,
        "incomeTaxExpense": 79735000,
        "netIncome": 195819000,
        "netIncomeRatio": 0.1638300382,
        "eps": 1.08,
        "epsdiluted": 1.08,
        "weightedAverageShsOut": 180576479,
        "weightedAverageShsOutDil": 182150090,
        "link": "https://www.sec.gov/Archives/edgar/data/1070412/000119312509088639/0001193125-09-088639-index.htm",
        "finalLink": "https://www.sec.gov/Archives/edgar/data/1070412/000119312509088639/d10q.htm"
    },
    {
        "date": "2008-12-31",
        "symbol": "CNX",
        "reportedCurrency": "USD",
        "cik": "0001070412",
        "fillingDate": "2009-02-17",
        "acceptedDate": "2009-02-17 11:17:33",
        "calendarYear": "2008",
        "period": "Q4",
        "revenue": 1198274000,
        "costOfRevenue": 790052000,
        "grossProfit": 408222000,
        "grossProfitRatio": 0.3406750042,
        "researchAndDevelopmentExpenses": 0,
        "generalAndAdministrativeExpenses": 0,
        "sellingAndMarketingExpenses": 0,
        "sellingGeneralAndAdministrativeExpenses": 32023000,
        "otherExpenses": 124432000,
        "operatingExpenses": 156455000,
        "costAndExpenses": 946507000,
        "interestIncome": 0,
        "interestExpense": 95580000,
        "depreciationAndAmortization": 109701000,
        "ebitda": 527610000,
        "ebitdaratio": 0.4403083101,
        "operatingIncome": 373471000,
        "operatingIncomeRatio": 0.3116741246,
        "totalOtherIncomeExpensesNet": 36026000,
        "incomeBeforeTax": 287793000,
        "incomeBeforeTaxRatio": 0.2401729488,
        "incomeTaxExpense": 101569000,
        "netIncome": 176322000,
        "netIncomeRatio": 0.1471466459,
        "eps": 0.98,
        "epsdiluted": 0.98,
        "weightedAverageShsOut": 180576479,
        "weightedAverageShsOutDil": 180576479,
        "link": "https://www.sec.gov/Archives/edgar/data/1070412/000119312509030578/0001193125-09-030578-index.htm",
        "finalLink": "https://www.sec.gov/Archives/edgar/data/1070412/000119312509030578/d10k.htm"
    },
    {
        "date": "2008-09-30",
        "symbol": "CNX",
        "reportedCurrency": "USD",
        "cik": "0001070412",
        "fillingDate": "2008-11-04",
        "acceptedDate": "2008-11-04 13:45:37",
        "calendarYear": "2008",
        "period": "Q3",
        "revenue": 1137418000,
        "costOfRevenue": 823225000,
        "grossProfit": 314193000,
        "grossProfitRatio": 0.2762335395,
        "researchAndDevelopmentExpenses": 0,
        "generalAndAdministrativeExpenses": 0,
        "sellingAndMarketingExpenses": 0,
        "sellingGeneralAndAdministrativeExpenses": 31406000,
        "otherExpenses": 165976000,
        "operatingExpenses": 197382000,
        "costAndExpenses": 1020607000,
        "interestIncome": 0,
        "interestExpense": 9069000,
        "depreciationAndAmortization": 93048000,
        "ebitda": 177411000,
        "ebitdaratio": 0.1559769583,
        "operatingIncome": 84363000,
        "operatingIncomeRatio": 0.0741706215,
        "totalOtherIncomeExpensesNet": -9069000,
        "incomeBeforeTax": 143430000,
        "incomeBeforeTaxRatio": 0.1261013981,
        "incomeTaxExpense": 41014000,
        "netIncome": 90054000,
        "netIncomeRatio": 0.0791740591,
        "eps": 0.49,
        "epsdiluted": 0.49,
        "weightedAverageShsOut": 183202086,
        "weightedAverageShsOutDil": 185591759,
        "link": "https://www.sec.gov/Archives/edgar/data/1070412/000119312508224111/0001193125-08-224111-index.htm",
        "finalLink": "https://www.sec.gov/Archives/edgar/data/1070412/000119312508224111/d10q.htm"
    },
    {
        "date": "2008-06-30",
        "symbol": "CNX",
        "reportedCurrency": "USD",
        "cik": "0001070412",
        "fillingDate": "2008-08-05",
        "acceptedDate": "2008-08-05 12:36:14",
        "calendarYear": "2008",
        "period": "Q2",
        "revenue": 1199499000,
        "costOfRevenue": 828064000,
        "grossProfit": 371435000,
        "grossProfitRatio": 0.3096584491,
        "researchAndDevelopmentExpenses": 0,
        "generalAndAdministrativeExpenses": 0,
        "sellingAndMarketingExpenses": 0,
        "sellingGeneralAndAdministrativeExpenses": 30644000,
        "otherExpenses": 169074000,
        "operatingExpenses": 199718000,
        "costAndExpenses": 1027782000,
        "interestIncome": 0,
        "interestExpense": 8526000,
        "depreciationAndAmortization": 96928000,
        "ebitda": 257248000,
        "ebitdaratio": 0.2144628716,
        "operatingIncome": 160320000,
        "operatingIncomeRatio": 0.1336558013,
        "totalOtherIncomeExpensesNet": -8526000,
        "incomeBeforeTax": 174588000,
        "incomeBeforeTaxRatio": 0.1455507674,
        "incomeTaxExpense": 61798000,
        "netIncome": 101012000,
        "netIncomeRatio": 0.0842118251,
        "eps": 0.55,
        "epsdiluted": 0.54,
        "weightedAverageShsOut": 182977726,
        "weightedAverageShsOutDil": 185637248,
        "link": "https://www.sec.gov/Archives/edgar/data/1070412/000119312508166134/0001193125-08-166134-index.htm",
        "finalLink": "https://www.sec.gov/Archives/edgar/data/1070412/000119312508166134/d10q.htm"
    },
    {
        "date": "2008-03-31",
        "symbol": "CNX",
        "reportedCurrency": "USD",
        "cik": "0001070412",
        "fillingDate": "2008-04-30",
        "acceptedDate": "2008-04-30 14:16:12",
        "calendarYear": "2008",
        "period": "Q1",
        "revenue": 1025731000,
        "costOfRevenue": 700967000,
        "grossProfit": 324764000,
        "grossProfitRatio": 0.3166171248,
        "researchAndDevelopmentExpenses": 0,
        "generalAndAdministrativeExpenses": 0,
        "sellingAndMarketingExpenses": 0,
        "sellingGeneralAndAdministrativeExpenses": 30470000,
        "otherExpenses": 164334000,
        "operatingExpenses": 194804000,
        "costAndExpenses": 895771000,
        "interestIncome": 0,
        "interestExpense": 10176000,
        "depreciationAndAmortization": 94815000,
        "ebitda": 224775000,
        "ebitdaratio": 0.2191364013,
        "operatingIncome": 55341000,
        "operatingIncomeRatio": 0.053952742,
        "totalOtherIncomeExpensesNet": 64443000,
        "incomeBeforeTax": 119784000,
        "incomeBeforeTaxRatio": 0.1167791555,
        "incomeTaxExpense": 35553000,
        "netIncome": 75082000,
        "netIncomeRatio": 0.0731985287,
        "eps": 0.41,
        "epsdiluted": 0.41,
        "weightedAverageShsOut": 182572985,
        "weightedAverageShsOutDil": 185192551,
        "link": "https://www.sec.gov/Archives/edgar/data/1070412/000119312508096981/0001193125-08-096981-index.htm",
        "finalLink": "https://www.sec.gov/Archives/edgar/data/1070412/000119312508096981/d10q.htm"
    },
    {
        "date": "2007-12-31",
        "symbol": "CNX",
        "reportedCurrency": "USD",
        "cik": "0001070412",
        "fillingDate": "2008-02-19",
        "acceptedDate": "2008-02-19 08:59:46",
        "calendarYear": "2007",
        "period": "Q4",
        "revenue": 1085644000,
        "costOfRevenue": 673583000,
        "grossProfit": 412061000,
        "grossProfitRatio": 0.3795544396,
        "researchAndDevelopmentExpenses": 0,
        "generalAndAdministrativeExpenses": 0,
        "sellingAndMarketingExpenses": 0,
        "sellingGeneralAndAdministrativeExpenses": 29493000,
        "otherExpenses": 182530000,
        "operatingExpenses": 212023000,
        "costAndExpenses": 885606000,
        "interestIncome": 0,
        "interestExpense": 154356000,
        "depreciationAndAmortization": 90808000,
        "ebitda": 261124000,
        "ebitdaratio": 0.2405245182,
        "operatingIncome": 170316000,
        "operatingIncomeRatio": 0.1568801559,
        "totalOtherIncomeExpensesNet": -178600000,
        "incomeBeforeTax": 21438000,
        "incomeBeforeTaxRatio": 0.0197468047,
        "incomeTaxExpense": 9173000,
        "netIncome": 6787000,
        "netIncomeRatio": 0.0062515889,
        "eps": 0.0672,
        "epsdiluted": 0.0672,
        "weightedAverageShsOut": 181833109,
        "weightedAverageShsOutDil": 182572985,
        "link": "https://www.sec.gov/Archives/edgar/data/1070412/000119312508033184/0001193125-08-033184-index.htm",
        "finalLink": "https://www.sec.gov/Archives/edgar/data/1070412/000119312508033184/d10k.htm"
    },
    {
        "date": "2007-09-30",
        "symbol": "CNX",
        "reportedCurrency": "USD",
        "cik": "0001070412",
        "fillingDate": "2007-11-01",
        "acceptedDate": "2007-11-01 15:01:35",
        "calendarYear": "2007",
        "period": "Q3",
        "revenue": 847684000,
        "costOfRevenue": 688580000,
        "grossProfit": 159104000,
        "grossProfitRatio": 0.1876925836,
        "researchAndDevelopmentExpenses": 0,
        "generalAndAdministrativeExpenses": 0,
        "sellingAndMarketingExpenses": 0,
        "sellingGeneralAndAdministrativeExpenses": 26623000,
        "otherExpenses": 142466000,
        "operatingExpenses": 169089000,
        "costAndExpenses": 857669000,
        "interestIncome": 0,
        "interestExpense": 0,
        "depreciationAndAmortization": 82483000,
        "ebitda": 72498000,
        "ebitdaratio": 0.0855247946,
        "operatingIncome": -30677000,
        "operatingIncomeRatio": -0.0361891931,
        "totalOtherIncomeExpensesNet": 4601000,
        "incomeBeforeTax": 4887000,
        "incomeBeforeTaxRatio": 0.00576512,
        "incomeTaxExpense": 4506000,
        "netIncome": -5384000,
        "netIncomeRatio": -0.0063514234,
        "eps": -0.0296,
        "epsdiluted": -0.0296,
        "weightedAverageShsOut": 181866727,
        "weightedAverageShsOutDil": 181866727,
        "link": "https://www.sec.gov/Archives/edgar/data/1070412/000119312507232380/0001193125-07-232380-index.htm",
        "finalLink": "https://www.sec.gov/Archives/edgar/data/1070412/000119312507232380/d10q.htm"
    },
    {
        "date": "2007-06-30",
        "symbol": "CNX",
        "reportedCurrency": "USD",
        "cik": "0001070412",
        "fillingDate": "2007-08-01",
        "acceptedDate": "2007-08-01 16:52:24",
        "calendarYear": "2007",
        "period": "Q2",
        "revenue": 938768000,
        "costOfRevenue": 648797000,
        "grossProfit": 289971000,
        "grossProfitRatio": 0.3088846233,
        "researchAndDevelopmentExpenses": 0,
        "generalAndAdministrativeExpenses": 0,
        "sellingAndMarketingExpenses": 0,
        "sellingGeneralAndAdministrativeExpenses": 26539000,
        "otherExpenses": 138163000,
        "operatingExpenses": 164702000,
        "costAndExpenses": 813499000,
        "interestIncome": 0,
        "interestExpense": 0,
        "depreciationAndAmortization": 77700000,
        "ebitda": 81739000,
        "ebitdaratio": 0.0870705009,
        "operatingIncome": 4039000,
        "operatingIncomeRatio": 0.0043024475,
        "totalOtherIncomeExpensesNet": 115056000,
        "incomeBeforeTax": 240325000,
        "incomeBeforeTaxRatio": 0.2560004176,
        "incomeTaxExpense": 79524000,
        "netIncome": 153117000,
        "netIncomeRatio": 0.1631041961,
        "eps": 0.84,
        "epsdiluted": 0.83,
        "weightedAverageShsOut": 182195390,
        "weightedAverageShsOutDil": 185000122,
        "link": "https://www.sec.gov/Archives/edgar/data/1070412/000119312507168175/0001193125-07-168175-index.htm",
        "finalLink": "https://www.sec.gov/Archives/edgar/data/1070412/000119312507168175/d10q.htm"
    },
    {
        "date": "2007-03-31",
        "symbol": "CNX",
        "reportedCurrency": "USD",
        "cik": "0001070412",
        "fillingDate": "2007-04-30",
        "acceptedDate": "2007-04-30 17:10:50",
        "calendarYear": "2007",
        "period": "Q1",
        "revenue": 890074000,
        "costOfRevenue": 574539000,
        "grossProfit": 315535000,
        "grossProfitRatio": 0.3545042322,
        "researchAndDevelopmentExpenses": 0,
        "generalAndAdministrativeExpenses": 0,
        "sellingAndMarketingExpenses": 0,
        "sellingGeneralAndAdministrativeExpenses": 26009000,
        "otherExpenses": 145067000,
        "operatingExpenses": 171076000,
        "costAndExpenses": 745615000,
        "interestIncome": 0,
        "interestExpense": 0,
        "depreciationAndAmortization": 78243000,
        "ebitda": 197591000,
        "ebitdaratio": 0.2219939016,
        "operatingIncome": 119348000,
        "operatingIncomeRatio": 0.1340877275,
        "totalOtherIncomeExpensesNet": 42959000,
        "incomeBeforeTax": 162307000,
        "incomeBeforeTaxRatio": 0.1823522539,
        "incomeTaxExpense": 42934000,
        "netIncome": 113262000,
        "netIncomeRatio": 0.1272500938,
        "eps": 0.62,
        "epsdiluted": 0.61,
        "weightedAverageShsOut": 182371296,
        "weightedAverageShsOutDil": 184815136,
        "link": "https://www.sec.gov/Archives/edgar/data/1070412/000119312507096203/0001193125-07-096203-index.htm",
        "finalLink": "https://www.sec.gov/Archives/edgar/data/1070412/000119312507096203/d10q.htm"
    },
    {
        "date": "2006-12-31",
        "symbol": "CNX",
        "reportedCurrency": "USD",
        "cik": "0001070412",
        "fillingDate": "2007-02-20",
        "acceptedDate": "2007-02-20 11:16:04",
        "calendarYear": "2006",
        "period": "Q4",
        "revenue": 953668000,
        "costOfRevenue": 664110000,
        "grossProfit": 289558000,
        "grossProfitRatio": 0.3036255804,
        "researchAndDevelopmentExpenses": 0,
        "generalAndAdministrativeExpenses": 0,
        "sellingAndMarketingExpenses": 0,
        "sellingGeneralAndAdministrativeExpenses": 24097000,
        "otherExpenses": 134387000,
        "operatingExpenses": 158484000,
        "costAndExpenses": 822594000,
        "interestIncome": 0,
        "interestExpense": 0,
        "depreciationAndAmortization": 76853000,
        "ebitda": 208223000,
        "ebitdaratio": 0.2183390866,
        "operatingIncome": 84349000,
        "operatingIncomeRatio": 0.0884469228,
        "totalOtherIncomeExpensesNet": -7275000,
        "incomeBeforeTax": 123799000,
        "incomeBeforeTaxRatio": 0.12981352,
        "incomeTaxExpense": -11201000,
        "netIncome": 127916000,
        "netIncomeRatio": 0.134130536,
        "eps": 0.7,
        "epsdiluted": 0.7,
        "weightedAverageShsOut": 182371296,
        "weightedAverageShsOutDil": 182371296,
        "link": "https://www.sec.gov/Archives/edgar/data/1070412/000119312507034823/0001193125-07-034823-index.htm",
        "finalLink": "https://www.sec.gov/Archives/edgar/data/1070412/000119312507034823/d10k.htm"
    },
    {
        "date": "2006-09-30",
        "symbol": "CNX",
        "reportedCurrency": "USD",
        "cik": "0001070412",
        "fillingDate": "2006-11-02",
        "acceptedDate": "2006-11-02 15:45:02",
        "calendarYear": "2006",
        "period": "Q3",
        "revenue": 843352000,
        "costOfRevenue": 610491000,
        "grossProfit": 232861000,
        "grossProfitRatio": 0.2761136512,
        "researchAndDevelopmentExpenses": 0,
        "generalAndAdministrativeExpenses": 0,
        "sellingAndMarketingExpenses": 0,
        "sellingGeneralAndAdministrativeExpenses": 25062000,
        "otherExpenses": 129969000,
        "operatingExpenses": 155031000,
        "costAndExpenses": 765522000,
        "interestIncome": 0,
        "interestExpense": 0,
        "depreciationAndAmortization": 73496000,
        "ebitda": 116655000,
        "ebitdaratio": 0.1383230253,
        "operatingIncome": 43159000,
        "operatingIncomeRatio": 0.0511755471,
        "totalOtherIncomeExpensesNet": 25295000,
        "incomeBeforeTax": 72145000,
        "incomeBeforeTaxRatio": 0.0855455373,
        "incomeTaxExpense": 14597000,
        "netIncome": 50586000,
        "netIncomeRatio": 0.0599820715,
        "eps": 0.26,
        "epsdiluted": 0.26,
        "weightedAverageShsOut": 183246777,
        "weightedAverageShsOutDil": 185555687,
        "link": "https://www.sec.gov/Archives/edgar/data/1070412/000119312506222035/0001193125-06-222035-index.htm",
        "finalLink": "https://www.sec.gov/Archives/edgar/data/1070412/000119312506222035/d10q.htm"
    },
    {
        "date": "2006-06-30",
        "symbol": "CNX",
        "reportedCurrency": "USD",
        "cik": "0001070412",
        "fillingDate": "2006-08-03",
        "acceptedDate": "2006-08-03 12:07:02",
        "calendarYear": "2006",
        "period": "Q2",
        "revenue": 932263000,
        "costOfRevenue": 601848000,
        "grossProfit": 330415000,
        "grossProfitRatio": 0.3544225181,
        "researchAndDevelopmentExpenses": 0,
        "generalAndAdministrativeExpenses": 0,
        "sellingAndMarketingExpenses": 0,
        "sellingGeneralAndAdministrativeExpenses": 21911000,
        "otherExpenses": 140604000,
        "operatingExpenses": 162515000,
        "costAndExpenses": 764363000,
        "interestIncome": 0,
        "interestExpense": 0,
        "depreciationAndAmortization": 76523000,
        "ebitda": 196703000,
        "ebitdaratio": 0.2109951805,
        "operatingIncome": 120180000,
        "operatingIncomeRatio": 0.1289121203,
        "totalOtherIncomeExpensesNet": 41623000,
        "incomeBeforeTax": 161647000,
        "incomeBeforeTaxRatio": 0.1733920578,
        "incomeTaxExpense": 48647000,
        "netIncome": 105934000,
        "netIncomeRatio": 0.1136310247,
        "eps": 0.6,
        "epsdiluted": 0.59,
        "weightedAverageShsOut": 183286425,
        "weightedAverageShsOutDil": 185820234,
        "link": "https://www.sec.gov/Archives/edgar/data/1070412/000119312506160559/0001193125-06-160559-index.htm",
        "finalLink": "https://www.sec.gov/Archives/edgar/data/1070412/000119312506160559/d10q.htm"
    },
    {
        "date": "2006-03-31",
        "symbol": "CNX",
        "reportedCurrency": "USD",
        "cik": "0001070412",
        "fillingDate": "2006-05-08",
        "acceptedDate": "2006-05-08 14:52:59",
        "calendarYear": "2006",
        "period": "Q1",
        "revenue": 985888000,
        "costOfRevenue": 622810000,
        "grossProfit": 363078000,
        "grossProfitRatio": 0.3682750982,
        "researchAndDevelopmentExpenses": 0,
        "generalAndAdministrativeExpenses": 0,
        "sellingAndMarketingExpenses": 0,
        "sellingGeneralAndAdministrativeExpenses": 20080000,
        "otherExpenses": 143816000,
        "operatingExpenses": 163896000,
        "costAndExpenses": 786706000,
        "interestIncome": 0,
        "interestExpense": 0,
        "depreciationAndAmortization": 73138000,
        "ebitda": 230870000,
        "ebitdaratio": 0.234174673,
        "operatingIncome": 157732000,
        "operatingIncomeRatio": 0.1599897757,
        "totalOtherIncomeExpensesNet": 21130000,
        "incomeBeforeTax": 193329000,
        "incomeBeforeTaxRatio": 0.1960963111,
        "incomeTaxExpense": 60387000,
        "netIncome": 124446000,
        "netIncomeRatio": 0.1262273199,
        "eps": 0.73,
        "epsdiluted": 0.72,
        "weightedAverageShsOut": 184269386,
        "weightedAverageShsOutDil": 186673274,
        "link": "https://www.sec.gov/Archives/edgar/data/1070412/000119312506103341/0001193125-06-103341-index.htm",
        "finalLink": "https://www.sec.gov/Archives/edgar/data/1070412/000119312506103341/d10q.htm"
    },
    {
        "date": "2005-12-31",
        "symbol": "CNX",
        "reportedCurrency": "USD",
        "cik": "0001070412",
        "fillingDate": "2006-03-15",
        "acceptedDate": "2006-03-15 13:22:45",
        "calendarYear": "2005",
        "period": "Q4",
        "revenue": 969059000,
        "costOfRevenue": 688506000,
        "grossProfit": 280553000,
        "grossProfitRatio": 0.2895107522,
        "researchAndDevelopmentExpenses": 0,
        "generalAndAdministrativeExpenses": 0,
        "sellingAndMarketingExpenses": 0,
        "sellingGeneralAndAdministrativeExpenses": 21424000,
        "otherExpenses": 126020000,
        "operatingExpenses": 147444000,
        "costAndExpenses": 835950000,
        "interestIncome": 0,
        "interestExpense": 0,
        "depreciationAndAmortization": 68101000,
        "ebitda": -167972000,
        "ebitdaratio": -0.1733351633,
        "operatingIncome": -236073000,
        "operatingIncomeRatio": -0.2436105542,
        "totalOtherIncomeExpensesNet": -6413000,
        "incomeBeforeTax": 126696000,
        "incomeBeforeTaxRatio": 0.1307412655,
        "incomeTaxExpense": 33078000,
        "netIncome": 87593000,
        "netIncomeRatio": 0.0903897492,
        "eps": 0.48,
        "epsdiluted": 0.48,
        "weightedAverageShsOut": 184269386,
        "weightedAverageShsOutDil": 184269386,
        "link": "https://www.sec.gov/Archives/edgar/data/1070412/000119312506054754/0001193125-06-054754-index.htm",
        "finalLink": "https://www.sec.gov/Archives/edgar/data/1070412/000119312506054754/d10k.htm"
    },
    {
        "date": "2005-09-30",
        "symbol": "CNX",
        "reportedCurrency": "USD",
        "cik": "0001070412",
        "fillingDate": "2005-11-07",
        "acceptedDate": "2005-11-07 15:43:23",
        "calendarYear": "2005",
        "period": "Q3",
        "revenue": 1207253000,
        "costOfRevenue": 670293000,
        "grossProfit": 536960000,
        "grossProfitRatio": 0.4447783522,
        "researchAndDevelopmentExpenses": 0,
        "generalAndAdministrativeExpenses": 0,
        "sellingAndMarketingExpenses": 0,
        "sellingGeneralAndAdministrativeExpenses": 24090000,
        "otherExpenses": 118465000,
        "operatingExpenses": 142555000,
        "costAndExpenses": 812848000,
        "interestIncome": 0,
        "interestExpense": 0,
        "depreciationAndAmortization": 64413000,
        "ebitda": 441293000,
        "ebitdaratio": 0.3655348133,
        "operatingIncome": 376880000,
        "operatingIncomeRatio": 0.3121797999,
        "totalOtherIncomeExpensesNet": 10734000,
        "incomeBeforeTax": 387614000,
        "incomeBeforeTaxRatio": 0.3210710597,
        "incomeTaxExpense": 7173000,
        "netIncome": 376982000,
        "netIncomeRatio": 0.3122642893,
        "eps": 2.05,
        "epsdiluted": 2.02,
        "weightedAverageShsOut": 184225540,
        "weightedAverageShsOutDil": 186784578,
        "link": "https://www.sec.gov/Archives/edgar/data/1070412/000119312505218156/0001193125-05-218156-index.htm",
        "finalLink": "https://www.sec.gov/Archives/edgar/data/1070412/000119312505218156/d10q.htm"
    },
    {
        "date": "2005-06-30",
        "symbol": "CNX",
        "reportedCurrency": "USD",
        "cik": "0001070412",
        "fillingDate": "2005-08-03",
        "acceptedDate": "2005-08-03 16:35:54",
        "calendarYear": "2005",
        "period": "Q2",
        "revenue": 817149000,
        "costOfRevenue": 617460000,
        "grossProfit": 199689000,
        "grossProfitRatio": 0.2443728133,
        "researchAndDevelopmentExpenses": 0,
        "generalAndAdministrativeExpenses": 0,
        "sellingAndMarketingExpenses": 0,
        "sellingGeneralAndAdministrativeExpenses": 18797000,
        "otherExpenses": 123016000,
        "operatingExpenses": 141813000,
        "costAndExpenses": 759273000,
        "interestIncome": 0,
        "interestExpense": 0,
        "depreciationAndAmortization": 67923000,
        "ebitda": 643671000,
        "ebitdaratio": 0.7877033442,
        "operatingIncome": 35940000,
        "operatingIncomeRatio": 0.0439821868,
        "totalOtherIncomeExpensesNet": -7189000,
        "incomeBeforeTax": 50687000,
        "incomeBeforeTaxRatio": 0.0620290792,
        "incomeTaxExpense": 9613000,
        "netIncome": 41074000,
        "netIncomeRatio": 0.0502650067,
        "eps": 0.22,
        "epsdiluted": 0.22,
        "weightedAverageShsOut": 182873976,
        "weightedAverageShsOutDil": 185168622,
        "link": "https://www.sec.gov/Archives/edgar/data/1070412/000119312505156332/0001193125-05-156332-index.htm",
        "finalLink": "https://www.sec.gov/Archives/edgar/data/1070412/000119312505156332/d10q.htm"
    },
    {
        "date": "2005-03-31",
        "symbol": "CNX",
        "reportedCurrency": "USD",
        "cik": "0001070412",
        "fillingDate": "2005-05-02",
        "acceptedDate": "2005-05-02 16:58:48",
        "calendarYear": "2005",
        "period": "Q1",
        "revenue": 816988000,
        "costOfRevenue": 581032000,
        "grossProfit": 235956000,
        "grossProfitRatio": 0.2888120756,
        "researchAndDevelopmentExpenses": 0,
        "generalAndAdministrativeExpenses": 0,
        "sellingAndMarketingExpenses": 0,
        "sellingGeneralAndAdministrativeExpenses": 16389000,
        "otherExpenses": 122956000,
        "operatingExpenses": 139345000,
        "costAndExpenses": 720377000,
        "interestIncome": 0,
        "interestExpense": 0,
        "depreciationAndAmortization": 65897000,
        "ebitda": 647519000,
        "ebitdaratio": 0.7925685567,
        "operatingIncome": 72346000,
        "operatingIncomeRatio": 0.0885520962,
        "totalOtherIncomeExpensesNet": -6924000,
        "incomeBeforeTax": 89687000,
        "incomeBeforeTaxRatio": 0.1097776222,
        "incomeTaxExpense": 14475000,
        "netIncome": 75212000,
        "netIncomeRatio": 0.0920601037,
        "eps": 0.42,
        "epsdiluted": 0.41,
        "weightedAverageShsOut": 181886472,
        "weightedAverageShsOutDil": 184119582,
        "link": "https://www.sec.gov/Archives/edgar/data/1070412/000119312505092419/0001193125-05-092419-index.htm",
        "finalLink": "https://www.sec.gov/Archives/edgar/data/1070412/000119312505092419/d10q.htm"
    },
    {
        "date": "2004-12-31",
        "symbol": "CNX",
        "reportedCurrency": "USD",
        "cik": "0001070412",
        "fillingDate": "2005-02-28",
        "acceptedDate": "2005-02-28 14:58:33",
        "calendarYear": "2004",
        "period": "Q4",
        "revenue": 791434000,
        "costOfRevenue": 466479000,
        "grossProfit": 324955000,
        "grossProfitRatio": 0.410590144,
        "researchAndDevelopmentExpenses": 0,
        "generalAndAdministrativeExpenses": 0,
        "sellingAndMarketingExpenses": 0,
        "sellingGeneralAndAdministrativeExpenses": 128994000,
        "otherExpenses": 151199000,
        "operatingExpenses": 280193000,
        "costAndExpenses": 746672000,
        "interestIncome": 0,
        "interestExpense": 75503000,
        "depreciationAndAmortization": 96800000,
        "ebitda": 125916000,
        "ebitdaratio": 0.1590985477,
        "operatingIncome": 29116000,
        "operatingIncomeRatio": 0.0367889173,
        "totalOtherIncomeExpensesNet": -7776000,
        "incomeBeforeTax": 36986000,
        "incomeBeforeTaxRatio": 0.0467328924,
        "incomeTaxExpense": -30682000,
        "netIncome": -15705000,
        "netIncomeRatio": -0.0198437267,
        "eps": -0.0867,
        "epsdiluted": -0.0863,
        "weightedAverageShsOut": 181107820,
        "weightedAverageShsOutDil": 181886472,
        "link": "https://www.sec.gov/Archives/edgar/data/1070412/000119312505038419/0001193125-05-038419-index.htm",
        "finalLink": "https://www.sec.gov/Archives/edgar/data/1070412/000119312505038419/d10k.htm"
    },
    {
        "date": "2004-09-30",
        "symbol": "CNX",
        "reportedCurrency": "USD",
        "cik": "0001070412",
        "fillingDate": "2004-11-08",
        "acceptedDate": "2004-11-08 14:17:46",
        "calendarYear": "2004",
        "period": "Q3",
        "revenue": 659876000,
        "costOfRevenue": 543993000,
        "grossProfit": 115883000,
        "grossProfitRatio": 0.175613297,
        "researchAndDevelopmentExpenses": 0,
        "generalAndAdministrativeExpenses": 0,
        "sellingAndMarketingExpenses": 0,
        "sellingGeneralAndAdministrativeExpenses": 18191000,
        "otherExpenses": 109787000,
        "operatingExpenses": 127978000,
        "costAndExpenses": 671971000,
        "interestIncome": 0,
        "interestExpense": 0,
        "depreciationAndAmortization": 63808000,
        "ebitda": 51713000,
        "ebitdaratio": 0.0783677539,
        "operatingIncome": -33001000,
        "operatingIncomeRatio": -0.0500109111,
        "totalOtherIncomeExpensesNet": -6271000,
        "incomeBeforeTax": 18366000,
        "incomeBeforeTaxRatio": 0.0278325019,
        "incomeTaxExpense": -6792000,
        "netIncome": -11574000,
        "netIncomeRatio": -0.017539659,
        "eps": -0.064,
        "epsdiluted": -0.064,
        "weightedAverageShsOut": 180722048,
        "weightedAverageShsOutDil": 180722048,
        "link": "https://www.sec.gov/Archives/edgar/data/1070412/000119312504189199/0001193125-04-189199-index.htm",
        "finalLink": "https://www.sec.gov/Archives/edgar/data/1070412/000119312504189199/d10q.htm"
    },
    {
        "date": "2004-06-30",
        "symbol": "CNX",
        "reportedCurrency": "USD",
        "cik": "0001070412",
        "fillingDate": "2004-08-05",
        "acceptedDate": "2004-08-05 15:43:25",
        "calendarYear": "2004",
        "period": "Q2",
        "revenue": 674584000,
        "costOfRevenue": 512561000,
        "grossProfit": 162023000,
        "grossProfitRatio": 0.2401820974,
        "researchAndDevelopmentExpenses": 0,
        "generalAndAdministrativeExpenses": 0,
        "sellingAndMarketingExpenses": 0,
        "sellingGeneralAndAdministrativeExpenses": 17263000,
        "otherExpenses": 110213000,
        "operatingExpenses": 127476000,
        "costAndExpenses": 640037000,
        "interestIncome": 0,
        "interestExpense": 0,
        "depreciationAndAmortization": 62138000,
        "ebitda": 96272000,
        "ebitdaratio": 0.1427131388,
        "operatingIncome": 13706000,
        "operatingIncomeRatio": 0.0203177069,
        "totalOtherIncomeExpensesNet": -8321000,
        "incomeBeforeTax": 26226000,
        "incomeBeforeTaxRatio": 0.0388772933,
        "incomeTaxExpense": 21000,
        "netIncome": 26205000,
        "netIncomeRatio": 0.038846163,
        "eps": 0.14,
        "epsdiluted": 0.14,
        "weightedAverageShsOut": 180155832,
        "weightedAverageShsOutDil": 181928310,
        "link": "https://www.sec.gov/Archives/edgar/data/1070412/000119312504132583/0001193125-04-132583-index.htm",
        "finalLink": "https://www.sec.gov/Archives/edgar/data/1070412/000119312504132583/d10q.htm"
    },
    {
        "date": "2004-03-31",
        "symbol": "CNX",
        "reportedCurrency": "USD",
        "cik": "0001070412",
        "fillingDate": "2004-05-07",
        "acceptedDate": "2004-05-07 10:33:28",
        "calendarYear": "2004",
        "period": "Q1",
        "revenue": 650855000,
        "costOfRevenue": 448888000,
        "grossProfit": 201967000,
        "grossProfitRatio": 0.3103102842,
        "researchAndDevelopmentExpenses": 0,
        "generalAndAdministrativeExpenses": 0,
        "sellingAndMarketingExpenses": 0,
        "sellingGeneralAndAdministrativeExpenses": 50115000,
        "otherExpenses": 107503000,
        "operatingExpenses": 157618000,
        "costAndExpenses": 606506000,
        "interestIncome": 0,
        "interestExpense": 0,
        "depreciationAndAmortization": 62558000,
        "ebitda": 77979000,
        "ebitdaratio": 0.119810096,
        "operatingIncome": 15421000,
        "operatingIncomeRatio": 0.0236934494,
        "totalOtherIncomeExpensesNet": 22296000,
        "incomeBeforeTax": 35288000,
        "incomeBeforeTaxRatio": 0.0542179134,
        "incomeTaxExpense": 4542000,
        "netIncome": 114119000,
        "netIncomeRatio": 0.1753370566,
        "eps": 0.65,
        "epsdiluted": 0.64,
        "weightedAverageShsOut": 179854612,
        "weightedAverageShsOutDil": 181096658,
        "link": "https://www.sec.gov/Archives/edgar/data/1070412/000119312504081525/0001193125-04-081525-index.htm",
        "finalLink": "https://www.sec.gov/Archives/edgar/data/1070412/000119312504081525/d10q.htm"
    },
    {
        "date": "2003-12-31",
        "symbol": "CNX",
        "reportedCurrency": "USD",
        "cik": "0001070412",
        "fillingDate": "2004-03-12",
        "acceptedDate": "2004-03-12 11:08:57",
        "calendarYear": "2003",
        "period": "Q4",
        "revenue": 553979000,
        "costOfRevenue": 331877000,
        "grossProfit": 222102000,
        "grossProfitRatio": 0.4009213346,
        "researchAndDevelopmentExpenses": 0,
        "generalAndAdministrativeExpenses": 0,
        "sellingAndMarketingExpenses": 0,
        "sellingGeneralAndAdministrativeExpenses": 135462000,
        "otherExpenses": 93901000,
        "operatingExpenses": 229363000,
        "costAndExpenses": 561240000,
        "interestIncome": 0,
        "interestExpense": 2881000,
        "depreciationAndAmortization": 61290000,
        "ebitda": 54029000,
        "ebitdaratio": 0.0975289677,
        "operatingIncome": -16435000,
        "operatingIncomeRatio": -0.0296671896,
        "totalOtherIncomeExpensesNet": -2881000,
        "incomeBeforeTax": -19316000,
        "incomeBeforeTaxRatio": -0.0348677477,
        "incomeTaxExpense": 1303000,
        "netIncome": -20619000,
        "netIncomeRatio": -0.0372198224,
        "eps": -0.11,
        "epsdiluted": -0.11,
        "weightedAverageShsOut": 179824496,
        "weightedAverageShsOutDil": 179854612,
        "link": "https://www.sec.gov/Archives/edgar/data/1070412/000119312504039975/0001193125-04-039975-index.htm",
        "finalLink": "https://www.sec.gov/Archives/edgar/data/1070412/000119312504039975/d10k.htm"
    },
    {
        "date": "2003-09-30",
        "symbol": "CNX",
        "reportedCurrency": "USD",
        "cik": "0001070412",
        "fillingDate": "2004-02-05",
        "acceptedDate": "2004-02-04 18:03:10",
        "calendarYear": "2003",
        "period": "Q3",
        "revenue": 552160000,
        "costOfRevenue": 442407000,
        "grossProfit": 109753000,
        "grossProfitRatio": 0.198770284,
        "researchAndDevelopmentExpenses": 0,
        "generalAndAdministrativeExpenses": 0,
        "sellingAndMarketingExpenses": 0,
        "sellingGeneralAndAdministrativeExpenses": 20218000,
        "otherExpenses": 99899000,
        "operatingExpenses": 120117000,
        "costAndExpenses": 562524000,
        "interestIncome": 0,
        "interestExpense": 0,
        "depreciationAndAmortization": 63452000,
        "ebitda": 53088000,
        "ebitdaratio": 0.0961460446,
        "operatingIncome": -23624000,
        "operatingIncomeRatio": -0.0427847001,
        "totalOtherIncomeExpensesNet": -8036000,
        "incomeBeforeTax": -18400000,
        "incomeBeforeTaxRatio": -0.0333236743,
        "incomeTaxExpense": -12505000,
        "netIncome": -5895000,
        "netIncomeRatio": -0.0106762533,
        "eps": -0.0371,
        "epsdiluted": -0.0369,
        "weightedAverageShsOut": 159001586,
        "weightedAverageShsOutDil": 159670106,
        "link": "https://www.sec.gov/Archives/edgar/data/1070412/000119312504014645/0001193125-04-014645-index.htm",
        "finalLink": "https://www.sec.gov/Archives/edgar/data/1070412/000119312504014645/d10qa.htm"
    },
    {
        "date": "2003-06-30",
        "symbol": "CNX",
        "reportedCurrency": "USD",
        "cik": "0001070412",
        "fillingDate": "2004-02-05",
        "acceptedDate": "2004-02-04 17:57:36",
        "calendarYear": "2003",
        "period": "Q2",
        "revenue": 556518000,
        "costOfRevenue": 409271000,
        "grossProfit": 147247000,
        "grossProfitRatio": 0.2645862308,
        "researchAndDevelopmentExpenses": 0,
        "generalAndAdministrativeExpenses": 0,
        "sellingAndMarketingExpenses": 0,
        "sellingGeneralAndAdministrativeExpenses": 19389000,
        "otherExpenses": 104713000,
        "operatingExpenses": 124102000,
        "costAndExpenses": 533373000,
        "interestIncome": 0,
        "interestExpense": 0,
        "depreciationAndAmortization": 62710000,
        "ebitda": 65538000,
        "ebitdaratio": 0.117764385,
        "operatingIncome": 2828000,
        "operatingIncomeRatio": 0.0050815966,
        "totalOtherIncomeExpensesNet": -7876000,
        "incomeBeforeTax": 15269000,
        "incomeBeforeTaxRatio": 0.0274366687,
        "incomeTaxExpense": 4710000,
        "netIncome": 10559000,
        "netIncomeRatio": 0.0189733306,
        "eps": 0.065,
        "epsdiluted": 0.065,
        "weightedAverageShsOut": 157519750,
        "weightedAverageShsOutDil": 158209830,
        "link": "https://www.sec.gov/Archives/edgar/data/1070412/000119312504014640/0001193125-04-014640-index.htm",
        "finalLink": "https://www.sec.gov/Archives/edgar/data/1070412/000119312504014640/d10qa.htm"
    },
    {
        "date": "2003-03-31",
        "symbol": "CNX",
        "reportedCurrency": "USD",
        "cik": "0001070412",
        "fillingDate": "2003-05-09",
        "acceptedDate": "2003-05-09 16:48:31",
        "calendarYear": "2003",
        "period": "Q1",
        "revenue": 559809000,
        "costOfRevenue": 407871000,
        "grossProfit": 151938000,
        "grossProfitRatio": 0.2714104275,
        "researchAndDevelopmentExpenses": 0,
        "generalAndAdministrativeExpenses": 0,
        "sellingAndMarketingExpenses": 0,
        "sellingGeneralAndAdministrativeExpenses": 49674000,
        "otherExpenses": 103848000,
        "operatingExpenses": 153522000,
        "costAndExpenses": 561393000,
        "interestIncome": 0,
        "interestExpense": 0,
        "depreciationAndAmortization": 61713000,
        "ebitda": 60129000,
        "ebitdaratio": 0.1074098487,
        "operatingIncome": -25642000,
        "operatingIncomeRatio": -0.0458049085,
        "totalOtherIncomeExpensesNet": -9476000,
        "incomeBeforeTax": -11060000,
        "incomeBeforeTaxRatio": -0.0197567385,
        "incomeTaxExpense": -14449000,
        "netIncome": 8157000,
        "netIncomeRatio": 0.0145710412,
        "eps": 0.05,
        "epsdiluted": 0.05,
        "weightedAverageShsOut": 157498360,
        "weightedAverageShsOutDil": 157690712,
        "link": "https://www.sec.gov/Archives/edgar/data/1070412/000092701603002505/0000927016-03-002505-index.htm",
        "finalLink": "https://www.sec.gov/Archives/edgar/data/1070412/000092701603002505/d10q.htm"
    },
    {
        "date": "2002-12-31",
        "symbol": "CNX",
        "reportedCurrency": "USD",
        "cik": "0001070412",
        "fillingDate": "2003-04-14",
        "acceptedDate": "2003-04-14 15:33:37",
        "calendarYear": "2002",
        "period": "Q4",
        "revenue": 554551000,
        "costOfRevenue": 422866000,
        "grossProfit": 131685000,
        "grossProfitRatio": 0.2374623795,
        "researchAndDevelopmentExpenses": 0,
        "generalAndAdministrativeExpenses": 49580000,
        "sellingAndMarketingExpenses": -33272000,
        "sellingGeneralAndAdministrativeExpenses": 16308000,
        "otherExpenses": 106474000,
        "operatingExpenses": 122782000,
        "costAndExpenses": 545648000,
        "interestIncome": 0,
        "interestExpense": 53839000,
        "depreciationAndAmortization": 58155000,
        "ebitda": 75307000,
        "ebitdaratio": 0.1357981502,
        "operatingIncome": 49470000,
        "operatingIncomeRatio": 0.0892073046,
        "totalOtherIncomeExpensesNet": -13272000,
        "incomeBeforeTax": -4369000,
        "incomeBeforeTaxRatio": -0.0078784458,
        "incomeTaxExpense": -8503000,
        "netIncome": 4134000,
        "netIncomeRatio": 0.0074546796,
        "eps": 0.0262,
        "epsdiluted": 0.0262,
        "weightedAverageShsOut": 157497632,
        "weightedAverageShsOutDil": 157498360,
        "link": "https://www.sec.gov/Archives/edgar/data/1070412/000092701603001821/0000927016-03-001821-index.htm",
        "finalLink": "https://www.sec.gov/Archives/edgar/data/1070412/000092701603001821/d10ka.htm"
    },
    {
        "date": "2002-09-30",
        "symbol": "CNX",
        "reportedCurrency": "USD",
        "cik": "0001070412",
        "fillingDate": "2002-11-13",
        "acceptedDate": "2002-11-13 13:45:09",
        "calendarYear": "2002",
        "period": "Q3",
        "revenue": 546373000,
        "costOfRevenue": 458639000,
        "grossProfit": 87734000,
        "grossProfitRatio": 0.1605752846,
        "researchAndDevelopmentExpenses": 0,
        "generalAndAdministrativeExpenses": 15728000,
        "sellingAndMarketingExpenses": 0,
        "sellingGeneralAndAdministrativeExpenses": 15728000,
        "otherExpenses": 103028000,
        "operatingExpenses": 118756000,
        "costAndExpenses": 577395000,
        "interestIncome": 0,
        "interestExpense": 2539000,
        "depreciationAndAmortization": 67520000,
        "ebitda": 36498000,
        "ebitdaratio": 0.0668005191,
        "operatingIncome": -39439000,
        "operatingIncomeRatio": -0.0721832887,
        "totalOtherIncomeExpensesNet": -10956000,
        "incomeBeforeTax": -41978000,
        "incomeBeforeTaxRatio": -0.0768302973,
        "incomeTaxExpense": -34992000,
        "netIncome": -6986000,
        "netIncomeRatio": -0.0127861369,
        "eps": -0.0444,
        "epsdiluted": -0.0443,
        "weightedAverageShsOut": 157470534,
        "weightedAverageShsOutDil": 157540656,
        "link": "https://www.sec.gov/Archives/edgar/data/1070412/000095013202000237/0000950132-02-000237-index.htm",
        "finalLink": "https://www.sec.gov/Archives/edgar/data/1070412/000095013202000237/d10q.txt"
    },
    {
        "date": "2002-06-30",
        "symbol": "CNX",
        "reportedCurrency": "USD",
        "cik": "0001070412",
        "fillingDate": "2002-08-14",
        "acceptedDate": "2002-08-14 10:05:03",
        "calendarYear": "2002",
        "period": "Q2",
        "revenue": 536250000,
        "costOfRevenue": 400343000,
        "grossProfit": 135907000,
        "grossProfitRatio": 0.253439627,
        "researchAndDevelopmentExpenses": 0,
        "generalAndAdministrativeExpenses": 17195000,
        "sellingAndMarketingExpenses": 0,
        "sellingGeneralAndAdministrativeExpenses": 17195000,
        "otherExpenses": 108668000,
        "operatingExpenses": 125863000,
        "costAndExpenses": 526206000,
        "interestIncome": 0,
        "interestExpense": 0,
        "depreciationAndAmortization": 66677000,
        "ebitda": 60154000,
        "ebitdaratio": 0.1121752914,
        "operatingIncome": -6523000,
        "operatingIncomeRatio": -0.0121641026,
        "totalOtherIncomeExpensesNet": -10811000,
        "incomeBeforeTax": -767000,
        "incomeBeforeTaxRatio": -0.001430303,
        "incomeTaxExpense": -9794000,
        "netIncome": 9027000,
        "netIncomeRatio": 0.0168335664,
        "eps": 0.055,
        "epsdiluted": 0.055,
        "weightedAverageShsOut": 157445556,
        "weightedAverageShsOutDil": 157445556,
        "link": "https://www.sec.gov/Archives/edgar/data/1070412/000095013202000192/0000950132-02-000192-index.htm",
        "finalLink": "https://www.sec.gov/Archives/edgar/data/1070412/000095013202000192/d10q.txt"
    },
    {
        "date": "2002-03-31",
        "symbol": "CNX",
        "reportedCurrency": "USD",
        "cik": "0001070412",
        "fillingDate": "2002-05-01",
        "acceptedDate": "2002-05-01 13:51:37",
        "calendarYear": "2002",
        "period": "Q1",
        "revenue": 543630000,
        "costOfRevenue": 401334000,
        "grossProfit": 142296000,
        "grossProfitRatio": 0.261751559,
        "researchAndDevelopmentExpenses": 0,
        "generalAndAdministrativeExpenses": 16657000,
        "sellingAndMarketingExpenses": 0,
        "sellingGeneralAndAdministrativeExpenses": 16657000,
        "otherExpenses": 117182000,
        "operatingExpenses": 133839000,
        "costAndExpenses": 535173000,
        "interestIncome": 0,
        "interestExpense": 0,
        "depreciationAndAmortization": 70521000,
        "ebitda": 70607000,
        "ebitdaratio": 0.1298806173,
        "operatingIncome": 86000,
        "operatingIncomeRatio": 0.0001581958,
        "totalOtherIncomeExpensesNet": -10137000,
        "incomeBeforeTax": 6691000,
        "incomeBeforeTaxRatio": 0.0123080036,
        "incomeTaxExpense": 1190000,
        "netIncome": 5501000,
        "netIncomeRatio": 0.0101190148,
        "eps": 0.035,
        "epsdiluted": 0.035,
        "weightedAverageShsOut": 157414140,
        "weightedAverageShsOutDil": 157824592,
        "link": "https://www.sec.gov/Archives/edgar/data/1070412/000102140802006048/0001021408-02-006048-index.htm",
        "finalLink": "https://www.sec.gov/Archives/edgar/data/1070412/000102140802006048/d10q.txt"
    },
    {
        "date": "2001-09-30",
        "symbol": "CNX",
        "reportedCurrency": "USD",
        "cik": "0001070412",
        "fillingDate": "2001-11-09",
        "acceptedDate": "2001-11-09 00:00:00",
        "calendarYear": "2001",
        "period": "Q3",
        "revenue": 541614000,
        "costOfRevenue": 432730000,
        "grossProfit": 108884000,
        "grossProfitRatio": 0.2010361623,
        "researchAndDevelopmentExpenses": 0,
        "generalAndAdministrativeExpenses": 0,
        "sellingAndMarketingExpenses": 0,
        "sellingGeneralAndAdministrativeExpenses": 14677000,
        "otherExpenses": 100725000,
        "operatingExpenses": 115402000,
        "costAndExpenses": 548132000,
        "interestIncome": 0,
        "interestExpense": 0,
        "depreciationAndAmortization": 58622000,
        "ebitda": 38505000,
        "ebitdaratio": 0.0710930663,
        "operatingIncome": -20117000,
        "operatingIncomeRatio": -0.0371426883,
        "totalOtherIncomeExpensesNet": 162480000,
        "incomeBeforeTax": -13614000,
        "incomeBeforeTaxRatio": -0.0251359825,
        "incomeTaxExpense": -2105000,
        "netIncome": -11509000,
        "netIncomeRatio": -0.0212494507,
        "eps": -0.0732,
        "epsdiluted": -0.0727,
        "weightedAverageShsOut": 157233150,
        "weightedAverageShsOutDil": 158403586,
        "link": "https://www.sec.gov/Archives/edgar/data/1070412/000095013201500348/0000950132-01-500348-index.htm",
        "finalLink": "https://www.sec.gov/Archives/edgar/data/1070412/000095013201500348/d10q.txt"
    },
    {
        "date": "2001-06-30",
        "symbol": "CNX",
        "reportedCurrency": "USD",
        "cik": "0001070412",
        "fillingDate": "2001-09-28",
        "acceptedDate": "2001-09-28 00:00:00",
        "calendarYear": "2001",
        "period": "Q2",
        "revenue": 746583000,
        "costOfRevenue": 419763000,
        "grossProfit": 326820000,
        "grossProfitRatio": 0.4377544091,
        "researchAndDevelopmentExpenses": 0,
        "generalAndAdministrativeExpenses": 0,
        "sellingAndMarketingExpenses": 0,
        "sellingGeneralAndAdministrativeExpenses": 176315000,
        "otherExpenses": 105978000,
        "operatingExpenses": 282293000,
        "costAndExpenses": 702056000,
        "interestIncome": 0,
        "interestExpense": 0,
        "depreciationAndAmortization": 67168000,
        "ebitda": 68533000,
        "ebitdaratio": 0.0917955539,
        "operatingIncome": 1365000,
        "operatingIncomeRatio": 0.0018283299,
        "totalOtherIncomeExpensesNet": 59262000,
        "incomeBeforeTax": 60627000,
        "incomeBeforeTaxRatio": 0.0812059744,
        "incomeTaxExpense": 11280000,
        "netIncome": 49347000,
        "netIncomeRatio": 0.0660971386,
        "eps": 0.31,
        "epsdiluted": 0.31,
        "weightedAverageShsOut": 157233150,
        "weightedAverageShsOutDil": 157233150,
        "link": "https://www.sec.gov/Archives/edgar/data/1070412/000092701601502988/0000927016-01-502988-index.htm",
        "finalLink": "https://www.sec.gov/Archives/edgar/data/1070412/000092701601502988/d10k405.txt"
    },
    {
        "date": "2001-03-31",
        "symbol": "CNX",
        "reportedCurrency": "USD",
        "cik": "0001070412",
        "fillingDate": "2001-05-03",
        "acceptedDate": "2001-05-03 00:00:00",
        "calendarYear": "2001",
        "period": "Q1",
        "revenue": 590702000,
        "costOfRevenue": 416816000,
        "grossProfit": 173886000,
        "grossProfitRatio": 0.2943717814,
        "researchAndDevelopmentExpenses": 0,
        "generalAndAdministrativeExpenses": 0,
        "sellingAndMarketingExpenses": 0,
        "sellingGeneralAndAdministrativeExpenses": 14287000,
        "otherExpenses": 97866000,
        "operatingExpenses": 112153000,
        "costAndExpenses": 528969000,
        "interestIncome": 0,
        "interestExpense": 0,
        "depreciationAndAmortization": 67845000,
        "ebitda": 15915000,
        "ebitdaratio": 0.0269425192,
        "operatingIncome": -51930000,
        "operatingIncomeRatio": -0.0879123484,
        "totalOtherIncomeExpensesNet": 194293000,
        "incomeBeforeTax": 142363000,
        "incomeBeforeTaxRatio": 0.2410064635,
        "incomeTaxExpense": 41563000,
        "netIncome": 100800000,
        "netIncomeRatio": 0.1706444197,
        "eps": 0.64,
        "epsdiluted": 0.64,
        "weightedAverageShsOut": 157233150,
        "weightedAverageShsOutDil": 158403586,
        "link": "https://www.sec.gov/Archives/edgar/data/1070412/000095013201500180/0000950132-01-500180-index.htm",
        "finalLink": "https://www.sec.gov/Archives/edgar/data/1070412/000095013201500180/d10q.txt"
    },
    {
        "date": "2000-12-31",
        "symbol": "CNX",
        "reportedCurrency": "USD",
        "cik": "0001070412",
        "fillingDate": "2001-02-05",
        "acceptedDate": "2001-02-05 00:00:00",
        "calendarYear": "2000",
        "period": "Q4",
        "revenue": 528810000,
        "costOfRevenue": 360854000,
        "grossProfit": 167956000,
        "grossProfitRatio": 0.3176112403,
        "researchAndDevelopmentExpenses": 0,
        "generalAndAdministrativeExpenses": 0,
        "sellingAndMarketingExpenses": 0,
        "sellingGeneralAndAdministrativeExpenses": 16865000,
        "otherExpenses": 102755000,
        "operatingExpenses": 119620000,
        "costAndExpenses": 480474000,
        "interestIncome": 0,
        "interestExpense": 15542000,
        "depreciationAndAmortization": 62652000,
        "ebitda": 110988000,
        "ebitdaratio": 0.2098825665,
        "operatingIncome": 48336000,
        "operatingIncomeRatio": 0.0914052306,
        "totalOtherIncomeExpensesNet": -15542000,
        "incomeBeforeTax": 32794000,
        "incomeBeforeTaxRatio": 0.0620147123,
        "incomeTaxExpense": 3387000,
        "netIncome": 29407000,
        "netIncomeRatio": 0.0556097653,
        "eps": 0.19,
        "epsdiluted": 0.19,
        "weightedAverageShsOut": 157181708,
        "weightedAverageShsOutDil": 157181708,
        "link": "https://www.sec.gov/Archives/edgar/data/1070412/000095013201000050/0000950132-01-000050-index.htm",
        "finalLink": "https://www.sec.gov/Archives/edgar/data/1070412/000095013201000050/0000950132-01-000050-0001.txt"
    },
    {
        "date": "2000-09-30",
        "symbol": "CNX",
        "reportedCurrency": "USD",
        "cik": "0001070412",
        "fillingDate": "2000-11-08",
        "acceptedDate": "2000-11-08 00:00:00",
        "calendarYear": "2000",
        "period": "Q3",
        "revenue": 504357000,
        "costOfRevenue": 367559000,
        "grossProfit": 136798000,
        "grossProfitRatio": 0.2712324802,
        "researchAndDevelopmentExpenses": 0,
        "generalAndAdministrativeExpenses": 0,
        "sellingAndMarketingExpenses": 0,
        "sellingGeneralAndAdministrativeExpenses": 16516000,
        "otherExpenses": 100467000,
        "operatingExpenses": 116983000,
        "costAndExpenses": 484542000,
        "interestIncome": 0,
        "interestExpense": 15264000,
        "depreciationAndAmortization": 62799000,
        "ebitda": 82614000,
        "ebitdaratio": 0.1638006412,
        "operatingIncome": 19815000,
        "operatingIncomeRatio": 0.0392876474,
        "totalOtherIncomeExpensesNet": -15264000,
        "incomeBeforeTax": 4551000,
        "incomeBeforeTaxRatio": 0.0090233704,
        "incomeTaxExpense": 455000,
        "netIncome": 4096000,
        "netIncomeRatio": 0.0081212316,
        "eps": 0.025,
        "epsdiluted": 0.025,
        "weightedAverageShsOut": 157155100,
        "weightedAverageShsOutDil": 157155100,
        "link": "https://www.sec.gov/Archives/edgar/data/1070412/000095013200000803/0000950132-00-000803-index.htm",
        "finalLink": "https://www.sec.gov/Archives/edgar/data/1070412/000095013200000803/0000950132-00-000803-0001.txt"
    },
    {
        "date": "2000-06-30",
        "symbol": "CNX",
        "reportedCurrency": "USD",
        "cik": "0001070412",
        "fillingDate": "2000-09-28",
        "acceptedDate": "2000-09-28 00:00:00",
        "calendarYear": "2000",
        "period": "Q2",
        "revenue": 565872000,
        "costOfRevenue": 335236000,
        "grossProfit": 230636000,
        "grossProfitRatio": 0.4075762717,
        "researchAndDevelopmentExpenses": 0,
        "generalAndAdministrativeExpenses": 15191000,
        "sellingAndMarketingExpenses": 0,
        "sellingGeneralAndAdministrativeExpenses": 15191000,
        "otherExpenses": 106977000,
        "operatingExpenses": 122168000,
        "costAndExpenses": 457404000,
        "interestIncome": 0,
        "interestExpense": 114548000,
        "depreciationAndAmortization": 65272000,
        "ebitda": 223348000,
        "ebitdaratio": 0.394697034,
        "operatingIncome": 158076000,
        "operatingIncomeRatio": 0.2793493935,
        "totalOtherIncomeExpensesNet": -64940000,
        "incomeBeforeTax": 43528000,
        "incomeBeforeTaxRatio": 0.0769219894,
        "incomeTaxExpense": 6691000,
        "netIncome": 36837000,
        "netIncomeRatio": 0.0650977606,
        "eps": 0.23,
        "epsdiluted": 0.23,
        "weightedAverageShsOut": 157155100,
        "weightedAverageShsOutDil": 157155100,
        "link": "https://www.sec.gov/Archives/edgar/data/1070412/000095013200000745/0000950132-00-000745-index.htm",
        "finalLink": "https://www.sec.gov/Archives/edgar/data/1070412/000095013200000745/0000950132-00-000745-0001.txt"
    },
    {
        "date": "2000-03-31",
        "symbol": "CNX",
        "reportedCurrency": "USD",
        "cik": "0001070412",
        "fillingDate": "2000-05-10",
        "acceptedDate": "2000-05-10 00:00:00",
        "calendarYear": "2000",
        "period": "Q1",
        "revenue": 511016000,
        "costOfRevenue": 364682000,
        "grossProfit": 146334000,
        "grossProfitRatio": 0.2863589398,
        "researchAndDevelopmentExpenses": 0,
        "generalAndAdministrativeExpenses": 13696000,
        "sellingAndMarketingExpenses": 0,
        "sellingGeneralAndAdministrativeExpenses": 13696000,
        "otherExpenses": 114815000,
        "operatingExpenses": 128511000,
        "costAndExpenses": 493193000,
        "interestIncome": 0,
        "interestExpense": 0,
        "depreciationAndAmortization": 68949000,
        "ebitda": 69927000,
        "ebitdaratio": 0.1368391596,
        "operatingIncome": 978000,
        "operatingIncomeRatio": 0.0019138344,
        "totalOtherIncomeExpensesNet": -24192000,
        "incomeBeforeTax": 20085000,
        "incomeBeforeTaxRatio": 0.0393040531,
        "incomeTaxExpense": -2885000,
        "netIncome": 22970000,
        "netIncomeRatio": 0.0449496689,
        "eps": 0.14,
        "epsdiluted": 0.14,
        "weightedAverageShsOut": 158435460,
        "weightedAverageShsOutDil": 158436268,
        "link": "https://www.sec.gov/Archives/edgar/data/1070412/000095013200000354/0000950132-00-000354-index.html",
        "finalLink": "https://www.sec.gov/Archives/edgar/data/1070412/000095013200000354/"
    },
    {
        "date": "1999-12-31",
        "symbol": "CNX",
        "reportedCurrency": "USD",
        "cik": "0001070412",
        "fillingDate": "2000-02-14",
        "acceptedDate": "2000-02-14 00:00:00",
        "calendarYear": "1999",
        "period": "Q4",
        "revenue": 548300000,
        "costOfRevenue": 371300000,
        "grossProfit": 177000000,
        "grossProfitRatio": 0.3228159767,
        "researchAndDevelopmentExpenses": 0,
        "generalAndAdministrativeExpenses": 14900000,
        "sellingAndMarketingExpenses": 0,
        "sellingGeneralAndAdministrativeExpenses": 14900000,
        "otherExpenses": 117100000,
        "operatingExpenses": 132000000,
        "costAndExpenses": 503300000,
        "interestIncome": 0,
        "interestExpense": 12600000,
        "depreciationAndAmortization": 71000000,
        "ebitda": 116000000,
        "ebitdaratio": 0.2115630129,
        "operatingIncome": 45000000,
        "operatingIncomeRatio": 0.0820718585,
        "totalOtherIncomeExpensesNet": -12500000,
        "incomeBeforeTax": 32400000,
        "incomeBeforeTaxRatio": 0.0590917381,
        "incomeTaxExpense": -4100000,
        "netIncome": 36500000,
        "netIncomeRatio": 0.0665693963,
        "eps": 0.23,
        "epsdiluted": 0.23,
        "weightedAverageShsOut": 158695652,
        "weightedAverageShsOutDil": 158695652,
        "link": "https://www.sec.gov/Archives/edgar/data/1070412/000095013200000073/0000950132-00-000073-index.html",
        "finalLink": "https://www.sec.gov/Archives/edgar/data/1070412/000095013200000073/"
    },
    {
        "date": "1999-09-30",
        "symbol": "CNX",
        "reportedCurrency": "USD",
        "cik": "0001070412",
        "fillingDate": "1999-11-10",
        "acceptedDate": "1999-11-10 00:00:00",
        "calendarYear": "1999",
        "period": "Q3",
        "revenue": 556400000,
        "costOfRevenue": 417200000,
        "grossProfit": 139200000,
        "grossProfitRatio": 0.2501797268,
        "researchAndDevelopmentExpenses": 0,
        "generalAndAdministrativeExpenses": 14200000,
        "sellingAndMarketingExpenses": 0,
        "sellingGeneralAndAdministrativeExpenses": 14200000,
        "otherExpenses": 101700000,
        "operatingExpenses": 115900000,
        "costAndExpenses": 533100000,
        "interestIncome": 0,
        "interestExpense": 12800000,
        "depreciationAndAmortization": 61100000,
        "ebitda": 84400000,
        "ebitdaratio": 0.1516894321,
        "operatingIncome": 23300000,
        "operatingIncomeRatio": 0.041876348,
        "totalOtherIncomeExpensesNet": -12800000,
        "incomeBeforeTax": 10500000,
        "incomeBeforeTaxRatio": 0.0188713156,
        "incomeTaxExpense": -200000,
        "netIncome": 10700000,
        "netIncomeRatio": 0.0192307692,
        "eps": 0.065,
        "epsdiluted": 0.065,
        "weightedAverageShsOut": 164615385,
        "weightedAverageShsOutDil": 164615385,
        "link": "https://www.sec.gov/Archives/edgar/data/1070412/000095013299000966/0000950132-99-000966-index.html",
        "finalLink": "https://www.sec.gov/Archives/edgar/data/1070412/000095013299000966/"
    },
    {
        "date": "1999-06-30",
        "symbol": "CNX",
        "reportedCurrency": "USD",
        "cik": "0001070412",
        "fillingDate": "1999-09-28",
        "acceptedDate": "1999-09-28 00:00:00",
        "calendarYear": "1999",
        "period": "Q2",
        "revenue": 514400000,
        "costOfRevenue": 394800000,
        "grossProfit": 119600000,
        "grossProfitRatio": 0.232503888,
        "researchAndDevelopmentExpenses": 0,
        "generalAndAdministrativeExpenses": 56300000,
        "sellingAndMarketingExpenses": 59100000,
        "sellingGeneralAndAdministrativeExpenses": 115400000,
        "otherExpenses": 0,
        "operatingExpenses": 115400000,
        "costAndExpenses": 510200000,
        "interestIncome": 0,
        "interestExpense": -14000000,
        "depreciationAndAmortization": 59000000,
        "ebitda": 52800000,
        "ebitdaratio": 0.1026438569,
        "operatingIncome": -6200000,
        "operatingIncomeRatio": -0.0120528771,
        "totalOtherIncomeExpensesNet": 14100000,
        "incomeBeforeTax": 7900000,
        "incomeBeforeTaxRatio": 0.0153576983,
        "incomeTaxExpense": -6600000,
        "netIncome": 14500000,
        "netIncomeRatio": 0.0281881804,
        "eps": 0.1,
        "epsdiluted": 0.1,
        "weightedAverageShsOut": 143600000,
        "weightedAverageShsOutDil": 143600000,
        "link": "https://www.sec.gov/Archives/edgar/data/1070412/000095013299000872/0000950132-99-000872-index.html",
        "finalLink": "https://www.sec.gov/Archives/edgar/data/1070412/000095013299000872/"
    },
    {
        "date": "1999-03-31",
        "symbol": "CNX",
        "reportedCurrency": "USD",
        "cik": "0001070412",
        "fillingDate": "1999-05-17",
        "acceptedDate": "1999-05-17 00:00:00",
        "calendarYear": "1999",
        "period": "Q1",
        "revenue": 567500000,
        "costOfRevenue": 394700000,
        "grossProfit": 172800000,
        "grossProfitRatio": 0.3044933921,
        "researchAndDevelopmentExpenses": 0,
        "generalAndAdministrativeExpenses": 13300000,
        "sellingAndMarketingExpenses": 0,
        "sellingGeneralAndAdministrativeExpenses": 13300000,
        "otherExpenses": 121700000,
        "operatingExpenses": 135000000,
        "costAndExpenses": 529700000,
        "interestIncome": 0,
        "interestExpense": 0,
        "depreciationAndAmortization": 65300000,
        "ebitda": 92200000,
        "ebitdaratio": 0.1624669604,
        "operatingIncome": 26900000,
        "operatingIncomeRatio": 0.0474008811,
        "totalOtherIncomeExpensesNet": -5600000,
        "incomeBeforeTax": 32300000,
        "incomeBeforeTaxRatio": 0.0569162996,
        "incomeTaxExpense": 6700000,
        "netIncome": 25600000,
        "netIncomeRatio": 0.0451101322,
        "eps": 0.085,
        "epsdiluted": 0.085,
        "weightedAverageShsOut": 160536000,
        "weightedAverageShsOutDil": 160536000,
        "link": "https://www.sec.gov/Archives/edgar/data/1070412/000095013299000532/0000950132-99-000532-index.html",
        "finalLink": "https://www.sec.gov/Archives/edgar/data/1070412/"
    }
]