[
    {
        "date": "2018-09-30",
        "symbol": "COL",
        "reportedCurrency": "USD",
        "cik": "0000000000",
        "fillingDate": "2018-09-30",
        "acceptedDate": "2018-09-30 00:00:00",
        "calendarYear": "2018",
        "period": "Q4",
        "revenue": 2266000000,
        "costOfRevenue": 1696000000,
        "grossProfit": 570000000,
        "grossProfitRatio": 0.2515445719,
        "researchAndDevelopmentExpenses": 0,
        "generalAndAdministrativeExpenses": 207000000,
        "sellingAndMarketingExpenses": 0,
        "sellingGeneralAndAdministrativeExpenses": 207000000,
        "otherExpenses": 0,
        "operatingExpenses": 207000000,
        "costAndExpenses": 1903000000,
        "interestIncome": 0,
        "interestExpense": 66000000,
        "depreciationAndAmortization": 153000000,
        "ebitda": 520000000,
        "ebitdaratio": 0.2294792586,
        "operatingIncome": 367000000,
        "operatingIncomeRatio": 0.1619593998,
        "totalOtherIncomeExpensesNet": -91000000,
        "incomeBeforeTax": 280000000,
        "incomeBeforeTaxRatio": 0.1235657546,
        "incomeTaxExpense": 40000000,
        "netIncome": 240000000,
        "netIncomeRatio": 0.105913504,
        "eps": 1.45,
        "epsdiluted": 1.45,
        "weightedAverageShsOut": 165800000,
        "weightedAverageShsOutDil": 165800000,
        "link": null,
        "finalLink": null
    },
    {
        "date": "2018-06-30",
        "symbol": "COL",
        "reportedCurrency": "USD",
        "cik": "0000000000",
        "fillingDate": "2018-06-30",
        "acceptedDate": "2018-06-30 00:00:00",
        "calendarYear": "2018",
        "period": "Q3",
        "revenue": 2208000000,
        "costOfRevenue": 1625000000,
        "grossProfit": 583000000,
        "grossProfitRatio": 0.2640398551,
        "researchAndDevelopmentExpenses": 0,
        "generalAndAdministrativeExpenses": 212000000,
        "sellingAndMarketingExpenses": 0,
        "sellingGeneralAndAdministrativeExpenses": 212000000,
        "otherExpenses": 0,
        "operatingExpenses": 212000000,
        "costAndExpenses": 1837000000,
        "interestIncome": 0,
        "interestExpense": 66000000,
        "depreciationAndAmortization": 146000000,
        "ebitda": 517000000,
        "ebitdaratio": 0.2341485507,
        "operatingIncome": 364000000,
        "operatingIncomeRatio": 0.1648550725,
        "totalOtherIncomeExpensesNet": -58000000,
        "incomeBeforeTax": 269000000,
        "incomeBeforeTaxRatio": 0.1218297101,
        "incomeTaxExpense": -6000000,
        "netIncome": 275000000,
        "netIncomeRatio": 0.1245471014,
        "eps": 1.67,
        "epsdiluted": 1.66,
        "weightedAverageShsOut": 164300000,
        "weightedAverageShsOutDil": 165900000,
        "link": null,
        "finalLink": null
    },
    {
        "date": "2018-03-31",
        "symbol": "COL",
        "reportedCurrency": "USD",
        "cik": "0000000000",
        "fillingDate": "2018-03-31",
        "acceptedDate": "2018-03-31 00:00:00",
        "calendarYear": "2018",
        "period": "Q2",
        "revenue": 2180000000,
        "costOfRevenue": 1598000000,
        "grossProfit": 582000000,
        "grossProfitRatio": 0.2669724771,
        "researchAndDevelopmentExpenses": 0,
        "generalAndAdministrativeExpenses": 194000000,
        "sellingAndMarketingExpenses": 0,
        "sellingGeneralAndAdministrativeExpenses": 194000000,
        "otherExpenses": 0,
        "operatingExpenses": 194000000,
        "costAndExpenses": 1792000000,
        "interestIncome": 0,
        "interestExpense": 66000000,
        "depreciationAndAmortization": 145000000,
        "ebitda": 467000000,
        "ebitdaratio": 0.2142201835,
        "operatingIncome": 407000000,
        "operatingIncomeRatio": 0.1866972477,
        "totalOtherIncomeExpensesNet": -11000000,
        "incomeBeforeTax": 306000000,
        "incomeBeforeTaxRatio": 0.1403669725,
        "incomeTaxExpense": 69000000,
        "netIncome": 237000000,
        "netIncomeRatio": 0.1087155963,
        "eps": 1.44,
        "epsdiluted": 1.43,
        "weightedAverageShsOut": 164100000,
        "weightedAverageShsOutDil": 165800000,
        "link": null,
        "finalLink": null
    },
    {
        "date": "2017-12-31",
        "symbol": "COL",
        "reportedCurrency": "USD",
        "cik": "0000000000",
        "fillingDate": "2017-12-31",
        "acceptedDate": "2017-12-31 00:00:00",
        "calendarYear": "2018",
        "period": "Q1",
        "revenue": 2011000000,
        "costOfRevenue": 1463000000,
        "grossProfit": 548000000,
        "grossProfitRatio": 0.2725012432,
        "researchAndDevelopmentExpenses": 0,
        "generalAndAdministrativeExpenses": 204000000,
        "sellingAndMarketingExpenses": 0,
        "sellingGeneralAndAdministrativeExpenses": 204000000,
        "otherExpenses": 0,
        "operatingExpenses": 204000000,
        "costAndExpenses": 1667000000,
        "interestIncome": 0,
        "interestExpense": 64000000,
        "depreciationAndAmortization": 177000000,
        "ebitda": 494000000,
        "ebitdaratio": 0.2456489309,
        "operatingIncome": 317000000,
        "operatingIncomeRatio": 0.1576330184,
        "totalOtherIncomeExpensesNet": -65000000,
        "incomeBeforeTax": 257000000,
        "incomeBeforeTaxRatio": 0.1277971159,
        "incomeTaxExpense": -23000000,
        "netIncome": 280000000,
        "netIncomeRatio": 0.1392342118,
        "eps": 1.71,
        "epsdiluted": 1.69,
        "weightedAverageShsOut": 163400000,
        "weightedAverageShsOutDil": 165400000,
        "link": null,
        "finalLink": null
    },
    {
        "date": "2017-09-30",
        "symbol": "COL",
        "reportedCurrency": "USD",
        "cik": "0000000000",
        "fillingDate": "2017-09-30",
        "acceptedDate": "2017-09-30 00:00:00",
        "calendarYear": "2017",
        "period": "Q4",
        "revenue": 2193000000,
        "costOfRevenue": 1598000000,
        "grossProfit": 595000000,
        "grossProfitRatio": 0.2713178295,
        "researchAndDevelopmentExpenses": 0,
        "generalAndAdministrativeExpenses": 218000000,
        "sellingAndMarketingExpenses": 0,
        "sellingGeneralAndAdministrativeExpenses": 218000000,
        "otherExpenses": 2000000,
        "operatingExpenses": 218000000,
        "costAndExpenses": 1816000000,
        "interestIncome": 0,
        "interestExpense": 65000000,
        "depreciationAndAmortization": 184000000,
        "ebitda": 423000000,
        "ebitdaratio": 0.1928864569,
        "operatingIncome": 339000000,
        "operatingIncomeRatio": 0.1545827633,
        "totalOtherIncomeExpensesNet": -118000000,
        "incomeBeforeTax": 274000000,
        "incomeBeforeTaxRatio": 0.1249430005,
        "incomeTaxExpense": 61000000,
        "netIncome": 213000000,
        "netIncomeRatio": 0.097127223,
        "eps": 1.31,
        "epsdiluted": 1.29,
        "weightedAverageShsOut": 162900000,
        "weightedAverageShsOutDil": 164700000,
        "link": null,
        "finalLink": null
    },
    {
        "date": "2017-06-30",
        "symbol": "COL",
        "reportedCurrency": "USD",
        "cik": "0000000000",
        "fillingDate": "2017-06-30",
        "acceptedDate": "2017-06-30 00:00:00",
        "calendarYear": "2017",
        "period": "Q3",
        "revenue": 2094000000,
        "costOfRevenue": 1524000000,
        "grossProfit": 570000000,
        "grossProfitRatio": 0.2722063037,
        "researchAndDevelopmentExpenses": 0,
        "generalAndAdministrativeExpenses": 213000000,
        "sellingAndMarketingExpenses": 0,
        "sellingGeneralAndAdministrativeExpenses": 213000000,
        "otherExpenses": 0,
        "operatingExpenses": 213000000,
        "costAndExpenses": 1737000000,
        "interestIncome": 0,
        "interestExpense": 77000000,
        "depreciationAndAmortization": 125000000,
        "ebitda": 323000000,
        "ebitdaratio": 0.1542502388,
        "operatingIncome": 293000000,
        "operatingIncomeRatio": 0.1399235912,
        "totalOtherIncomeExpensesNet": -21000000,
        "incomeBeforeTax": 221000000,
        "incomeBeforeTaxRatio": 0.1055396371,
        "incomeTaxExpense": 42000000,
        "netIncome": 179000000,
        "netIncomeRatio": 0.0854823305,
        "eps": 1.13,
        "epsdiluted": 1.12,
        "weightedAverageShsOut": 158200000,
        "weightedAverageShsOutDil": 159900000,
        "link": null,
        "finalLink": null
    },
    {
        "date": "2017-03-31",
        "symbol": "COL",
        "reportedCurrency": "USD",
        "cik": "0000000000",
        "fillingDate": "2017-03-31",
        "acceptedDate": "2017-03-31 00:00:00",
        "calendarYear": "2017",
        "period": "Q2",
        "revenue": 1342000000,
        "costOfRevenue": 930000000,
        "grossProfit": 412000000,
        "grossProfitRatio": 0.3070044709,
        "researchAndDevelopmentExpenses": 0,
        "generalAndAdministrativeExpenses": 158000000,
        "sellingAndMarketingExpenses": 0,
        "sellingGeneralAndAdministrativeExpenses": 158000000,
        "otherExpenses": 0,
        "operatingExpenses": 158000000,
        "costAndExpenses": 1088000000,
        "interestIncome": 0,
        "interestExpense": 25000000,
        "depreciationAndAmortization": 65000000,
        "ebitda": 283000000,
        "ebitdaratio": 0.2108792846,
        "operatingIncome": 254000000,
        "operatingIncomeRatio": 0.1892697466,
        "totalOtherIncomeExpensesNet": 10000000,
        "incomeBeforeTax": 233000000,
        "incomeBeforeTaxRatio": 0.1736214605,
        "incomeTaxExpense": 65000000,
        "netIncome": 168000000,
        "netIncomeRatio": 0.1251862891,
        "eps": 1.28,
        "epsdiluted": 1.27,
        "weightedAverageShsOut": 130900000,
        "weightedAverageShsOutDil": 132400000,
        "link": null,
        "finalLink": null
    },
    {
        "date": "2016-12-31",
        "symbol": "COL",
        "reportedCurrency": "USD",
        "cik": "0000000000",
        "fillingDate": "2016-12-31",
        "acceptedDate": "2016-12-31 00:00:00",
        "calendarYear": "2017",
        "period": "Q1",
        "revenue": 1193000000,
        "costOfRevenue": 816000000,
        "grossProfit": 377000000,
        "grossProfitRatio": 0.3160100587,
        "researchAndDevelopmentExpenses": 0,
        "generalAndAdministrativeExpenses": 159000000,
        "sellingAndMarketingExpenses": 0,
        "sellingGeneralAndAdministrativeExpenses": 159000000,
        "otherExpenses": 0,
        "operatingExpenses": 159000000,
        "costAndExpenses": 975000000,
        "interestIncome": 0,
        "interestExpense": 20000000,
        "depreciationAndAmortization": 60000000,
        "ebitda": 375000000,
        "ebitdaratio": 0.3143336127,
        "operatingIncome": 223000000,
        "operatingIncomeRatio": 0.1869237217,
        "totalOtherIncomeExpensesNet": -20000000,
        "incomeBeforeTax": 203000000,
        "incomeBeforeTaxRatio": 0.1701592624,
        "incomeTaxExpense": -58000000,
        "netIncome": 145000000,
        "netIncomeRatio": 0.1215423303,
        "eps": 1.11,
        "epsdiluted": 1.1,
        "weightedAverageShsOut": 130800000,
        "weightedAverageShsOutDil": 131900000,
        "link": null,
        "finalLink": null
    },
    {
        "date": "2016-09-30",
        "symbol": "COL",
        "reportedCurrency": "USD",
        "cik": "0000000000",
        "fillingDate": "2016-09-30",
        "acceptedDate": "2016-09-30 00:00:00",
        "calendarYear": "2016",
        "period": "Q4",
        "revenue": 1445000000,
        "costOfRevenue": 984000000,
        "grossProfit": 461000000,
        "grossProfitRatio": 0.3190311419,
        "researchAndDevelopmentExpenses": 0,
        "generalAndAdministrativeExpenses": 157000000,
        "sellingAndMarketingExpenses": 0,
        "sellingGeneralAndAdministrativeExpenses": 157000000,
        "otherExpenses": 0,
        "operatingExpenses": 157000000,
        "costAndExpenses": 1141000000,
        "interestIncome": 0,
        "interestExpense": 16000000,
        "depreciationAndAmortization": 63000000,
        "ebitda": 375000000,
        "ebitdaratio": 0.2595155709,
        "operatingIncome": 1757000000,
        "operatingIncomeRatio": 1.215916955,
        "totalOtherIncomeExpensesNet": -1087000000,
        "incomeBeforeTax": 296000000,
        "incomeBeforeTaxRatio": 0.2048442907,
        "incomeTaxExpense": -88000000,
        "netIncome": 208000000,
        "netIncomeRatio": 0.1439446367,
        "eps": 1.6,
        "epsdiluted": 1.58,
        "weightedAverageShsOut": 130200000,
        "weightedAverageShsOutDil": 131500000,
        "link": null,
        "finalLink": null
    },
    {
        "date": "2016-06-30",
        "symbol": "COL",
        "reportedCurrency": "USD",
        "cik": "0000000000",
        "fillingDate": "2016-06-30",
        "acceptedDate": "2016-06-30 00:00:00",
        "calendarYear": "2016",
        "period": "Q3",
        "revenue": 1334000000,
        "costOfRevenue": 915000000,
        "grossProfit": 419000000,
        "grossProfitRatio": 0.3140929535,
        "researchAndDevelopmentExpenses": 0,
        "generalAndAdministrativeExpenses": 158000000,
        "sellingAndMarketingExpenses": 0,
        "sellingGeneralAndAdministrativeExpenses": 158000000,
        "otherExpenses": 0,
        "operatingExpenses": 158000000,
        "costAndExpenses": 1073000000,
        "interestIncome": 0,
        "interestExpense": 16000000,
        "depreciationAndAmortization": 65000000,
        "ebitda": 263000000,
        "ebitdaratio": 0.1971514243,
        "operatingIncome": 198000000,
        "operatingIncomeRatio": 0.1484257871,
        "totalOtherIncomeExpensesNet": -9000000,
        "incomeBeforeTax": 247000000,
        "incomeBeforeTaxRatio": 0.1851574213,
        "incomeTaxExpense": 33000000,
        "netIncome": 214000000,
        "netIncomeRatio": 0.1604197901,
        "eps": 1.65,
        "epsdiluted": 1.63,
        "weightedAverageShsOut": 129900000,
        "weightedAverageShsOutDil": 131500000,
        "link": null,
        "finalLink": null
    },
    {
        "date": "2016-03-31",
        "symbol": "COL",
        "reportedCurrency": "USD",
        "cik": "0000000000",
        "fillingDate": "2016-03-31",
        "acceptedDate": "2016-03-31 00:00:00",
        "calendarYear": "2016",
        "period": "Q2",
        "revenue": 1311000000,
        "costOfRevenue": 907000000,
        "grossProfit": 404000000,
        "grossProfitRatio": 0.3081617086,
        "researchAndDevelopmentExpenses": 0,
        "generalAndAdministrativeExpenses": 160000000,
        "sellingAndMarketingExpenses": 0,
        "sellingGeneralAndAdministrativeExpenses": 160000000,
        "otherExpenses": 0,
        "operatingExpenses": 160000000,
        "costAndExpenses": 1067000000,
        "interestIncome": 0,
        "interestExpense": 17000000,
        "depreciationAndAmortization": 67000000,
        "ebitda": 230000000,
        "ebitdaratio": 0.1754385965,
        "operatingIncome": 252000000,
        "operatingIncomeRatio": 0.1922196796,
        "totalOtherIncomeExpensesNet": 65000000,
        "incomeBeforeTax": 235000000,
        "incomeBeforeTaxRatio": 0.179252479,
        "incomeTaxExpense": 63000000,
        "netIncome": 171000000,
        "netIncomeRatio": 0.1304347826,
        "eps": 1.31,
        "epsdiluted": 1.29,
        "weightedAverageShsOut": 130800000,
        "weightedAverageShsOutDil": 132300000,
        "link": null,
        "finalLink": null
    },
    {
        "date": "2015-12-31",
        "symbol": "COL",
        "reportedCurrency": "USD",
        "cik": "0000000000",
        "fillingDate": "2015-12-31",
        "acceptedDate": "2015-12-31 00:00:00",
        "calendarYear": "2016",
        "period": "Q1",
        "revenue": 1169000000,
        "costOfRevenue": 836000000,
        "grossProfit": 333000000,
        "grossProfitRatio": 0.2848588537,
        "researchAndDevelopmentExpenses": 0,
        "generalAndAdministrativeExpenses": 163000000,
        "sellingAndMarketingExpenses": 0,
        "sellingGeneralAndAdministrativeExpenses": 163000000,
        "otherExpenses": 0,
        "operatingExpenses": 163000000,
        "costAndExpenses": 999000000,
        "interestIncome": 0,
        "interestExpense": 15000000,
        "depreciationAndAmortization": 58000000,
        "ebitda": 345000000,
        "ebitdaratio": 0.2951240376,
        "operatingIncome": 172000000,
        "operatingIncomeRatio": 0.1471343028,
        "totalOtherIncomeExpensesNet": 94000000,
        "incomeBeforeTax": 157000000,
        "incomeBeforeTaxRatio": 0.1343028229,
        "incomeTaxExpense": 24000000,
        "netIncome": 135000000,
        "netIncomeRatio": 0.1154833191,
        "eps": 1.03,
        "epsdiluted": 1.02,
        "weightedAverageShsOut": 131400000,
        "weightedAverageShsOutDil": 132800000,
        "link": null,
        "finalLink": null
    },
    {
        "date": "2015-09-30",
        "symbol": "COL",
        "reportedCurrency": "USD",
        "cik": "0000000000",
        "fillingDate": "2015-09-30",
        "acceptedDate": "2015-09-30 00:00:00",
        "calendarYear": "2015",
        "period": "Q4",
        "revenue": 1384000000,
        "costOfRevenue": 948000000,
        "grossProfit": 436000000,
        "grossProfitRatio": 0.3150289017,
        "researchAndDevelopmentExpenses": 0,
        "generalAndAdministrativeExpenses": 160000000,
        "sellingAndMarketingExpenses": 0,
        "sellingGeneralAndAdministrativeExpenses": 160000000,
        "otherExpenses": 0,
        "operatingExpenses": 160000000,
        "costAndExpenses": 1108000000,
        "interestIncome": 0,
        "interestExpense": 16000000,
        "depreciationAndAmortization": 63000000,
        "ebitda": 345000000,
        "ebitdaratio": 0.2492774566,
        "operatingIncome": 282000000,
        "operatingIncomeRatio": 0.2037572254,
        "totalOtherIncomeExpensesNet": -45000000,
        "incomeBeforeTax": 266000000,
        "incomeBeforeTaxRatio": 0.1921965318,
        "incomeTaxExpense": 82000000,
        "netIncome": 184000000,
        "netIncomeRatio": 0.1329479769,
        "eps": 1.39,
        "epsdiluted": 1.38,
        "weightedAverageShsOut": 131900000,
        "weightedAverageShsOutDil": 133200000,
        "link": null,
        "finalLink": null
    },
    {
        "date": "2015-06-30",
        "symbol": "COL",
        "reportedCurrency": "USD",
        "cik": "0000000000",
        "fillingDate": "2015-06-30",
        "acceptedDate": "2015-06-30 00:00:00",
        "calendarYear": "2015",
        "period": "Q3",
        "revenue": 1293000000,
        "costOfRevenue": 888000000,
        "grossProfit": 405000000,
        "grossProfitRatio": 0.313225058,
        "researchAndDevelopmentExpenses": 0,
        "generalAndAdministrativeExpenses": 157000000,
        "sellingAndMarketingExpenses": 0,
        "sellingGeneralAndAdministrativeExpenses": 157000000,
        "otherExpenses": 0,
        "operatingExpenses": 157000000,
        "costAndExpenses": 1045000000,
        "interestIncome": 0,
        "interestExpense": 15000000,
        "depreciationAndAmortization": 67000000,
        "ebitda": 316000000,
        "ebitdaratio": 0.2443928848,
        "operatingIncome": 185000000,
        "operatingIncomeRatio": 0.1430781129,
        "totalOtherIncomeExpensesNet": -11000000,
        "incomeBeforeTax": 237000000,
        "incomeBeforeTaxRatio": 0.1832946636,
        "incomeTaxExpense": 59000000,
        "netIncome": 178000000,
        "netIncomeRatio": 0.1376643465,
        "eps": 1.35,
        "epsdiluted": 1.33,
        "weightedAverageShsOut": 131800000,
        "weightedAverageShsOutDil": 133600000,
        "link": null,
        "finalLink": null
    },
    {
        "date": "2015-03-31",
        "symbol": "COL",
        "reportedCurrency": "USD",
        "cik": "0000000000",
        "fillingDate": "2015-03-31",
        "acceptedDate": "2015-03-31 00:00:00",
        "calendarYear": "2015",
        "period": "Q2",
        "revenue": 1341000000,
        "costOfRevenue": 937000000,
        "grossProfit": 404000000,
        "grossProfitRatio": 0.3012677107,
        "researchAndDevelopmentExpenses": 0,
        "generalAndAdministrativeExpenses": 152000000,
        "sellingAndMarketingExpenses": 0,
        "sellingGeneralAndAdministrativeExpenses": 152000000,
        "otherExpenses": 0,
        "operatingExpenses": 152000000,
        "costAndExpenses": 1089000000,
        "interestIncome": 0,
        "interestExpense": 15000000,
        "depreciationAndAmortization": 60000000,
        "ebitda": 295000000,
        "ebitdaratio": 0.2199850858,
        "operatingIncome": 256000000,
        "operatingIncomeRatio": 0.1909023117,
        "totalOtherIncomeExpensesNet": 9000000,
        "incomeBeforeTax": 241000000,
        "incomeBeforeTaxRatio": 0.1797166294,
        "incomeTaxExpense": 78000000,
        "netIncome": 157000000,
        "netIncomeRatio": 0.1170768084,
        "eps": 1.19,
        "epsdiluted": 1.17,
        "weightedAverageShsOut": 132200000,
        "weightedAverageShsOutDil": 133700000,
        "link": null,
        "finalLink": null
    },
    {
        "date": "2014-12-31",
        "symbol": "COL",
        "reportedCurrency": "USD",
        "cik": "0000000000",
        "fillingDate": "2014-12-31",
        "acceptedDate": "2014-12-31 00:00:00",
        "calendarYear": "2015",
        "period": "Q1",
        "revenue": 1226000000,
        "costOfRevenue": 857000000,
        "grossProfit": 369000000,
        "grossProfitRatio": 0.3009787928,
        "researchAndDevelopmentExpenses": 0,
        "generalAndAdministrativeExpenses": 137000000,
        "sellingAndMarketingExpenses": 0,
        "sellingGeneralAndAdministrativeExpenses": 137000000,
        "otherExpenses": 1000000,
        "operatingExpenses": 137000000,
        "costAndExpenses": 994000000,
        "interestIncome": 0,
        "interestExpense": 15000000,
        "depreciationAndAmortization": 62000000,
        "ebitda": 295000000,
        "ebitdaratio": 0.2406199021,
        "operatingIncome": 233000000,
        "operatingIncomeRatio": 0.1900489396,
        "totalOtherIncomeExpensesNet": 20000000,
        "incomeBeforeTax": 218000000,
        "incomeBeforeTaxRatio": 0.1778140294,
        "incomeTaxExpense": 49000000,
        "netIncome": 167000000,
        "netIncomeRatio": 0.1362153344,
        "eps": 1.26,
        "epsdiluted": 1.24,
        "weightedAverageShsOut": 133000000,
        "weightedAverageShsOutDil": 134500000,
        "link": null,
        "finalLink": null
    },
    {
        "date": "2014-09-30",
        "symbol": "COL",
        "reportedCurrency": "USD",
        "cik": "0000000000",
        "fillingDate": "2014-09-30",
        "acceptedDate": "2014-09-30 00:00:00",
        "calendarYear": "2014",
        "period": "Q4",
        "revenue": 1402000000,
        "costOfRevenue": 974000000,
        "grossProfit": 428000000,
        "grossProfitRatio": 0.305278174,
        "researchAndDevelopmentExpenses": 0,
        "generalAndAdministrativeExpenses": 164000000,
        "sellingAndMarketingExpenses": 0,
        "sellingGeneralAndAdministrativeExpenses": 164000000,
        "otherExpenses": 0,
        "operatingExpenses": 164000000,
        "costAndExpenses": 1138000000,
        "interestIncome": 0,
        "interestExpense": 16000000,
        "depreciationAndAmortization": 62000000,
        "ebitda": 269000000,
        "ebitdaratio": 0.1918687589,
        "operatingIncome": 207000000,
        "operatingIncomeRatio": 0.1476462197,
        "totalOtherIncomeExpensesNet": -10000000,
        "incomeBeforeTax": 253000000,
        "incomeBeforeTaxRatio": 0.1804564907,
        "incomeTaxExpense": 80000000,
        "netIncome": 167000000,
        "netIncomeRatio": 0.1191155492,
        "eps": 1.25,
        "epsdiluted": 1.23,
        "weightedAverageShsOut": 134000000,
        "weightedAverageShsOutDil": 136200000,
        "link": null,
        "finalLink": null
    },
    {
        "date": "2014-06-30",
        "symbol": "COL",
        "reportedCurrency": "USD",
        "cik": "0000000000",
        "fillingDate": "2014-06-30",
        "acceptedDate": "2014-06-30 00:00:00",
        "calendarYear": "2014",
        "period": "Q3",
        "revenue": 1264000000,
        "costOfRevenue": 877000000,
        "grossProfit": 387000000,
        "grossProfitRatio": 0.3061708861,
        "researchAndDevelopmentExpenses": 0,
        "generalAndAdministrativeExpenses": 148000000,
        "sellingAndMarketingExpenses": 0,
        "sellingGeneralAndAdministrativeExpenses": 148000000,
        "otherExpenses": 0,
        "operatingExpenses": 148000000,
        "costAndExpenses": 1025000000,
        "interestIncome": 0,
        "interestExpense": 15000000,
        "depreciationAndAmortization": 59000000,
        "ebitda": 289000000,
        "ebitdaratio": 0.2286392405,
        "operatingIncome": 244000000,
        "operatingIncomeRatio": 0.1930379747,
        "totalOtherIncomeExpensesNet": 1000000,
        "incomeBeforeTax": 229000000,
        "incomeBeforeTaxRatio": 0.1811708861,
        "incomeTaxExpense": 66000000,
        "netIncome": 158000000,
        "netIncomeRatio": 0.125,
        "eps": 1.17,
        "epsdiluted": 1.15,
        "weightedAverageShsOut": 135200000,
        "weightedAverageShsOutDil": 136900000,
        "link": null,
        "finalLink": null
    },
    {
        "date": "2014-03-31",
        "symbol": "COL",
        "reportedCurrency": "USD",
        "cik": "0000000000",
        "fillingDate": "2014-03-31",
        "acceptedDate": "2014-03-31 00:00:00",
        "calendarYear": "2014",
        "period": "Q2",
        "revenue": 1272000000,
        "costOfRevenue": 894000000,
        "grossProfit": 378000000,
        "grossProfitRatio": 0.2971698113,
        "researchAndDevelopmentExpenses": 0,
        "generalAndAdministrativeExpenses": 150000000,
        "sellingAndMarketingExpenses": 0,
        "sellingGeneralAndAdministrativeExpenses": 150000000,
        "otherExpenses": 1000000,
        "operatingExpenses": 150000000,
        "costAndExpenses": 1044000000,
        "interestIncome": 0,
        "interestExpense": 16000000,
        "depreciationAndAmortization": 59000000,
        "ebitda": 237000000,
        "ebitdaratio": 0.1863207547,
        "operatingIncome": 230000000,
        "operatingIncomeRatio": 0.1808176101,
        "totalOtherIncomeExpensesNet": -50000000,
        "incomeBeforeTax": 214000000,
        "incomeBeforeTaxRatio": 0.1682389937,
        "incomeTaxExpense": 67000000,
        "netIncome": 148000000,
        "netIncomeRatio": 0.1163522013,
        "eps": 1.09,
        "epsdiluted": 1.08,
        "weightedAverageShsOut": 135500000,
        "weightedAverageShsOutDil": 137200000,
        "link": null,
        "finalLink": null
    },
    {
        "date": "2013-12-31",
        "symbol": "COL",
        "reportedCurrency": "USD",
        "cik": "0000000000",
        "fillingDate": "2013-12-31",
        "acceptedDate": "2013-12-31 00:00:00",
        "calendarYear": "2014",
        "period": "Q1",
        "revenue": 1071000000,
        "costOfRevenue": 756000000,
        "grossProfit": 315000000,
        "grossProfitRatio": 0.2941176471,
        "researchAndDevelopmentExpenses": 0,
        "generalAndAdministrativeExpenses": 136000000,
        "sellingAndMarketingExpenses": 0,
        "sellingGeneralAndAdministrativeExpenses": 136000000,
        "otherExpenses": 0,
        "operatingExpenses": 136000000,
        "costAndExpenses": 892000000,
        "interestIncome": 0,
        "interestExpense": 12000000,
        "depreciationAndAmortization": 45000000,
        "ebitda": 304000000,
        "ebitdaratio": 0.2838468721,
        "operatingIncome": 192000000,
        "operatingIncomeRatio": 0.1792717087,
        "totalOtherIncomeExpensesNet": 57000000,
        "incomeBeforeTax": 180000000,
        "incomeBeforeTaxRatio": 0.1680672269,
        "incomeTaxExpense": 49000000,
        "netIncome": 131000000,
        "netIncomeRatio": 0.1223155929,
        "eps": 0.97,
        "epsdiluted": 0.96,
        "weightedAverageShsOut": 135300000,
        "weightedAverageShsOutDil": 136700000,
        "link": null,
        "finalLink": null
    },
    {
        "date": "2013-09-30",
        "symbol": "COL",
        "reportedCurrency": "USD",
        "cik": "0000000000",
        "fillingDate": "2013-09-30",
        "acceptedDate": "2013-09-30 00:00:00",
        "calendarYear": "2013",
        "period": "Q4",
        "revenue": 1252000000,
        "costOfRevenue": 875000000,
        "grossProfit": 377000000,
        "grossProfitRatio": 0.3011182109,
        "researchAndDevelopmentExpenses": 0,
        "generalAndAdministrativeExpenses": 124000000,
        "sellingAndMarketingExpenses": 0,
        "sellingGeneralAndAdministrativeExpenses": 124000000,
        "otherExpenses": -1000000,
        "operatingExpenses": 123000000,
        "costAndExpenses": 998000000,
        "interestIncome": 1000000,
        "interestExpense": 7000000,
        "depreciationAndAmortization": 48000000,
        "ebitda": 304000000,
        "ebitdaratio": 0.2428115016,
        "operatingIncome": 256000000,
        "operatingIncomeRatio": 0.2044728435,
        "totalOtherIncomeExpensesNet": -22000000,
        "incomeBeforeTax": 249000000,
        "incomeBeforeTaxRatio": 0.1988817891,
        "incomeTaxExpense": 74000000,
        "netIncome": 175000000,
        "netIncomeRatio": 0.1397763578,
        "eps": 1.3,
        "epsdiluted": 1.28,
        "weightedAverageShsOut": 135100000,
        "weightedAverageShsOutDil": 136700000,
        "link": null,
        "finalLink": null
    },
    {
        "date": "2013-06-30",
        "symbol": "COL",
        "reportedCurrency": "USD",
        "cik": "0000000000",
        "fillingDate": "2013-06-30",
        "acceptedDate": "2013-06-30 00:00:00",
        "calendarYear": "2013",
        "period": "Q3",
        "revenue": 1165000000,
        "costOfRevenue": 795000000,
        "grossProfit": 370000000,
        "grossProfitRatio": 0.3175965665,
        "researchAndDevelopmentExpenses": 0,
        "generalAndAdministrativeExpenses": 132000000,
        "sellingAndMarketingExpenses": 0,
        "sellingGeneralAndAdministrativeExpenses": 132000000,
        "otherExpenses": 0,
        "operatingExpenses": 131000000,
        "costAndExpenses": 926000000,
        "interestIncome": 1000000,
        "interestExpense": 7000000,
        "depreciationAndAmortization": 44000000,
        "ebitda": 241000000,
        "ebitdaratio": 0.2068669528,
        "operatingIncome": 197000000,
        "operatingIncomeRatio": 0.1690987124,
        "totalOtherIncomeExpensesNet": -4000000,
        "incomeBeforeTax": 234000000,
        "incomeBeforeTaxRatio": 0.2008583691,
        "incomeTaxExpense": 70000000,
        "netIncome": 164000000,
        "netIncomeRatio": 0.1407725322,
        "eps": 1.21,
        "epsdiluted": 1.2,
        "weightedAverageShsOut": 135300000,
        "weightedAverageShsOutDil": 137200000,
        "link": null,
        "finalLink": null
    },
    {
        "date": "2013-03-31",
        "symbol": "COL",
        "reportedCurrency": "USD",
        "cik": "0000000000",
        "fillingDate": "2013-03-31",
        "acceptedDate": "2013-03-31 00:00:00",
        "calendarYear": "2013",
        "period": "Q2",
        "revenue": 1131000000,
        "costOfRevenue": 804000000,
        "grossProfit": 327000000,
        "grossProfitRatio": 0.2891246684,
        "researchAndDevelopmentExpenses": 0,
        "generalAndAdministrativeExpenses": 126000000,
        "sellingAndMarketingExpenses": 0,
        "sellingGeneralAndAdministrativeExpenses": 126000000,
        "otherExpenses": 0,
        "operatingExpenses": 126000000,
        "costAndExpenses": 930000000,
        "interestIncome": 0,
        "interestExpense": 8000000,
        "depreciationAndAmortization": 45000000,
        "ebitda": 250000000,
        "ebitdaratio": 0.2210433245,
        "operatingIncome": 205000000,
        "operatingIncomeRatio": 0.1812555261,
        "totalOtherIncomeExpensesNet": -8000000,
        "incomeBeforeTax": 197000000,
        "incomeBeforeTaxRatio": 0.1741821397,
        "incomeTaxExpense": 36000000,
        "netIncome": 161000000,
        "netIncomeRatio": 0.142351901,
        "eps": 1.18,
        "epsdiluted": 1.17,
        "weightedAverageShsOut": 136200000,
        "weightedAverageShsOutDil": 137800000,
        "link": null,
        "finalLink": null
    },
    {
        "date": "2012-12-31",
        "symbol": "COL",
        "reportedCurrency": "USD",
        "cik": "0000000000",
        "fillingDate": "2012-12-31",
        "acceptedDate": "2012-12-31 00:00:00",
        "calendarYear": "2013",
        "period": "Q1",
        "revenue": 0,
        "costOfRevenue": 0,
        "grossProfit": 0,
        "grossProfitRatio": 0,
        "researchAndDevelopmentExpenses": 0,
        "generalAndAdministrativeExpenses": 0,
        "sellingAndMarketingExpenses": 0,
        "sellingGeneralAndAdministrativeExpenses": 0,
        "otherExpenses": -1000000,
        "operatingExpenses": -1000000,
        "costAndExpenses": -1000000,
        "interestIncome": 0,
        "interestExpense": 0,
        "depreciationAndAmortization": 0,
        "ebitda": 1000000,
        "ebitdaratio": 0,
        "operatingIncome": 1000000,
        "operatingIncomeRatio": 0,
        "totalOtherIncomeExpensesNet": 0,
        "incomeBeforeTax": 0,
        "incomeBeforeTaxRatio": 0,
        "incomeTaxExpense": 0,
        "netIncome": 0,
        "netIncomeRatio": 0,
        "eps": 0,
        "epsdiluted": 0,
        "weightedAverageShsOut": 139200000,
        "weightedAverageShsOutDil": 142300000,
        "link": null,
        "finalLink": null
    },
    {
        "date": "2012-09-30",
        "symbol": "COL",
        "reportedCurrency": "USD",
        "cik": "0000000000",
        "fillingDate": "2012-09-30",
        "acceptedDate": "2012-09-29 20:00:00",
        "calendarYear": "2012",
        "period": "Q4",
        "revenue": 1266000000,
        "costOfRevenue": 894000000,
        "grossProfit": 372000000,
        "grossProfitRatio": 0.2938388626,
        "researchAndDevelopmentExpenses": 0,
        "generalAndAdministrativeExpenses": 5000000,
        "sellingAndMarketingExpenses": 145000000,
        "sellingGeneralAndAdministrativeExpenses": 150000000,
        "otherExpenses": -4000000,
        "operatingExpenses": 146000000,
        "costAndExpenses": 1040000000,
        "interestIncome": 1000000,
        "interestExpense": 7000000,
        "depreciationAndAmortization": 63000000,
        "ebitda": 290000000,
        "ebitdaratio": 0.2290679305,
        "operatingIncome": 1266000000,
        "operatingIncomeRatio": 1,
        "totalOtherIncomeExpensesNet": -1046000000,
        "incomeBeforeTax": 220000000,
        "incomeBeforeTaxRatio": 0.1737756714,
        "incomeTaxExpense": 68000000,
        "netIncome": 152000000,
        "netIncomeRatio": 0.1200631912,
        "eps": 1.07,
        "epsdiluted": 1.06,
        "weightedAverageShsOut": 142200000,
        "weightedAverageShsOutDil": 143800000,
        "link": "",
        "finalLink": ""
    },
    {
        "date": "2012-06-30",
        "symbol": "COL",
        "reportedCurrency": "USD",
        "cik": "0000000000",
        "fillingDate": "2012-06-30",
        "acceptedDate": "2012-06-29 20:00:00",
        "calendarYear": "2012",
        "period": "Q3",
        "revenue": 1205000000,
        "costOfRevenue": 846000000,
        "grossProfit": 359000000,
        "grossProfitRatio": 0.2979253112,
        "researchAndDevelopmentExpenses": 0,
        "generalAndAdministrativeExpenses": 0,
        "sellingAndMarketingExpenses": 0,
        "sellingGeneralAndAdministrativeExpenses": 132000000,
        "otherExpenses": 0,
        "operatingExpenses": 132000000,
        "costAndExpenses": 978000000,
        "interestIncome": 1000000,
        "interestExpense": 7000000,
        "depreciationAndAmortization": 37000000,
        "ebitda": 274000000,
        "ebitdaratio": 0.2273858921,
        "operatingIncome": 227000000,
        "operatingIncomeRatio": 0.1883817427,
        "totalOtherIncomeExpensesNet": 3000000,
        "incomeBeforeTax": 230000000,
        "incomeBeforeTaxRatio": 0.1908713693,
        "incomeTaxExpense": 64000000,
        "netIncome": 166000000,
        "netIncomeRatio": 0.1377593361,
        "eps": 1.16,
        "epsdiluted": 1.14,
        "weightedAverageShsOut": 143400000,
        "weightedAverageShsOutDil": 145000000,
        "link": "",
        "finalLink": ""
    },
    {
        "date": "2012-03-31",
        "symbol": "COL",
        "reportedCurrency": "USD",
        "cik": "0000000000",
        "fillingDate": "2012-03-31",
        "acceptedDate": "2012-03-30 20:00:00",
        "calendarYear": "2012",
        "period": "Q2",
        "revenue": 1161000000,
        "costOfRevenue": 810000000,
        "grossProfit": 351000000,
        "grossProfitRatio": 0.3023255814,
        "researchAndDevelopmentExpenses": 0,
        "generalAndAdministrativeExpenses": 0,
        "sellingAndMarketingExpenses": 0,
        "sellingGeneralAndAdministrativeExpenses": 137000000,
        "otherExpenses": 0,
        "operatingExpenses": 137000000,
        "costAndExpenses": 947000000,
        "interestIncome": 1000000,
        "interestExpense": 7000000,
        "depreciationAndAmortization": 37000000,
        "ebitda": 257000000,
        "ebitdaratio": 0.2213608958,
        "operatingIncome": 1017000000,
        "operatingIncomeRatio": 0.8759689922,
        "totalOtherIncomeExpensesNet": -804000000,
        "incomeBeforeTax": 213000000,
        "incomeBeforeTaxRatio": 0.1834625323,
        "incomeTaxExpense": 52000000,
        "netIncome": 161000000,
        "netIncomeRatio": 0.1386735573,
        "eps": 1.1,
        "epsdiluted": 1.09,
        "weightedAverageShsOut": 146000000,
        "weightedAverageShsOutDil": 147600000,
        "link": "",
        "finalLink": ""
    },
    {
        "date": "2011-12-31",
        "symbol": "COL",
        "reportedCurrency": "USD",
        "cik": "0000000000",
        "fillingDate": "2011-12-31",
        "acceptedDate": "2011-12-30 19:00:00",
        "calendarYear": "2012",
        "period": "Q1",
        "revenue": 1094000000,
        "costOfRevenue": 876000000,
        "grossProfit": 218000000,
        "grossProfitRatio": 0.1992687386,
        "researchAndDevelopmentExpenses": 0,
        "generalAndAdministrativeExpenses": 18000000,
        "sellingAndMarketingExpenses": 0,
        "sellingGeneralAndAdministrativeExpenses": 18000000,
        "otherExpenses": 0,
        "operatingExpenses": 18000000,
        "costAndExpenses": 894000000,
        "interestIncome": 0,
        "interestExpense": 6000000,
        "depreciationAndAmortization": 37000000,
        "ebitda": 237000000,
        "ebitdaratio": 0.2166361974,
        "operatingIncome": 194000000,
        "operatingIncomeRatio": 0.1773308958,
        "totalOtherIncomeExpensesNet": 0,
        "incomeBeforeTax": 194000000,
        "incomeBeforeTaxRatio": 0.1773308958,
        "incomeTaxExpense": 64000000,
        "netIncome": 130000000,
        "netIncomeRatio": 0.1188299817,
        "eps": 0.89,
        "epsdiluted": 0.86,
        "weightedAverageShsOut": 146700000,
        "weightedAverageShsOutDil": 151100000,
        "link": "",
        "finalLink": ""
    },
    {
        "date": "2011-09-30",
        "symbol": "COL",
        "reportedCurrency": "USD",
        "cik": "0000000000",
        "fillingDate": "2011-09-30",
        "acceptedDate": "2011-09-29 20:00:00",
        "calendarYear": "2011",
        "period": "Q4",
        "revenue": 1296000000,
        "costOfRevenue": 939000000,
        "grossProfit": 357000000,
        "grossProfitRatio": 0.275462963,
        "researchAndDevelopmentExpenses": 0,
        "generalAndAdministrativeExpenses": 0,
        "sellingAndMarketingExpenses": 0,
        "sellingGeneralAndAdministrativeExpenses": 142000000,
        "otherExpenses": 0,
        "operatingExpenses": 142000000,
        "costAndExpenses": 1081000000,
        "interestIncome": 0,
        "interestExpense": 5000000,
        "depreciationAndAmortization": 35000000,
        "ebitda": 276000000,
        "ebitdaratio": 0.212962963,
        "operatingIncome": 215000000,
        "operatingIncomeRatio": 0.1658950617,
        "totalOtherIncomeExpensesNet": 4000000,
        "incomeBeforeTax": 219000000,
        "incomeBeforeTaxRatio": 0.1689814815,
        "incomeTaxExpense": 61000000,
        "netIncome": 175000000,
        "netIncomeRatio": 0.1350308642,
        "eps": 1.19,
        "epsdiluted": 1.16,
        "weightedAverageShsOut": 146700000,
        "weightedAverageShsOutDil": 151100000,
        "link": "",
        "finalLink": ""
    },
    {
        "date": "2011-06-30",
        "symbol": "COL",
        "reportedCurrency": "USD",
        "cik": "0000000000",
        "fillingDate": "2011-06-30",
        "acceptedDate": "2011-06-29 20:00:00",
        "calendarYear": "2011",
        "period": "Q3",
        "revenue": 1190000000,
        "costOfRevenue": 833000000,
        "grossProfit": 357000000,
        "grossProfitRatio": 0.3,
        "researchAndDevelopmentExpenses": 0,
        "generalAndAdministrativeExpenses": 0,
        "sellingAndMarketingExpenses": 0,
        "sellingGeneralAndAdministrativeExpenses": 131000000,
        "otherExpenses": 0,
        "operatingExpenses": 131000000,
        "costAndExpenses": 964000000,
        "interestIncome": 2000000,
        "interestExpense": 5000000,
        "depreciationAndAmortization": 35000000,
        "ebitda": 268000000,
        "ebitdaratio": 0.225210084,
        "operatingIncome": 226000000,
        "operatingIncomeRatio": 0.1899159664,
        "totalOtherIncomeExpensesNet": 1000000,
        "incomeBeforeTax": 227000000,
        "incomeBeforeTaxRatio": 0.1907563025,
        "incomeTaxExpense": 70000000,
        "netIncome": 158000000,
        "netIncomeRatio": 0.1327731092,
        "eps": 1.03,
        "epsdiluted": 1.01,
        "weightedAverageShsOut": 153800000,
        "weightedAverageShsOutDil": 155900000,
        "link": "",
        "finalLink": ""
    },
    {
        "date": "2011-03-31",
        "symbol": "COL",
        "reportedCurrency": "USD",
        "cik": "0000000000",
        "fillingDate": "2011-03-31",
        "acceptedDate": "2011-03-30 20:00:00",
        "calendarYear": "2011",
        "period": "Q2",
        "revenue": 242000000,
        "costOfRevenue": 0,
        "grossProfit": 242000000,
        "grossProfitRatio": 1,
        "researchAndDevelopmentExpenses": 0,
        "generalAndAdministrativeExpenses": 19000000,
        "sellingAndMarketingExpenses": 0,
        "sellingGeneralAndAdministrativeExpenses": 19000000,
        "otherExpenses": 0,
        "operatingExpenses": 19000000,
        "costAndExpenses": 19000000,
        "interestIncome": 2000000,
        "interestExpense": 4000000,
        "depreciationAndAmortization": 37000000,
        "ebitda": 260000000,
        "ebitdaratio": 1.0743801653,
        "operatingIncome": 219000000,
        "operatingIncomeRatio": 0.9049586777,
        "totalOtherIncomeExpensesNet": 0,
        "incomeBeforeTax": 219000000,
        "incomeBeforeTaxRatio": 0.9049586777,
        "incomeTaxExpense": 69000000,
        "netIncome": 150000000,
        "netIncomeRatio": 0.6198347107,
        "eps": 0.97,
        "epsdiluted": 0.96,
        "weightedAverageShsOut": 154200000,
        "weightedAverageShsOutDil": 156500000,
        "link": "",
        "finalLink": ""
    },
    {
        "date": "2010-12-31",
        "symbol": "COL",
        "reportedCurrency": "USD",
        "cik": "0000000000",
        "fillingDate": "2010-12-31",
        "acceptedDate": "2010-12-30 19:00:00",
        "calendarYear": "2011",
        "period": "Q1",
        "revenue": 1110000000,
        "costOfRevenue": 0,
        "grossProfit": 1110000000,
        "grossProfitRatio": 1,
        "researchAndDevelopmentExpenses": 0,
        "generalAndAdministrativeExpenses": 17000000,
        "sellingAndMarketingExpenses": 0,
        "sellingGeneralAndAdministrativeExpenses": 17000000,
        "otherExpenses": 0,
        "operatingExpenses": 17000000,
        "costAndExpenses": 17000000,
        "interestIncome": 1000000,
        "interestExpense": 5000000,
        "depreciationAndAmortization": 34000000,
        "ebitda": 232000000,
        "ebitdaratio": 0.209009009,
        "operatingIncome": 215000000,
        "operatingIncomeRatio": 0.1936936937,
        "totalOtherIncomeExpensesNet": -22000000,
        "incomeBeforeTax": 193000000,
        "incomeBeforeTaxRatio": 0.1738738739,
        "incomeTaxExpense": 42000000,
        "netIncome": 151000000,
        "netIncomeRatio": 0.136036036,
        "eps": 0.98,
        "epsdiluted": 0.96,
        "weightedAverageShsOut": 154700000,
        "weightedAverageShsOutDil": 157500000,
        "link": "",
        "finalLink": ""
    },
    {
        "date": "2010-09-30",
        "symbol": "COL",
        "reportedCurrency": "USD",
        "cik": "0000000000",
        "fillingDate": "2010-09-30",
        "acceptedDate": "2010-09-29 20:00:00",
        "calendarYear": "2010",
        "period": "Q4",
        "revenue": 1282000000,
        "costOfRevenue": 927000000,
        "grossProfit": 355000000,
        "grossProfitRatio": 0.2769110764,
        "researchAndDevelopmentExpenses": 0,
        "generalAndAdministrativeExpenses": 0,
        "sellingAndMarketingExpenses": 0,
        "sellingGeneralAndAdministrativeExpenses": 131000000,
        "otherExpenses": 0,
        "operatingExpenses": 131000000,
        "costAndExpenses": 1058000000,
        "interestIncome": 1000000,
        "interestExpense": 5000000,
        "depreciationAndAmortization": 39000000,
        "ebitda": 264000000,
        "ebitdaratio": 0.2059282371,
        "operatingIncome": -5374000000,
        "operatingIncomeRatio": -4.1918876755,
        "totalOtherIncomeExpensesNet": 5594000000,
        "incomeBeforeTax": 220000000,
        "incomeBeforeTaxRatio": 0.1716068643,
        "incomeTaxExpense": 70000000,
        "netIncome": 150000000,
        "netIncomeRatio": 0.1170046802,
        "eps": 0.97,
        "epsdiluted": 0.95,
        "weightedAverageShsOut": 154700000,
        "weightedAverageShsOutDil": 157500000,
        "link": "",
        "finalLink": ""
    },
    {
        "date": "2010-06-30",
        "symbol": "COL",
        "reportedCurrency": "USD",
        "cik": "0000000000",
        "fillingDate": "2010-06-30",
        "acceptedDate": "2010-06-29 20:00:00",
        "calendarYear": "2010",
        "period": "Q3",
        "revenue": 1214000000,
        "costOfRevenue": 0,
        "grossProfit": 1214000000,
        "grossProfitRatio": 1,
        "researchAndDevelopmentExpenses": 0,
        "generalAndAdministrativeExpenses": 18000000,
        "sellingAndMarketingExpenses": 0,
        "sellingGeneralAndAdministrativeExpenses": 18000000,
        "otherExpenses": 0,
        "operatingExpenses": 18000000,
        "costAndExpenses": 18000000,
        "interestIncome": 1000000,
        "interestExpense": 5000000,
        "depreciationAndAmortization": 37000000,
        "ebitda": 247000000,
        "ebitdaratio": 0.2034596376,
        "operatingIncome": 228000000,
        "operatingIncomeRatio": 0.1878088962,
        "totalOtherIncomeExpensesNet": -23000000,
        "incomeBeforeTax": 205000000,
        "incomeBeforeTaxRatio": 0.1688632619,
        "incomeTaxExpense": 63000000,
        "netIncome": 142000000,
        "netIncomeRatio": 0.1169686985,
        "eps": 0.9,
        "epsdiluted": 0.89,
        "weightedAverageShsOut": 157100000,
        "weightedAverageShsOutDil": 159500000,
        "link": "",
        "finalLink": ""
    },
    {
        "date": "2010-03-31",
        "symbol": "COL",
        "reportedCurrency": "USD",
        "cik": "0000000000",
        "fillingDate": "2010-03-31",
        "acceptedDate": "2010-03-30 20:00:00",
        "calendarYear": "2010",
        "period": "Q2",
        "revenue": 1142000000,
        "costOfRevenue": 828000000,
        "grossProfit": 314000000,
        "grossProfitRatio": 0.2749562172,
        "researchAndDevelopmentExpenses": 0,
        "generalAndAdministrativeExpenses": 0,
        "sellingAndMarketingExpenses": 0,
        "sellingGeneralAndAdministrativeExpenses": 119000000,
        "otherExpenses": 0,
        "operatingExpenses": 119000000,
        "costAndExpenses": 947000000,
        "interestIncome": 1000000,
        "interestExpense": 4000000,
        "depreciationAndAmortization": 37000000,
        "ebitda": 237000000,
        "ebitdaratio": 0.207530648,
        "operatingIncome": 2089000000,
        "operatingIncomeRatio": 1.8292469352,
        "totalOtherIncomeExpensesNet": -1893000000,
        "incomeBeforeTax": 196000000,
        "incomeBeforeTaxRatio": 0.1716287215,
        "incomeTaxExpense": 48000000,
        "netIncome": 148000000,
        "netIncomeRatio": 0.1295971979,
        "eps": 0.94,
        "epsdiluted": 0.93,
        "weightedAverageShsOut": 157100000,
        "weightedAverageShsOutDil": 159400000,
        "link": "",
        "finalLink": ""
    },
    {
        "date": "2009-12-31",
        "symbol": "COL",
        "reportedCurrency": "USD",
        "cik": "0000000000",
        "fillingDate": "2009-12-31",
        "acceptedDate": "2009-12-30 19:00:00",
        "calendarYear": "2010",
        "period": "Q1",
        "revenue": 1027000000,
        "costOfRevenue": 734000000,
        "grossProfit": 293000000,
        "grossProfitRatio": 0.2852969815,
        "researchAndDevelopmentExpenses": 0,
        "generalAndAdministrativeExpenses": 0,
        "sellingAndMarketingExpenses": 0,
        "sellingGeneralAndAdministrativeExpenses": 109000000,
        "otherExpenses": 0,
        "operatingExpenses": 109000000,
        "costAndExpenses": 843000000,
        "interestIncome": 1000000,
        "interestExpense": 6000000,
        "depreciationAndAmortization": 36000000,
        "ebitda": 223000000,
        "ebitdaratio": 0.2171372931,
        "operatingIncome": 202000000,
        "operatingIncomeRatio": 0.1966893866,
        "totalOtherIncomeExpensesNet": -21000000,
        "incomeBeforeTax": 181000000,
        "incomeBeforeTaxRatio": 0.17624148,
        "incomeTaxExpense": 60000000,
        "netIncome": 121000000,
        "netIncomeRatio": 0.11781889,
        "eps": 0.77,
        "epsdiluted": 0.76,
        "weightedAverageShsOut": 157300000,
        "weightedAverageShsOutDil": 159200000,
        "link": "",
        "finalLink": ""
    },
    {
        "date": "2009-09-30",
        "symbol": "COL",
        "reportedCurrency": "USD",
        "cik": "0000000000",
        "fillingDate": "2009-09-30",
        "acceptedDate": "2009-09-29 20:00:00",
        "calendarYear": "2009",
        "period": "Q4",
        "revenue": 1190000000,
        "costOfRevenue": 874000000,
        "grossProfit": 316000000,
        "grossProfitRatio": 0.2655462185,
        "researchAndDevelopmentExpenses": 0,
        "generalAndAdministrativeExpenses": 0,
        "sellingAndMarketingExpenses": 0,
        "sellingGeneralAndAdministrativeExpenses": 127000000,
        "otherExpenses": 0,
        "operatingExpenses": 127000000,
        "costAndExpenses": 1001000000,
        "interestIncome": 1000000,
        "interestExpense": 6000000,
        "depreciationAndAmortization": 40000000,
        "ebitda": 236000000,
        "ebitdaratio": 0.1983193277,
        "operatingIncome": 2191000000,
        "operatingIncomeRatio": 1.8411764706,
        "totalOtherIncomeExpensesNet": -2001000000,
        "incomeBeforeTax": 190000000,
        "incomeBeforeTaxRatio": 0.1596638655,
        "incomeTaxExpense": 56000000,
        "netIncome": 134000000,
        "netIncomeRatio": 0.112605042,
        "eps": 0.85,
        "epsdiluted": 0.84,
        "weightedAverageShsOut": 157300000,
        "weightedAverageShsOutDil": 159200000,
        "link": "",
        "finalLink": ""
    },
    {
        "date": "2009-06-30",
        "symbol": "COL",
        "reportedCurrency": "USD",
        "cik": "0000000000",
        "fillingDate": "2009-06-30",
        "acceptedDate": "2009-06-29 20:00:00",
        "calendarYear": "2009",
        "period": "Q3",
        "revenue": 1084000000,
        "costOfRevenue": 759000000,
        "grossProfit": 325000000,
        "grossProfitRatio": 0.2998154982,
        "researchAndDevelopmentExpenses": 0,
        "generalAndAdministrativeExpenses": 0,
        "sellingAndMarketingExpenses": 0,
        "sellingGeneralAndAdministrativeExpenses": 108000000,
        "otherExpenses": 0,
        "operatingExpenses": 108000000,
        "costAndExpenses": 867000000,
        "interestIncome": 1000000,
        "interestExpense": 5000000,
        "depreciationAndAmortization": 38000000,
        "ebitda": 258000000,
        "ebitdaratio": 0.2380073801,
        "operatingIncome": 1951000000,
        "operatingIncomeRatio": 1.7998154982,
        "totalOtherIncomeExpensesNet": -1736000000,
        "incomeBeforeTax": 215000000,
        "incomeBeforeTaxRatio": 0.1983394834,
        "incomeTaxExpense": 70000000,
        "netIncome": 145000000,
        "netIncomeRatio": 0.1337638376,
        "eps": 0.92,
        "epsdiluted": 0.91,
        "weightedAverageShsOut": 158000000,
        "weightedAverageShsOutDil": 159700000,
        "link": "",
        "finalLink": ""
    },
    {
        "date": "2009-03-31",
        "symbol": "COL",
        "reportedCurrency": "USD",
        "cik": "0000000000",
        "fillingDate": "2009-03-31",
        "acceptedDate": "2009-03-30 20:00:00",
        "calendarYear": "2009",
        "period": "Q2",
        "revenue": 1138000000,
        "costOfRevenue": 785000000,
        "grossProfit": 353000000,
        "grossProfitRatio": 0.3101933216,
        "researchAndDevelopmentExpenses": 0,
        "generalAndAdministrativeExpenses": 0,
        "sellingAndMarketingExpenses": 0,
        "sellingGeneralAndAdministrativeExpenses": 118000000,
        "otherExpenses": 0,
        "operatingExpenses": 118000000,
        "costAndExpenses": 903000000,
        "interestIncome": 1000000,
        "interestExpense": 3000000,
        "depreciationAndAmortization": 34000000,
        "ebitda": 277000000,
        "ebitdaratio": 0.2434094903,
        "operatingIncome": 235000000,
        "operatingIncomeRatio": 0.2065026362,
        "totalOtherIncomeExpensesNet": 5000000,
        "incomeBeforeTax": 240000000,
        "incomeBeforeTaxRatio": 0.2108963093,
        "incomeTaxExpense": 76000000,
        "netIncome": 164000000,
        "netIncomeRatio": 0.144112478,
        "eps": 1.04,
        "epsdiluted": 1.03,
        "weightedAverageShsOut": 158100000,
        "weightedAverageShsOutDil": 159300000,
        "link": "",
        "finalLink": ""
    },
    {
        "date": "2008-12-31",
        "symbol": "COL",
        "reportedCurrency": "USD",
        "cik": "0000000000",
        "fillingDate": "2008-12-31",
        "acceptedDate": "2008-12-30 19:00:00",
        "calendarYear": "2009",
        "period": "Q1",
        "revenue": 1058000000,
        "costOfRevenue": 732000000,
        "grossProfit": 326000000,
        "grossProfitRatio": 0.3081285444,
        "researchAndDevelopmentExpenses": 0,
        "generalAndAdministrativeExpenses": 0,
        "sellingAndMarketingExpenses": 0,
        "sellingGeneralAndAdministrativeExpenses": 105000000,
        "otherExpenses": 0,
        "operatingExpenses": 105000000,
        "costAndExpenses": 837000000,
        "interestIncome": 0,
        "interestExpense": 4000000,
        "depreciationAndAmortization": 32000000,
        "ebitda": 258000000,
        "ebitdaratio": 0.2438563327,
        "operatingIncome": 221000000,
        "operatingIncomeRatio": 0.2088846881,
        "totalOtherIncomeExpensesNet": 1000000,
        "incomeBeforeTax": 222000000,
        "incomeBeforeTaxRatio": 0.2098298677,
        "incomeTaxExpense": 71000000,
        "netIncome": 151000000,
        "netIncomeRatio": 0.1427221172,
        "eps": 0.96,
        "epsdiluted": 0.95,
        "weightedAverageShsOut": 158100000,
        "weightedAverageShsOutDil": 159200000,
        "link": "",
        "finalLink": ""
    },
    {
        "date": "2008-09-30",
        "symbol": "COL",
        "reportedCurrency": "USD",
        "cik": "0000000000",
        "fillingDate": "2008-09-30",
        "acceptedDate": "2008-09-29 20:00:00",
        "calendarYear": "2008",
        "period": "Q4",
        "revenue": 1277000000,
        "costOfRevenue": 898000000,
        "grossProfit": 379000000,
        "grossProfitRatio": 0.29678935,
        "researchAndDevelopmentExpenses": 0,
        "generalAndAdministrativeExpenses": 0,
        "sellingAndMarketingExpenses": 0,
        "sellingGeneralAndAdministrativeExpenses": 135000000,
        "otherExpenses": 0,
        "operatingExpenses": 135000000,
        "costAndExpenses": 1033000000,
        "interestIncome": 0,
        "interestExpense": 6000000,
        "depreciationAndAmortization": 35000000,
        "ebitda": 282000000,
        "ebitdaratio": 0.2208300705,
        "operatingIncome": 244000000,
        "operatingIncomeRatio": 0.1910728269,
        "totalOtherIncomeExpensesNet": -3000000,
        "incomeBeforeTax": 241000000,
        "incomeBeforeTaxRatio": 0.1887235709,
        "incomeTaxExpense": 59000000,
        "netIncome": 182000000,
        "netIncomeRatio": 0.1425215348,
        "eps": 1.15,
        "epsdiluted": 1.14,
        "weightedAverageShsOut": 158100000,
        "weightedAverageShsOutDil": 159200000,
        "link": "",
        "finalLink": ""
    },
    {
        "date": "2008-06-30",
        "symbol": "COL",
        "reportedCurrency": "USD",
        "cik": "0000000000",
        "fillingDate": "2008-06-30",
        "acceptedDate": "2008-06-29 20:00:00",
        "calendarYear": "2008",
        "period": "Q3",
        "revenue": 1194000000,
        "costOfRevenue": 827000000,
        "grossProfit": 367000000,
        "grossProfitRatio": 0.3073701843,
        "researchAndDevelopmentExpenses": 0,
        "generalAndAdministrativeExpenses": 0,
        "sellingAndMarketingExpenses": 0,
        "sellingGeneralAndAdministrativeExpenses": 119000000,
        "otherExpenses": 0,
        "operatingExpenses": 119000000,
        "costAndExpenses": 946000000,
        "interestIncome": 0,
        "interestExpense": 5000000,
        "depreciationAndAmortization": 32000000,
        "ebitda": 285000000,
        "ebitdaratio": 0.2386934673,
        "operatingIncome": 248000000,
        "operatingIncomeRatio": 0.2077051926,
        "totalOtherIncomeExpensesNet": 0,
        "incomeBeforeTax": 248000000,
        "incomeBeforeTaxRatio": 0.2077051926,
        "incomeTaxExpense": 74000000,
        "netIncome": 174000000,
        "netIncomeRatio": 0.1457286432,
        "eps": 1.09,
        "epsdiluted": 1.07,
        "weightedAverageShsOut": 160300000,
        "weightedAverageShsOutDil": 162400000,
        "link": "",
        "finalLink": ""
    },
    {
        "date": "2008-03-31",
        "symbol": "COL",
        "reportedCurrency": "USD",
        "cik": "0000000000",
        "fillingDate": "2008-03-31",
        "acceptedDate": "2008-03-30 20:00:00",
        "calendarYear": "2008",
        "period": "Q2",
        "revenue": 1186000000,
        "costOfRevenue": 840000000,
        "grossProfit": 346000000,
        "grossProfitRatio": 0.2917369309,
        "researchAndDevelopmentExpenses": 0,
        "generalAndAdministrativeExpenses": 0,
        "sellingAndMarketingExpenses": 0,
        "sellingGeneralAndAdministrativeExpenses": 120000000,
        "otherExpenses": 0,
        "operatingExpenses": 120000000,
        "costAndExpenses": 960000000,
        "interestIncome": 2000000,
        "interestExpense": 5000000,
        "depreciationAndAmortization": 31000000,
        "ebitda": 268000000,
        "ebitdaratio": 0.2259696459,
        "operatingIncome": 226000000,
        "operatingIncomeRatio": 0.1905564924,
        "totalOtherIncomeExpensesNet": 6000000,
        "incomeBeforeTax": 232000000,
        "incomeBeforeTaxRatio": 0.1956155143,
        "incomeTaxExpense": 64000000,
        "netIncome": 168000000,
        "netIncomeRatio": 0.1416526138,
        "eps": 1.04,
        "epsdiluted": 1.03,
        "weightedAverageShsOut": 161100000,
        "weightedAverageShsOutDil": 163200000,
        "link": "",
        "finalLink": ""
    },
    {
        "date": "2007-12-31",
        "symbol": "COL",
        "reportedCurrency": "USD",
        "cik": "0000000000",
        "fillingDate": "2007-12-31",
        "acceptedDate": "2007-12-30 19:00:00",
        "calendarYear": "2008",
        "period": "Q1",
        "revenue": 1112000000,
        "costOfRevenue": 769000000,
        "grossProfit": 343000000,
        "grossProfitRatio": 0.3084532374,
        "researchAndDevelopmentExpenses": 0,
        "generalAndAdministrativeExpenses": 0,
        "sellingAndMarketingExpenses": 0,
        "sellingGeneralAndAdministrativeExpenses": 111000000,
        "otherExpenses": 0,
        "operatingExpenses": 111000000,
        "costAndExpenses": 880000000,
        "interestIncome": 2000000,
        "interestExpense": 5000000,
        "depreciationAndAmortization": 31000000,
        "ebitda": 268000000,
        "ebitdaratio": 0.2410071942,
        "operatingIncome": 232000000,
        "operatingIncomeRatio": 0.2086330935,
        "totalOtherIncomeExpensesNet": 0,
        "incomeBeforeTax": 232000000,
        "incomeBeforeTaxRatio": 0.2086330935,
        "incomeTaxExpense": 78000000,
        "netIncome": 154000000,
        "netIncomeRatio": 0.1384892086,
        "eps": 0.95,
        "epsdiluted": 0.93,
        "weightedAverageShsOut": 162900000,
        "weightedAverageShsOutDil": 165300000,
        "link": "",
        "finalLink": ""
    },
    {
        "date": "2007-09-30",
        "symbol": "COL",
        "reportedCurrency": "USD",
        "cik": "0000000000",
        "fillingDate": "2007-09-30",
        "acceptedDate": "2007-09-29 20:00:00",
        "calendarYear": "2007",
        "period": "Q4",
        "revenue": 1226000000,
        "costOfRevenue": 866000000,
        "grossProfit": 360000000,
        "grossProfitRatio": 0.2936378467,
        "researchAndDevelopmentExpenses": 0,
        "generalAndAdministrativeExpenses": 0,
        "sellingAndMarketingExpenses": 0,
        "sellingGeneralAndAdministrativeExpenses": 130000000,
        "otherExpenses": 0,
        "operatingExpenses": 130000000,
        "costAndExpenses": 996000000,
        "interestIncome": -2000000,
        "interestExpense": 3000000,
        "depreciationAndAmortization": 31000000,
        "ebitda": 263000000,
        "ebitdaratio": 0.2145187602,
        "operatingIncome": 230000000,
        "operatingIncomeRatio": 0.1876019576,
        "totalOtherIncomeExpensesNet": -1000000,
        "incomeBeforeTax": 229000000,
        "incomeBeforeTaxRatio": 0.1867862969,
        "incomeTaxExpense": 73000000,
        "netIncome": 156000000,
        "netIncomeRatio": 0.1272430669,
        "eps": 0.96,
        "epsdiluted": 0.94,
        "weightedAverageShsOut": 162900000,
        "weightedAverageShsOutDil": 165300000,
        "link": "",
        "finalLink": ""
    },
    {
        "date": "2007-06-30",
        "symbol": "COL",
        "reportedCurrency": "USD",
        "cik": "0000000000",
        "fillingDate": "2007-06-30",
        "acceptedDate": "2007-06-29 20:00:00",
        "calendarYear": "2007",
        "period": "Q3",
        "revenue": 1113000000,
        "costOfRevenue": 780000000,
        "grossProfit": 333000000,
        "grossProfitRatio": 0.2991913747,
        "researchAndDevelopmentExpenses": 0,
        "generalAndAdministrativeExpenses": 0,
        "sellingAndMarketingExpenses": 0,
        "sellingGeneralAndAdministrativeExpenses": 124000000,
        "otherExpenses": 0,
        "operatingExpenses": 124000000,
        "costAndExpenses": 904000000,
        "interestIncome": 1000000,
        "interestExpense": 3000000,
        "depreciationAndAmortization": 30000000,
        "ebitda": 242000000,
        "ebitdaratio": 0.2174303684,
        "operatingIncome": 209000000,
        "operatingIncomeRatio": 0.1877807727,
        "totalOtherIncomeExpensesNet": 0,
        "incomeBeforeTax": 209000000,
        "incomeBeforeTaxRatio": 0.1877807727,
        "incomeTaxExpense": 63000000,
        "netIncome": 146000000,
        "netIncomeRatio": 0.1311769991,
        "eps": 0.87,
        "epsdiluted": 0.86,
        "weightedAverageShsOut": 167000000,
        "weightedAverageShsOutDil": 169600000,
        "link": "",
        "finalLink": ""
    },
    {
        "date": "2007-03-31",
        "symbol": "COL",
        "reportedCurrency": "USD",
        "cik": "0000000000",
        "fillingDate": "2007-03-31",
        "acceptedDate": "2007-03-30 20:00:00",
        "calendarYear": "2007",
        "period": "Q2",
        "revenue": 1083000000,
        "costOfRevenue": 756000000,
        "grossProfit": 327000000,
        "grossProfitRatio": 0.3019390582,
        "researchAndDevelopmentExpenses": 0,
        "generalAndAdministrativeExpenses": 0,
        "sellingAndMarketingExpenses": 0,
        "sellingGeneralAndAdministrativeExpenses": 119000000,
        "otherExpenses": 0,
        "operatingExpenses": 119000000,
        "costAndExpenses": 875000000,
        "interestIncome": 0,
        "interestExpense": 3000000,
        "depreciationAndAmortization": 28000000,
        "ebitda": 241000000,
        "ebitdaratio": 0.2225300092,
        "operatingIncome": 208000000,
        "operatingIncomeRatio": 0.1920590951,
        "totalOtherIncomeExpensesNet": 2000000,
        "incomeBeforeTax": 210000000,
        "incomeBeforeTaxRatio": 0.1939058172,
        "incomeTaxExpense": 70000000,
        "netIncome": 140000000,
        "netIncomeRatio": 0.1292705448,
        "eps": 0.83,
        "epsdiluted": 0.82,
        "weightedAverageShsOut": 167900000,
        "weightedAverageShsOutDil": 170600000,
        "link": "",
        "finalLink": ""
    },
    {
        "date": "2006-12-31",
        "symbol": "COL",
        "reportedCurrency": "USD",
        "cik": "0000000000",
        "fillingDate": "2006-12-31",
        "acceptedDate": "2006-12-30 19:00:00",
        "calendarYear": "2007",
        "period": "Q1",
        "revenue": 993000000,
        "costOfRevenue": 690000000,
        "grossProfit": 303000000,
        "grossProfitRatio": 0.3051359517,
        "researchAndDevelopmentExpenses": 0,
        "generalAndAdministrativeExpenses": 0,
        "sellingAndMarketingExpenses": 0,
        "sellingGeneralAndAdministrativeExpenses": 109000000,
        "otherExpenses": 0,
        "operatingExpenses": 109000000,
        "costAndExpenses": 799000000,
        "interestIncome": 2000000,
        "interestExpense": 4000000,
        "depreciationAndAmortization": 29000000,
        "ebitda": 228000000,
        "ebitdaratio": 0.2296072508,
        "operatingIncome": 194000000,
        "operatingIncomeRatio": 0.195367573,
        "totalOtherIncomeExpensesNet": 1000000,
        "incomeBeforeTax": 195000000,
        "incomeBeforeTaxRatio": 0.1963746224,
        "incomeTaxExpense": 52000000,
        "netIncome": 143000000,
        "netIncomeRatio": 0.1440080564,
        "eps": 0.85,
        "epsdiluted": 0.84,
        "weightedAverageShsOut": 167400000,
        "weightedAverageShsOutDil": 170100000,
        "link": "",
        "finalLink": ""
    },
    {
        "date": "2006-09-30",
        "symbol": "COL",
        "reportedCurrency": "USD",
        "cik": "0000000000",
        "fillingDate": "2006-09-30",
        "acceptedDate": "2006-09-29 20:00:00",
        "calendarYear": "2006",
        "period": "Q4",
        "revenue": 1061000000,
        "costOfRevenue": 765000000,
        "grossProfit": 296000000,
        "grossProfitRatio": 0.2789820924,
        "researchAndDevelopmentExpenses": 0,
        "generalAndAdministrativeExpenses": 0,
        "sellingAndMarketingExpenses": 0,
        "sellingGeneralAndAdministrativeExpenses": 120000000,
        "otherExpenses": 0,
        "operatingExpenses": 120000000,
        "costAndExpenses": 885000000,
        "interestIncome": 0,
        "interestExpense": 4000000,
        "depreciationAndAmortization": 30000000,
        "ebitda": 231000000,
        "ebitdaratio": 0.2177191329,
        "operatingIncome": 176000000,
        "operatingIncomeRatio": 0.1658812441,
        "totalOtherIncomeExpensesNet": 21000000,
        "incomeBeforeTax": 197000000,
        "incomeBeforeTaxRatio": 0.1856738926,
        "incomeTaxExpense": 59000000,
        "netIncome": 138000000,
        "netIncomeRatio": 0.1300659755,
        "eps": 0.82,
        "epsdiluted": 0.81,
        "weightedAverageShsOut": 167400000,
        "weightedAverageShsOutDil": 170100000,
        "link": "",
        "finalLink": ""
    },
    {
        "date": "2006-06-30",
        "symbol": "COL",
        "reportedCurrency": "USD",
        "cik": "0000000000",
        "fillingDate": "2006-06-30",
        "acceptedDate": "2006-06-29 20:00:00",
        "calendarYear": "2006",
        "period": "Q3",
        "revenue": 964000000,
        "costOfRevenue": 676000000,
        "grossProfit": 288000000,
        "grossProfitRatio": 0.2987551867,
        "researchAndDevelopmentExpenses": 0,
        "generalAndAdministrativeExpenses": 0,
        "sellingAndMarketingExpenses": 0,
        "sellingGeneralAndAdministrativeExpenses": 112000000,
        "otherExpenses": 0,
        "operatingExpenses": 112000000,
        "costAndExpenses": 788000000,
        "interestIncome": 0,
        "interestExpense": 3000000,
        "depreciationAndAmortization": 27000000,
        "ebitda": 207000000,
        "ebitdaratio": 0.2147302905,
        "operatingIncome": 176000000,
        "operatingIncomeRatio": 0.1825726141,
        "totalOtherIncomeExpensesNet": 1000000,
        "incomeBeforeTax": 177000000,
        "incomeBeforeTaxRatio": 0.1836099585,
        "incomeTaxExpense": 56000000,
        "netIncome": 121000000,
        "netIncomeRatio": 0.1255186722,
        "eps": 0.71,
        "epsdiluted": 0.7,
        "weightedAverageShsOut": 171200000,
        "weightedAverageShsOutDil": 173800000,
        "link": "",
        "finalLink": ""
    },
    {
        "date": "2006-03-31",
        "symbol": "COL",
        "reportedCurrency": "USD",
        "cik": "0000000000",
        "fillingDate": "2006-03-31",
        "acceptedDate": "2006-03-30 19:00:00",
        "calendarYear": "2006",
        "period": "Q2",
        "revenue": 957000000,
        "costOfRevenue": 681000000,
        "grossProfit": 276000000,
        "grossProfitRatio": 0.2884012539,
        "researchAndDevelopmentExpenses": 0,
        "generalAndAdministrativeExpenses": 0,
        "sellingAndMarketingExpenses": 0,
        "sellingGeneralAndAdministrativeExpenses": 112000000,
        "otherExpenses": 0,
        "operatingExpenses": 112000000,
        "costAndExpenses": 793000000,
        "interestIncome": 0,
        "interestExpense": 3000000,
        "depreciationAndAmortization": 25000000,
        "ebitda": 190000000,
        "ebitdaratio": 0.1985370951,
        "operatingIncome": 164000000,
        "operatingIncomeRatio": 0.171368861,
        "totalOtherIncomeExpensesNet": -2000000,
        "incomeBeforeTax": 162000000,
        "incomeBeforeTaxRatio": 0.1692789969,
        "incomeTaxExpense": 48000000,
        "netIncome": 114000000,
        "netIncomeRatio": 0.1191222571,
        "eps": 0.66,
        "epsdiluted": 0.65,
        "weightedAverageShsOut": 172500000,
        "weightedAverageShsOutDil": 175900000,
        "link": "",
        "finalLink": ""
    },
    {
        "date": "2005-12-31",
        "symbol": "COL",
        "reportedCurrency": "USD",
        "cik": "0000000000",
        "fillingDate": "2005-12-31",
        "acceptedDate": "2005-12-30 19:00:00",
        "calendarYear": "2006",
        "period": "Q1",
        "revenue": 881000000,
        "costOfRevenue": 630000000,
        "grossProfit": 251000000,
        "grossProfitRatio": 0.2849035187,
        "researchAndDevelopmentExpenses": 0,
        "generalAndAdministrativeExpenses": 0,
        "sellingAndMarketingExpenses": 0,
        "sellingGeneralAndAdministrativeExpenses": 97000000,
        "otherExpenses": 0,
        "operatingExpenses": 97000000,
        "costAndExpenses": 727000000,
        "interestIncome": 0,
        "interestExpense": 3000000,
        "depreciationAndAmortization": 24000000,
        "ebitda": 180000000,
        "ebitdaratio": 0.2043132804,
        "operatingIncome": 154000000,
        "operatingIncomeRatio": 0.1748013621,
        "totalOtherIncomeExpensesNet": -1000000,
        "incomeBeforeTax": 153000000,
        "incomeBeforeTaxRatio": 0.1736662883,
        "incomeTaxExpense": 49000000,
        "netIncome": 104000000,
        "netIncomeRatio": 0.1180476731,
        "eps": 0.6,
        "epsdiluted": 0.59,
        "weightedAverageShsOut": 172800000,
        "weightedAverageShsOutDil": 175500000,
        "link": "",
        "finalLink": ""
    },
    {
        "date": "2005-09-30",
        "symbol": "COL",
        "reportedCurrency": "USD",
        "cik": "0000000000",
        "fillingDate": "2005-09-30",
        "acceptedDate": "2005-09-29 20:00:00",
        "calendarYear": "2005",
        "period": "Q4",
        "revenue": 963000000,
        "costOfRevenue": 716000000,
        "grossProfit": 247000000,
        "grossProfitRatio": 0.256490135,
        "researchAndDevelopmentExpenses": 0,
        "generalAndAdministrativeExpenses": 0,
        "sellingAndMarketingExpenses": 0,
        "sellingGeneralAndAdministrativeExpenses": 111000000,
        "otherExpenses": 0,
        "operatingExpenses": 111000000,
        "costAndExpenses": 827000000,
        "interestIncome": 0,
        "interestExpense": 3000000,
        "depreciationAndAmortization": 41000000,
        "ebitda": 185000000,
        "ebitdaratio": 0.1921079958,
        "operatingIncome": 136000000,
        "operatingIncomeRatio": 0.1412253375,
        "totalOtherIncomeExpensesNet": 5000000,
        "incomeBeforeTax": 141000000,
        "incomeBeforeTaxRatio": 0.1464174455,
        "incomeTaxExpense": 31000000,
        "netIncome": 110000000,
        "netIncomeRatio": 0.1142263759,
        "eps": 0.64,
        "epsdiluted": 0.63,
        "weightedAverageShsOut": 172800000,
        "weightedAverageShsOutDil": 175500000,
        "link": "",
        "finalLink": ""
    },
    {
        "date": "2005-06-30",
        "symbol": "COL",
        "reportedCurrency": "USD",
        "cik": "0000000000",
        "fillingDate": "2005-06-30",
        "acceptedDate": "2005-06-29 20:00:00",
        "calendarYear": "2005",
        "period": "Q3",
        "revenue": 890000000,
        "costOfRevenue": 641000000,
        "grossProfit": 249000000,
        "grossProfitRatio": 0.2797752809,
        "researchAndDevelopmentExpenses": 0,
        "generalAndAdministrativeExpenses": 0,
        "sellingAndMarketingExpenses": 0,
        "sellingGeneralAndAdministrativeExpenses": 107000000,
        "otherExpenses": 0,
        "operatingExpenses": 107000000,
        "costAndExpenses": 748000000,
        "interestIncome": 0,
        "interestExpense": 3000000,
        "depreciationAndAmortization": 26000000,
        "ebitda": 173000000,
        "ebitdaratio": 0.1943820225,
        "operatingIncome": 142000000,
        "operatingIncomeRatio": 0.1595505618,
        "totalOtherIncomeExpensesNet": 2000000,
        "incomeBeforeTax": 144000000,
        "incomeBeforeTaxRatio": 0.1617977528,
        "incomeTaxExpense": 43000000,
        "netIncome": 101000000,
        "netIncomeRatio": 0.1134831461,
        "eps": 0.57,
        "epsdiluted": 0.56,
        "weightedAverageShsOut": 177500000,
        "weightedAverageShsOutDil": 180700000,
        "link": "",
        "finalLink": ""
    },
    {
        "date": "2005-03-31",
        "symbol": "COL",
        "reportedCurrency": "USD",
        "cik": "0000000000",
        "fillingDate": "2005-03-31",
        "acceptedDate": "2005-03-30 19:00:00",
        "calendarYear": "2005",
        "period": "Q2",
        "revenue": 829000000,
        "costOfRevenue": 600000000,
        "grossProfit": 229000000,
        "grossProfitRatio": 0.2762364294,
        "researchAndDevelopmentExpenses": 0,
        "generalAndAdministrativeExpenses": 0,
        "sellingAndMarketingExpenses": 0,
        "sellingGeneralAndAdministrativeExpenses": 97000000,
        "otherExpenses": 0,
        "operatingExpenses": 97000000,
        "costAndExpenses": 697000000,
        "interestIncome": 0,
        "interestExpense": 2000000,
        "depreciationAndAmortization": 27000000,
        "ebitda": 162000000,
        "ebitdaratio": 0.1954161641,
        "operatingIncome": 132000000,
        "operatingIncomeRatio": 0.1592279855,
        "totalOtherIncomeExpensesNet": 1000000,
        "incomeBeforeTax": 133000000,
        "incomeBeforeTaxRatio": 0.1604342581,
        "incomeTaxExpense": 38000000,
        "netIncome": 95000000,
        "netIncomeRatio": 0.1145958987,
        "eps": 0.53,
        "epsdiluted": 0.52,
        "weightedAverageShsOut": 178800000,
        "weightedAverageShsOutDil": 182000000,
        "link": "",
        "finalLink": ""
    },
    {
        "date": "2004-12-31",
        "symbol": "COL",
        "reportedCurrency": "USD",
        "cik": "0000000000",
        "fillingDate": "2004-12-31",
        "acceptedDate": "2004-12-30 19:00:00",
        "calendarYear": "2005",
        "period": "Q1",
        "revenue": 763000000,
        "costOfRevenue": 545000000,
        "grossProfit": 218000000,
        "grossProfitRatio": 0.2857142857,
        "researchAndDevelopmentExpenses": 0,
        "generalAndAdministrativeExpenses": 0,
        "sellingAndMarketingExpenses": 0,
        "sellingGeneralAndAdministrativeExpenses": 87000000,
        "otherExpenses": 0,
        "operatingExpenses": 87000000,
        "costAndExpenses": 632000000,
        "interestIncome": 0,
        "interestExpense": 3000000,
        "depreciationAndAmortization": 25000000,
        "ebitda": 157000000,
        "ebitdaratio": 0.2057667104,
        "operatingIncome": 131000000,
        "operatingIncomeRatio": 0.1716906946,
        "totalOtherIncomeExpensesNet": -2000000,
        "incomeBeforeTax": 129000000,
        "incomeBeforeTaxRatio": 0.1690694626,
        "incomeTaxExpense": 39000000,
        "netIncome": 90000000,
        "netIncomeRatio": 0.1179554391,
        "eps": 0.51,
        "epsdiluted": 0.5,
        "weightedAverageShsOut": 177200000,
        "weightedAverageShsOutDil": 180200000,
        "link": "",
        "finalLink": ""
    },
    {
        "date": "2004-09-30",
        "symbol": "COL",
        "reportedCurrency": "USD",
        "cik": "0000000000",
        "fillingDate": "2004-09-30",
        "acceptedDate": "2004-09-29 20:00:00",
        "calendarYear": "2004",
        "period": "Q4",
        "revenue": 839000000,
        "costOfRevenue": 616000000,
        "grossProfit": 223000000,
        "grossProfitRatio": 0.2657926103,
        "researchAndDevelopmentExpenses": 0,
        "generalAndAdministrativeExpenses": 0,
        "sellingAndMarketingExpenses": 0,
        "sellingGeneralAndAdministrativeExpenses": 101000000,
        "otherExpenses": 0,
        "operatingExpenses": 101000000,
        "costAndExpenses": 717000000,
        "interestIncome": 0,
        "interestExpense": 2000000,
        "depreciationAndAmortization": 28000000,
        "ebitda": 153000000,
        "ebitdaratio": 0.1823599523,
        "operatingIncome": 122000000,
        "operatingIncomeRatio": 0.1454112038,
        "totalOtherIncomeExpensesNet": 1000000,
        "incomeBeforeTax": 123000000,
        "incomeBeforeTaxRatio": 0.1466030989,
        "incomeTaxExpense": 37000000,
        "netIncome": 86000000,
        "netIncomeRatio": 0.1025029797,
        "eps": 0.49,
        "epsdiluted": 0.48,
        "weightedAverageShsOut": 177200000,
        "weightedAverageShsOutDil": 180200000,
        "link": "",
        "finalLink": ""
    },
    {
        "date": "2004-06-30",
        "symbol": "COL",
        "reportedCurrency": "USD",
        "cik": "0000000000",
        "fillingDate": "2004-06-30",
        "acceptedDate": "2004-06-29 20:00:00",
        "calendarYear": "2004",
        "period": "Q3",
        "revenue": 744000000,
        "costOfRevenue": 547000000,
        "grossProfit": 197000000,
        "grossProfitRatio": 0.2647849462,
        "researchAndDevelopmentExpenses": 0,
        "generalAndAdministrativeExpenses": 0,
        "sellingAndMarketingExpenses": 0,
        "sellingGeneralAndAdministrativeExpenses": 88000000,
        "otherExpenses": 0,
        "operatingExpenses": 88000000,
        "costAndExpenses": 635000000,
        "interestIncome": 0,
        "interestExpense": 2000000,
        "depreciationAndAmortization": 26000000,
        "ebitda": 136000000,
        "ebitdaratio": 0.1827956989,
        "operatingIncome": 109000000,
        "operatingIncomeRatio": 0.1465053763,
        "totalOtherIncomeExpensesNet": -1000000,
        "incomeBeforeTax": 108000000,
        "incomeBeforeTaxRatio": 0.1451612903,
        "incomeTaxExpense": 32000000,
        "netIncome": 76000000,
        "netIncomeRatio": 0.1021505376,
        "eps": 0.43,
        "epsdiluted": 0.42,
        "weightedAverageShsOut": 176800000,
        "weightedAverageShsOutDil": 179300000,
        "link": "",
        "finalLink": ""
    },
    {
        "date": "2004-03-31",
        "symbol": "COL",
        "reportedCurrency": "USD",
        "cik": "0000000000",
        "fillingDate": "2004-03-31",
        "acceptedDate": "2004-03-30 19:00:00",
        "calendarYear": "2004",
        "period": "Q2",
        "revenue": 719000000,
        "costOfRevenue": 526000000,
        "grossProfit": 193000000,
        "grossProfitRatio": 0.2684283727,
        "researchAndDevelopmentExpenses": 0,
        "generalAndAdministrativeExpenses": 0,
        "sellingAndMarketingExpenses": 0,
        "sellingGeneralAndAdministrativeExpenses": 87000000,
        "otherExpenses": 0,
        "operatingExpenses": 87000000,
        "costAndExpenses": 613000000,
        "interestIncome": 0,
        "interestExpense": 2000000,
        "depreciationAndAmortization": 28000000,
        "ebitda": 132000000,
        "ebitdaratio": 0.1835883171,
        "operatingIncome": 106000000,
        "operatingIncomeRatio": 0.1474269819,
        "totalOtherIncomeExpensesNet": -4000000,
        "incomeBeforeTax": 102000000,
        "incomeBeforeTaxRatio": 0.1418636996,
        "incomeTaxExpense": 31000000,
        "netIncome": 71000000,
        "netIncomeRatio": 0.0987482615,
        "eps": 0.4,
        "epsdiluted": 0.39,
        "weightedAverageShsOut": 178500000,
        "weightedAverageShsOutDil": 181100000,
        "link": "",
        "finalLink": ""
    },
    {
        "date": "2003-12-31",
        "symbol": "COL",
        "reportedCurrency": "USD",
        "cik": "0000000000",
        "fillingDate": "2003-12-31",
        "acceptedDate": "2003-12-30 19:00:00",
        "calendarYear": "2004",
        "period": "Q1",
        "revenue": 628000000,
        "costOfRevenue": 455000000,
        "grossProfit": 173000000,
        "grossProfitRatio": 0.275477707,
        "researchAndDevelopmentExpenses": 0,
        "generalAndAdministrativeExpenses": 0,
        "sellingAndMarketingExpenses": 0,
        "sellingGeneralAndAdministrativeExpenses": 80000000,
        "otherExpenses": 0,
        "operatingExpenses": 80000000,
        "costAndExpenses": 535000000,
        "interestIncome": 0,
        "interestExpense": 2000000,
        "depreciationAndAmortization": 27000000,
        "ebitda": 126000000,
        "ebitdaratio": 0.2006369427,
        "operatingIncome": 93000000,
        "operatingIncomeRatio": 0.148089172,
        "totalOtherIncomeExpensesNet": 4000000,
        "incomeBeforeTax": 97000000,
        "incomeBeforeTaxRatio": 0.1544585987,
        "incomeTaxExpense": 29000000,
        "netIncome": 68000000,
        "netIncomeRatio": 0.1082802548,
        "eps": 0.38,
        "epsdiluted": 0.38,
        "weightedAverageShsOut": 177500000,
        "weightedAverageShsOutDil": 179300000,
        "link": "",
        "finalLink": ""
    },
    {
        "date": "2003-09-30",
        "symbol": "COL",
        "reportedCurrency": "USD",
        "cik": "0000000000",
        "fillingDate": "2003-09-30",
        "acceptedDate": "2003-09-29 20:00:00",
        "calendarYear": "2003",
        "period": "Q4",
        "revenue": 743000000,
        "costOfRevenue": 547000000,
        "grossProfit": 196000000,
        "grossProfitRatio": 0.263795424,
        "researchAndDevelopmentExpenses": 0,
        "generalAndAdministrativeExpenses": 0,
        "sellingAndMarketingExpenses": 0,
        "sellingGeneralAndAdministrativeExpenses": 96000000,
        "otherExpenses": 0,
        "operatingExpenses": 96000000,
        "costAndExpenses": 643000000,
        "interestIncome": 0,
        "interestExpense": 0,
        "depreciationAndAmortization": 26000000,
        "ebitda": 130000000,
        "ebitdaratio": 0.1749663526,
        "operatingIncome": 100000000,
        "operatingIncomeRatio": 0.134589502,
        "totalOtherIncomeExpensesNet": 4000000,
        "incomeBeforeTax": 104000000,
        "incomeBeforeTaxRatio": 0.1399730821,
        "incomeTaxExpense": 31000000,
        "netIncome": 73000000,
        "netIncomeRatio": 0.0982503365,
        "eps": 0.41,
        "epsdiluted": 0.41,
        "weightedAverageShsOut": 177500000,
        "weightedAverageShsOutDil": 179300000,
        "link": "",
        "finalLink": ""
    },
    {
        "date": "2003-06-30",
        "symbol": "COL",
        "reportedCurrency": "USD",
        "cik": "0000000000",
        "fillingDate": "2003-06-30",
        "acceptedDate": "2003-06-29 20:00:00",
        "calendarYear": "2003",
        "period": "Q3",
        "revenue": 620000000,
        "costOfRevenue": 450000000,
        "grossProfit": 170000000,
        "grossProfitRatio": 0.2741935484,
        "researchAndDevelopmentExpenses": 0,
        "generalAndAdministrativeExpenses": 0,
        "sellingAndMarketingExpenses": 0,
        "sellingGeneralAndAdministrativeExpenses": 81000000,
        "otherExpenses": 0,
        "operatingExpenses": 81000000,
        "costAndExpenses": 531000000,
        "interestIncome": 0,
        "interestExpense": 1000000,
        "depreciationAndAmortization": 29000000,
        "ebitda": 140000000,
        "ebitdaratio": 0.2258064516,
        "operatingIncome": 89000000,
        "operatingIncomeRatio": 0.1435483871,
        "totalOtherIncomeExpensesNet": 21000000,
        "incomeBeforeTax": 110000000,
        "incomeBeforeTaxRatio": 0.1774193548,
        "incomeTaxExpense": 33000000,
        "netIncome": 77000000,
        "netIncomeRatio": 0.1241935484,
        "eps": 0.43,
        "epsdiluted": 0.43,
        "weightedAverageShsOut": 178300000,
        "weightedAverageShsOutDil": 179100000,
        "link": "",
        "finalLink": ""
    },
    {
        "date": "2003-03-31",
        "symbol": "COL",
        "reportedCurrency": "USD",
        "cik": "0000000000",
        "fillingDate": "2003-03-31",
        "acceptedDate": "2003-03-30 19:00:00",
        "calendarYear": "2003",
        "period": "Q2",
        "revenue": 618000000,
        "costOfRevenue": 454000000,
        "grossProfit": 164000000,
        "grossProfitRatio": 0.2653721683,
        "researchAndDevelopmentExpenses": 0,
        "generalAndAdministrativeExpenses": 0,
        "sellingAndMarketingExpenses": 0,
        "sellingGeneralAndAdministrativeExpenses": 86000000,
        "otherExpenses": 0,
        "operatingExpenses": 86000000,
        "costAndExpenses": 540000000,
        "interestIncome": 0,
        "interestExpense": 1000000,
        "depreciationAndAmortization": 25000000,
        "ebitda": 110000000,
        "ebitdaratio": 0.1779935275,
        "operatingIncome": 78000000,
        "operatingIncomeRatio": 0.1262135922,
        "totalOtherIncomeExpensesNet": 6000000,
        "incomeBeforeTax": 84000000,
        "incomeBeforeTaxRatio": 0.1359223301,
        "incomeTaxExpense": 25000000,
        "netIncome": 59000000,
        "netIncomeRatio": 0.0954692557,
        "eps": 0.33,
        "epsdiluted": 0.33,
        "weightedAverageShsOut": 179000000,
        "weightedAverageShsOutDil": 179600000,
        "link": "",
        "finalLink": ""
    },
    {
        "date": "2002-12-31",
        "symbol": "COL",
        "reportedCurrency": "USD",
        "cik": "0000000000",
        "fillingDate": "2002-12-31",
        "acceptedDate": "2002-12-30 19:00:00",
        "calendarYear": "2003",
        "period": "Q1",
        "revenue": 561000000,
        "costOfRevenue": 416000000,
        "grossProfit": 145000000,
        "grossProfitRatio": 0.2584670232,
        "researchAndDevelopmentExpenses": 0,
        "generalAndAdministrativeExpenses": 0,
        "sellingAndMarketingExpenses": 0,
        "sellingGeneralAndAdministrativeExpenses": 77000000,
        "otherExpenses": 0,
        "operatingExpenses": 77000000,
        "costAndExpenses": 493000000,
        "interestIncome": 0,
        "interestExpense": 1000000,
        "depreciationAndAmortization": 25000000,
        "ebitda": 96000000,
        "ebitdaratio": 0.1711229947,
        "operatingIncome": 68000000,
        "operatingIncomeRatio": 0.1212121212,
        "totalOtherIncomeExpensesNet": 2000000,
        "incomeBeforeTax": 70000000,
        "incomeBeforeTaxRatio": 0.1247771836,
        "incomeTaxExpense": 21000000,
        "netIncome": 49000000,
        "netIncomeRatio": 0.0873440285,
        "eps": 0.27,
        "epsdiluted": 0.27,
        "weightedAverageShsOut": 180200000,
        "weightedAverageShsOutDil": 181100000,
        "link": "",
        "finalLink": ""
    },
    {
        "date": "2002-09-30",
        "symbol": "COL",
        "reportedCurrency": "USD",
        "cik": "0000000000",
        "fillingDate": "2002-09-30",
        "acceptedDate": "2002-09-29 20:00:00",
        "calendarYear": "2002",
        "period": "Q4",
        "revenue": 698000000,
        "costOfRevenue": 525000000,
        "grossProfit": 173000000,
        "grossProfitRatio": 0.2478510029,
        "researchAndDevelopmentExpenses": 0,
        "generalAndAdministrativeExpenses": 0,
        "sellingAndMarketingExpenses": 0,
        "sellingGeneralAndAdministrativeExpenses": 92000000,
        "otherExpenses": 0,
        "operatingExpenses": 92000000,
        "costAndExpenses": 617000000,
        "interestIncome": 0,
        "interestExpense": 2000000,
        "depreciationAndAmortization": 42000000,
        "ebitda": 144000000,
        "ebitdaratio": 0.2063037249,
        "operatingIncome": 81000000,
        "operatingIncomeRatio": 0.1160458453,
        "totalOtherIncomeExpensesNet": 19000000,
        "incomeBeforeTax": 100000000,
        "incomeBeforeTaxRatio": 0.1432664756,
        "incomeTaxExpense": 30000000,
        "netIncome": 70000000,
        "netIncomeRatio": 0.100286533,
        "eps": 0.39,
        "epsdiluted": 0.39,
        "weightedAverageShsOut": 180200000,
        "weightedAverageShsOutDil": 181100000,
        "link": "",
        "finalLink": ""
    },
    {
        "date": "2002-06-30",
        "symbol": "COL",
        "reportedCurrency": "USD",
        "cik": "0000000000",
        "fillingDate": "2002-06-30",
        "acceptedDate": "2002-06-29 20:00:00",
        "calendarYear": "2002",
        "period": "Q3",
        "revenue": 623000000,
        "costOfRevenue": 460000000,
        "grossProfit": 163000000,
        "grossProfitRatio": 0.2616372392,
        "researchAndDevelopmentExpenses": 0,
        "generalAndAdministrativeExpenses": 0,
        "sellingAndMarketingExpenses": 0,
        "sellingGeneralAndAdministrativeExpenses": 74000000,
        "otherExpenses": 0,
        "operatingExpenses": 74000000,
        "costAndExpenses": 534000000,
        "interestIncome": 0,
        "interestExpense": 1000000,
        "depreciationAndAmortization": 21000000,
        "ebitda": 110000000,
        "ebitdaratio": 0.176565008,
        "operatingIncome": 89000000,
        "operatingIncomeRatio": 0.1428571429,
        "totalOtherIncomeExpensesNet": -1000000,
        "incomeBeforeTax": 88000000,
        "incomeBeforeTaxRatio": 0.1412520064,
        "incomeTaxExpense": 28000000,
        "netIncome": 60000000,
        "netIncomeRatio": 0.0963081862,
        "eps": 0.33,
        "epsdiluted": 0.32,
        "weightedAverageShsOut": 183000000,
        "weightedAverageShsOutDil": 184800000,
        "link": "",
        "finalLink": ""
    },
    {
        "date": "2002-03-31",
        "symbol": "COL",
        "reportedCurrency": "USD",
        "cik": "0000000000",
        "fillingDate": "2002-03-31",
        "acceptedDate": "2002-03-30 19:00:00",
        "calendarYear": "2002",
        "period": "Q2",
        "revenue": 608000000,
        "costOfRevenue": 458000000,
        "grossProfit": 150000000,
        "grossProfitRatio": 0.2467105263,
        "researchAndDevelopmentExpenses": 0,
        "generalAndAdministrativeExpenses": 0,
        "sellingAndMarketingExpenses": 0,
        "sellingGeneralAndAdministrativeExpenses": 72000000,
        "otherExpenses": 0,
        "operatingExpenses": 72000000,
        "costAndExpenses": 530000000,
        "interestIncome": 0,
        "interestExpense": 1000000,
        "depreciationAndAmortization": 22000000,
        "ebitda": 104000000,
        "ebitdaratio": 0.1710526316,
        "operatingIncome": 78000000,
        "operatingIncomeRatio": 0.1282894737,
        "totalOtherIncomeExpensesNet": 3000000,
        "incomeBeforeTax": 81000000,
        "incomeBeforeTaxRatio": 0.1332236842,
        "incomeTaxExpense": 23000000,
        "netIncome": 58000000,
        "netIncomeRatio": 0.0953947368,
        "eps": 0.32,
        "epsdiluted": 0.31,
        "weightedAverageShsOut": 183300000,
        "weightedAverageShsOutDil": 184400000,
        "link": "",
        "finalLink": ""
    },
    {
        "date": "2001-12-31",
        "symbol": "COL",
        "reportedCurrency": "USD",
        "cik": "0000000000",
        "fillingDate": "2001-12-31",
        "acceptedDate": "2001-12-30 19:00:00",
        "calendarYear": "2002",
        "period": "Q1",
        "revenue": 563000000,
        "costOfRevenue": 420000000,
        "grossProfit": 143000000,
        "grossProfitRatio": 0.2539964476,
        "researchAndDevelopmentExpenses": 0,
        "generalAndAdministrativeExpenses": 0,
        "sellingAndMarketingExpenses": 0,
        "sellingGeneralAndAdministrativeExpenses": 69000000,
        "otherExpenses": 0,
        "operatingExpenses": 69000000,
        "costAndExpenses": 489000000,
        "interestIncome": 0,
        "interestExpense": 2000000,
        "depreciationAndAmortization": 20000000,
        "ebitda": 94000000,
        "ebitdaratio": 0.1669626998,
        "operatingIncome": 74000000,
        "operatingIncomeRatio": 0.1314387211,
        "totalOtherIncomeExpensesNet": -2000000,
        "incomeBeforeTax": 72000000,
        "incomeBeforeTaxRatio": 0.1278863233,
        "incomeTaxExpense": 24000000,
        "netIncome": 48000000,
        "netIncomeRatio": 0.0852575488,
        "eps": 0.26,
        "epsdiluted": 0.26,
        "weightedAverageShsOut": 183600000,
        "weightedAverageShsOutDil": 183800000,
        "link": "",
        "finalLink": ""
    },
    {
        "date": "2001-09-30",
        "symbol": "COL",
        "reportedCurrency": "USD",
        "cik": "0000000000",
        "fillingDate": "2001-09-30",
        "acceptedDate": "2001-09-29 20:00:00",
        "calendarYear": "2001",
        "period": "Q4",
        "revenue": 816000000,
        "costOfRevenue": 629000000,
        "grossProfit": 187000000,
        "grossProfitRatio": 0.2291666667,
        "researchAndDevelopmentExpenses": 0,
        "generalAndAdministrativeExpenses": 0,
        "sellingAndMarketingExpenses": 0,
        "sellingGeneralAndAdministrativeExpenses": 105000000,
        "otherExpenses": 0,
        "operatingExpenses": 105000000,
        "costAndExpenses": 734000000,
        "interestIncome": 0,
        "interestExpense": 0,
        "depreciationAndAmortization": 29000000,
        "ebitda": -32000000,
        "ebitdaratio": -0.0392156863,
        "operatingIncome": 82000000,
        "operatingIncomeRatio": 0.1004901961,
        "totalOtherIncomeExpensesNet": -143000000,
        "incomeBeforeTax": -61000000,
        "incomeBeforeTaxRatio": -0.074754902,
        "incomeTaxExpense": -13000000,
        "netIncome": -48000000,
        "netIncomeRatio": -0.0588235294,
        "eps": -0.26,
        "epsdiluted": -0.26,
        "weightedAverageShsOut": 183600000,
        "weightedAverageShsOutDil": 183800000,
        "link": "",
        "finalLink": ""
    },
    {
        "date": "2001-06-30",
        "symbol": "COL",
        "reportedCurrency": "USD",
        "cik": "0000000000",
        "fillingDate": "2001-06-30",
        "acceptedDate": "2001-06-29 20:00:00",
        "calendarYear": "2001",
        "period": "Q3",
        "revenue": 727000000,
        "costOfRevenue": 535000000,
        "grossProfit": 192000000,
        "grossProfitRatio": 0.2640990371,
        "researchAndDevelopmentExpenses": 0,
        "generalAndAdministrativeExpenses": 0,
        "sellingAndMarketingExpenses": 0,
        "sellingGeneralAndAdministrativeExpenses": 89000000,
        "otherExpenses": 0,
        "operatingExpenses": 89000000,
        "costAndExpenses": 624000000,
        "interestIncome": 0,
        "interestExpense": 0,
        "depreciationAndAmortization": 1000000,
        "ebitda": 104000000,
        "ebitdaratio": 0.1430536451,
        "operatingIncome": 103000000,
        "operatingIncomeRatio": 0.1416781293,
        "totalOtherIncomeExpensesNet": 1000000,
        "incomeBeforeTax": 104000000,
        "incomeBeforeTaxRatio": 0.1430536451,
        "incomeTaxExpense": 36000000,
        "netIncome": 68000000,
        "netIncomeRatio": 0.0935350757,
        "eps": 0.37,
        "epsdiluted": 0.37,
        "weightedAverageShsOut": 183100000,
        "weightedAverageShsOutDil": 186000000,
        "link": "",
        "finalLink": ""
    }
]