[
    {
        "date": "2025-06-30",
        "symbol": "COOP",
        "reportedCurrency": "USD",
        "cik": "0000933136",
        "fillingDate": "2025-07-23",
        "acceptedDate": "2025-07-23 07:02:46",
        "calendarYear": "2025",
        "period": "Q2",
        "revenue": 608000000,
        "costOfRevenue": 191000000,
        "grossProfit": 417000000,
        "grossProfitRatio": 0.6858552632,
        "researchAndDevelopmentExpenses": 0,
        "generalAndAdministrativeExpenses": 139000000,
        "sellingAndMarketingExpenses": 0,
        "sellingGeneralAndAdministrativeExpenses": 139000000,
        "otherExpenses": 0,
        "operatingExpenses": 139000000,
        "costAndExpenses": 330000000,
        "interestIncome": 217000000,
        "interestExpense": 0,
        "depreciationAndAmortization": 11000000,
        "ebitda": 304000000,
        "ebitdaratio": 0.5,
        "operatingIncome": 293000000,
        "operatingIncomeRatio": 0.4819078947,
        "totalOtherIncomeExpensesNet": -1000000,
        "incomeBeforeTax": 277000000,
        "incomeBeforeTaxRatio": 0.4555921053,
        "incomeTaxExpense": 79000000,
        "netIncome": 198000000,
        "netIncomeRatio": 0.3256578947,
        "eps": 3.09,
        "epsdiluted": 3.04,
        "weightedAverageShsOut": 63987000,
        "weightedAverageShsOutDil": 65094000,
        "link": "https://www.sec.gov/Archives/edgar/data/933136/000093313625000071/0000933136-25-000071-index.htm",
        "finalLink": "https://www.sec.gov/Archives/edgar/data/933136/000093313625000071/coop-20250630.htm"
    },
    {
        "date": "2025-03-31",
        "symbol": "COOP",
        "reportedCurrency": "USD",
        "cik": "0000933136",
        "fillingDate": "2025-04-23",
        "acceptedDate": "2025-04-23 16:27:23",
        "calendarYear": "2025",
        "period": "Q1",
        "revenue": 749000000,
        "costOfRevenue": 406000000,
        "grossProfit": 343000000,
        "grossProfitRatio": 0.4579439252,
        "researchAndDevelopmentExpenses": 0,
        "generalAndAdministrativeExpenses": 227000000,
        "sellingAndMarketingExpenses": 193000000,
        "sellingGeneralAndAdministrativeExpenses": 420000000,
        "otherExpenses": -183000000,
        "operatingExpenses": 237000000,
        "costAndExpenses": 643000000,
        "interestIncome": 189000000,
        "interestExpense": 213000000,
        "depreciationAndAmortization": 18000000,
        "ebitda": 124000000,
        "ebitdaratio": 0.1655540721,
        "operatingIncome": 106000000,
        "operatingIncomeRatio": 0.1415220294,
        "totalOtherIncomeExpensesNet": -11000000,
        "incomeBeforeTax": 95000000,
        "incomeBeforeTaxRatio": 0.126835781,
        "incomeTaxExpense": 7000000,
        "netIncome": 88000000,
        "netIncomeRatio": 0.1174899866,
        "eps": 1.38,
        "epsdiluted": 1.35,
        "weightedAverageShsOut": 63712000,
        "weightedAverageShsOutDil": 65036000,
        "link": "https://www.sec.gov/Archives/edgar/data/933136/000093313625000033/0000933136-25-000033-index.htm",
        "finalLink": "https://www.sec.gov/Archives/edgar/data/933136/000093313625000033/coop-20250331.htm"
    },
    {
        "date": "2024-12-31",
        "symbol": "COOP",
        "reportedCurrency": "USD",
        "cik": "0000933136",
        "fillingDate": "2025-02-20",
        "acceptedDate": "2025-02-20 16:08:07",
        "calendarYear": "2024",
        "period": "Q4",
        "revenue": 507000000,
        "costOfRevenue": -171000000,
        "grossProfit": 678000000,
        "grossProfitRatio": 1.3372781065,
        "researchAndDevelopmentExpenses": 0,
        "generalAndAdministrativeExpenses": 181000000,
        "sellingAndMarketingExpenses": 0,
        "sellingGeneralAndAdministrativeExpenses": 181000000,
        "otherExpenses": 205000000,
        "operatingExpenses": 386000000,
        "costAndExpenses": 215000000,
        "interestIncome": 216000000,
        "interestExpense": 0,
        "depreciationAndAmortization": 19000000,
        "ebitda": 311000000,
        "ebitdaratio": 0.6134122288,
        "operatingIncome": 292000000,
        "operatingIncomeRatio": 0.5759368836,
        "totalOtherIncomeExpensesNet": -12000000,
        "incomeBeforeTax": 280000000,
        "incomeBeforeTaxRatio": 0.5522682446,
        "incomeTaxExpense": 76000000,
        "netIncome": 204000000,
        "netIncomeRatio": 0.4023668639,
        "eps": 3.2,
        "epsdiluted": 3.13,
        "weightedAverageShsOut": 64272000,
        "weightedAverageShsOutDil": 65683000,
        "link": "https://www.sec.gov/Archives/edgar/data/933136/000093313625000018/0000933136-25-000018-index.htm",
        "finalLink": "https://www.sec.gov/Archives/edgar/data/933136/000093313625000018/coop-20241231.htm"
    },
    {
        "date": "2024-09-30",
        "symbol": "COOP",
        "reportedCurrency": "USD",
        "cik": "0000933136",
        "fillingDate": "2024-10-23",
        "acceptedDate": "2024-10-23 07:02:51",
        "calendarYear": "2024",
        "period": "Q3",
        "revenue": 424000000,
        "costOfRevenue": 182000000,
        "grossProfit": 242000000,
        "grossProfitRatio": 0.570754717,
        "researchAndDevelopmentExpenses": 0,
        "generalAndAdministrativeExpenses": 153000000,
        "sellingAndMarketingExpenses": 0,
        "sellingGeneralAndAdministrativeExpenses": 153000000,
        "otherExpenses": 0,
        "operatingExpenses": 153000000,
        "costAndExpenses": 335000000,
        "interestIncome": 227000000,
        "interestExpense": 0,
        "depreciationAndAmortization": 9000000,
        "ebitda": 126000000,
        "ebitdaratio": 0.2971698113,
        "operatingIncome": 104000000,
        "operatingIncomeRatio": 0.2452830189,
        "totalOtherIncomeExpensesNet": 8000000,
        "incomeBeforeTax": 112000000,
        "incomeBeforeTaxRatio": 0.2641509434,
        "incomeTaxExpense": 32000000,
        "netIncome": 80000000,
        "netIncomeRatio": 0.1886792453,
        "eps": 1.24,
        "epsdiluted": 1.22,
        "weightedAverageShsOut": 64272000,
        "weightedAverageShsOutDil": 65512000,
        "link": "https://www.sec.gov/Archives/edgar/data/933136/000093313624000081/0000933136-24-000081-index.htm",
        "finalLink": "https://www.sec.gov/Archives/edgar/data/933136/000093313624000081/coop-20240930.htm"
    },
    {
        "date": "2024-06-30",
        "symbol": "COOP",
        "reportedCurrency": "USD",
        "cik": "0000933136",
        "fillingDate": "2024-07-26",
        "acceptedDate": "2024-07-26 16:20:36",
        "calendarYear": "2024",
        "period": "Q2",
        "revenue": 772000000,
        "costOfRevenue": 355000000,
        "grossProfit": 415000000,
        "grossProfitRatio": 0.5375647668,
        "researchAndDevelopmentExpenses": 0,
        "generalAndAdministrativeExpenses": 125000000,
        "sellingAndMarketingExpenses": 168000000,
        "sellingGeneralAndAdministrativeExpenses": 293000000,
        "otherExpenses": 0,
        "operatingExpenses": 293000000,
        "costAndExpenses": 282000000,
        "interestIncome": 0,
        "interestExpense": 0,
        "depreciationAndAmortization": 8000000,
        "ebitda": 298000000,
        "ebitdaratio": 0.3860103627,
        "operatingIncome": 290000000,
        "operatingIncomeRatio": 0.3756476684,
        "totalOtherIncomeExpensesNet": -13000000,
        "incomeBeforeTax": 277000000,
        "incomeBeforeTaxRatio": 0.3588082902,
        "incomeTaxExpense": 73000000,
        "netIncome": 204000000,
        "netIncomeRatio": 0.2642487047,
        "eps": 3.16,
        "epsdiluted": 3.1,
        "weightedAverageShsOut": 64617000,
        "weightedAverageShsOutDil": 65768000,
        "link": "https://www.sec.gov/Archives/edgar/data/933136/000093313624000069/0000933136-24-000069-index.htm",
        "finalLink": "https://www.sec.gov/Archives/edgar/data/933136/000093313624000069/coop-20240630.htm"
    },
    {
        "date": "2024-03-31",
        "symbol": "COOP",
        "reportedCurrency": "USD",
        "cik": "0000933136",
        "fillingDate": "2024-04-24",
        "acceptedDate": "2024-04-24 07:02:57",
        "calendarYear": "2024",
        "period": "Q1",
        "revenue": 564000000,
        "costOfRevenue": 329000000,
        "grossProfit": 393000000,
        "grossProfitRatio": 0.6968085106,
        "researchAndDevelopmentExpenses": 0,
        "generalAndAdministrativeExpenses": 158000000,
        "sellingAndMarketingExpenses": 0,
        "sellingGeneralAndAdministrativeExpenses": 158000000,
        "otherExpenses": -205000000,
        "operatingExpenses": -47000000,
        "costAndExpenses": 305000000,
        "interestIncome": 0,
        "interestExpense": 0,
        "depreciationAndAmortization": 8000000,
        "ebitda": 243000000,
        "ebitdaratio": 0.4308510638,
        "operatingIncome": 235000000,
        "operatingIncomeRatio": 0.4166666667,
        "totalOtherIncomeExpensesNet": -3000000,
        "incomeBeforeTax": 232000000,
        "incomeBeforeTaxRatio": 0.4113475177,
        "incomeTaxExpense": 51000000,
        "netIncome": 181000000,
        "netIncomeRatio": 0.3209219858,
        "eps": 2.8,
        "epsdiluted": 2.73,
        "weightedAverageShsOut": 64629000,
        "weightedAverageShsOutDil": 66267000,
        "link": "https://www.sec.gov/Archives/edgar/data/933136/000093313624000035/0000933136-24-000035-index.htm",
        "finalLink": "https://www.sec.gov/Archives/edgar/data/933136/000093313624000035/coop-20240331.htm"
    },
    {
        "date": "2023-12-31",
        "symbol": "COOP",
        "reportedCurrency": "USD",
        "cik": "0000933136",
        "fillingDate": "2023-12-31",
        "acceptedDate": "2023-12-30 19:00:00",
        "calendarYear": "2023",
        "period": "Q4",
        "revenue": 563000000,
        "costOfRevenue": 323000000,
        "grossProfit": 240000000,
        "grossProfitRatio": 0.4262877442,
        "researchAndDevelopmentExpenses": 0,
        "generalAndAdministrativeExpenses": 168000000,
        "sellingAndMarketingExpenses": 0,
        "sellingGeneralAndAdministrativeExpenses": 168000000,
        "otherExpenses": 0,
        "operatingExpenses": 168000000,
        "costAndExpenses": 491000000,
        "interestIncome": 159000000,
        "interestExpense": 159000000,
        "depreciationAndAmortization": 10000000,
        "ebitda": 82000000,
        "ebitdaratio": 0.1456483126,
        "operatingIncome": 72000000,
        "operatingIncomeRatio": 0.1278863233,
        "totalOtherIncomeExpensesNet": -3000000,
        "incomeBeforeTax": 69000000,
        "incomeBeforeTaxRatio": 0.1225577265,
        "incomeTaxExpense": 23000000,
        "netIncome": 46000000,
        "netIncomeRatio": 0.081705151,
        "eps": 0.71,
        "epsdiluted": 0.69,
        "weightedAverageShsOut": 65100000,
        "weightedAverageShsOutDil": 66700000,
        "link": null,
        "finalLink": null
    },
    {
        "date": "2023-09-30",
        "symbol": "COOP",
        "reportedCurrency": "USD",
        "cik": "0000933136",
        "fillingDate": "2023-10-25",
        "acceptedDate": "2023-10-25 07:05:06",
        "calendarYear": "2023",
        "period": "Q3",
        "revenue": 741000000,
        "costOfRevenue": 312000000,
        "grossProfit": 429000000,
        "grossProfitRatio": 0.5789473684,
        "researchAndDevelopmentExpenses": 0,
        "generalAndAdministrativeExpenses": 135000000,
        "sellingAndMarketingExpenses": 0,
        "sellingGeneralAndAdministrativeExpenses": 135000000,
        "otherExpenses": 294000000,
        "operatingExpenses": 429000000,
        "costAndExpenses": 332000000,
        "interestIncome": 0,
        "interestExpense": 0,
        "depreciationAndAmortization": 10000000,
        "ebitda": 304000000,
        "ebitdaratio": 0.4102564103,
        "operatingIncome": 281000000,
        "operatingIncomeRatio": 0.379217274,
        "totalOtherIncomeExpensesNet": 71000000,
        "incomeBeforeTax": 352000000,
        "incomeBeforeTaxRatio": 0.4750337382,
        "incomeTaxExpense": 77000000,
        "netIncome": 275000000,
        "netIncomeRatio": 0.371120108,
        "eps": 4.14,
        "epsdiluted": 4.06,
        "weightedAverageShsOut": 66424000,
        "weightedAverageShsOutDil": 67668000,
        "link": "https://www.sec.gov/Archives/edgar/data/933136/000093313623000091/0000933136-23-000091-index.htm",
        "finalLink": "https://www.sec.gov/Archives/edgar/data/933136/000093313623000091/coop-20230930.htm"
    },
    {
        "date": "2023-06-30",
        "symbol": "COOP",
        "reportedCurrency": "USD",
        "cik": "0000933136",
        "fillingDate": "2023-07-26",
        "acceptedDate": "2023-07-26 07:04:06",
        "calendarYear": "2023",
        "period": "Q2",
        "revenue": 603000000,
        "costOfRevenue": 278000000,
        "grossProfit": 325000000,
        "grossProfitRatio": 0.5389718076,
        "researchAndDevelopmentExpenses": 0,
        "generalAndAdministrativeExpenses": 122000000,
        "sellingAndMarketingExpenses": 0,
        "sellingGeneralAndAdministrativeExpenses": 122000000,
        "otherExpenses": 0,
        "operatingExpenses": 122000000,
        "costAndExpenses": 400000000,
        "interestIncome": 0,
        "interestExpense": 0,
        "depreciationAndAmortization": 9000000,
        "ebitda": 212000000,
        "ebitdaratio": 0.3515754561,
        "operatingIncome": 203000000,
        "operatingIncomeRatio": 0.3366500829,
        "totalOtherIncomeExpensesNet": -5000000,
        "incomeBeforeTax": 198000000,
        "incomeBeforeTaxRatio": 0.328358209,
        "incomeTaxExpense": 56000000,
        "netIncome": 142000000,
        "netIncomeRatio": 0.2354892206,
        "eps": 2.1,
        "epsdiluted": 2.07,
        "weightedAverageShsOut": 67649000,
        "weightedAverageShsOutDil": 68606000,
        "link": "https://www.sec.gov/Archives/edgar/data/933136/000093313623000075/0000933136-23-000075-index.htm",
        "finalLink": "https://www.sec.gov/Archives/edgar/data/933136/000093313623000075/coop-20230630.htm"
    },
    {
        "date": "2023-03-31",
        "symbol": "COOP",
        "reportedCurrency": "USD",
        "cik": "0000933136",
        "fillingDate": "2023-04-26",
        "acceptedDate": "2023-04-26 07:06:28",
        "calendarYear": "2023",
        "period": "Q1",
        "revenue": 415000000,
        "costOfRevenue": 258000000,
        "grossProfit": 157000000,
        "grossProfitRatio": 0.378313253,
        "researchAndDevelopmentExpenses": 0,
        "generalAndAdministrativeExpenses": 104000000,
        "sellingAndMarketingExpenses": 148000000,
        "sellingGeneralAndAdministrativeExpenses": 252000000,
        "otherExpenses": 44000000,
        "operatingExpenses": 157000000,
        "costAndExpenses": 415000000,
        "interestIncome": 0,
        "interestExpense": 0,
        "depreciationAndAmortization": 9000000,
        "ebitda": 53000000,
        "ebitdaratio": 0.1277108434,
        "operatingIncome": 44000000,
        "operatingIncomeRatio": 0.1060240964,
        "totalOtherIncomeExpensesNet": -9000000,
        "incomeBeforeTax": 35000000,
        "incomeBeforeTaxRatio": 0.0843373494,
        "incomeTaxExpense": -2000000,
        "netIncome": 37000000,
        "netIncomeRatio": 0.0891566265,
        "eps": 0.54,
        "epsdiluted": 0.52,
        "weightedAverageShsOut": 69000000,
        "weightedAverageShsOutDil": 70500000,
        "link": "https://www.sec.gov/Archives/edgar/data/933136/000093313623000046/0000933136-23-000046-index.htm",
        "finalLink": "https://www.sec.gov/Archives/edgar/data/933136/000093313623000046/coop-20230331.htm"
    },
    {
        "date": "2022-12-31",
        "symbol": "COOP",
        "reportedCurrency": "USD",
        "cik": "0000933136",
        "fillingDate": "2023-02-16",
        "acceptedDate": "2023-02-16 16:07:36",
        "calendarYear": "2022",
        "period": "Q4",
        "revenue": 395000000,
        "costOfRevenue": 103000000,
        "grossProfit": 117000000,
        "grossProfitRatio": 0.2962025316,
        "researchAndDevelopmentExpenses": 0,
        "generalAndAdministrativeExpenses": 117000000,
        "sellingAndMarketingExpenses": 0,
        "sellingGeneralAndAdministrativeExpenses": 117000000,
        "otherExpenses": 175000000,
        "operatingExpenses": 292000000,
        "costAndExpenses": 395000000,
        "interestIncome": 111000000,
        "interestExpense": 313000000,
        "depreciationAndAmortization": 8000000,
        "ebitda": 274037000,
        "ebitdaratio": 0.693764557,
        "operatingIncome": 19000000,
        "operatingIncomeRatio": 0.0481012658,
        "totalOtherIncomeExpensesNet": -29000000,
        "incomeBeforeTax": -10000000,
        "incomeBeforeTaxRatio": -0.0253164557,
        "incomeTaxExpense": -11000000,
        "netIncome": 1000000,
        "netIncomeRatio": 0.0025316456,
        "eps": 0.01,
        "epsdiluted": 0.01,
        "weightedAverageShsOut": 69900000,
        "weightedAverageShsOutDil": 71600000,
        "link": "https://www.sec.gov/Archives/edgar/data/933136/000093313623000009/0000933136-23-000009-index.htm",
        "finalLink": "https://www.sec.gov/Archives/edgar/data/933136/000093313623000009/coop-20221231.htm"
    },
    {
        "date": "2022-09-30",
        "symbol": "COOP",
        "reportedCurrency": "USD",
        "cik": "0000933136",
        "fillingDate": "2022-10-26",
        "acceptedDate": "2022-10-26 07:04:13",
        "calendarYear": "2022",
        "period": "Q3",
        "revenue": 593000000,
        "costOfRevenue": 287000000,
        "grossProfit": 306000000,
        "grossProfitRatio": 0.5160202361,
        "researchAndDevelopmentExpenses": 0,
        "generalAndAdministrativeExpenses": 133000000,
        "sellingAndMarketingExpenses": 0,
        "sellingGeneralAndAdministrativeExpenses": 133000000,
        "otherExpenses": 173000000,
        "operatingExpenses": 306000000,
        "costAndExpenses": 420000000,
        "interestIncome": 0,
        "interestExpense": 0,
        "depreciationAndAmortization": 9000000,
        "ebitda": 182000000,
        "ebitdaratio": 0.3069139966,
        "operatingIncome": 201000000,
        "operatingIncomeRatio": 0.3389544688,
        "totalOtherIncomeExpensesNet": -48000000,
        "incomeBeforeTax": 153000000,
        "incomeBeforeTaxRatio": 0.258010118,
        "incomeTaxExpense": 40000000,
        "netIncome": 113000000,
        "netIncomeRatio": 0.1905564924,
        "eps": 1.59,
        "epsdiluted": 1.55,
        "weightedAverageShsOut": 71175000,
        "weightedAverageShsOutDil": 72878000,
        "link": "https://www.sec.gov/Archives/edgar/data/933136/000093313622000086/0000933136-22-000086-index.htm",
        "finalLink": "https://www.sec.gov/Archives/edgar/data/933136/000093313622000086/coop-20220930.htm"
    },
    {
        "date": "2022-06-30",
        "symbol": "COOP",
        "reportedCurrency": "USD",
        "cik": "0000933136",
        "fillingDate": "2022-07-27",
        "acceptedDate": "2022-07-27 07:07:04",
        "calendarYear": "2022",
        "period": "Q2",
        "revenue": 649000000,
        "costOfRevenue": 314000000,
        "grossProfit": 335000000,
        "grossProfitRatio": 0.5161787365,
        "researchAndDevelopmentExpenses": 0,
        "generalAndAdministrativeExpenses": 125000000,
        "sellingAndMarketingExpenses": 0,
        "sellingGeneralAndAdministrativeExpenses": 125000000,
        "otherExpenses": 210000000,
        "operatingExpenses": 335000000,
        "costAndExpenses": 439000000,
        "interestIncome": 50000000,
        "interestExpense": 111000000,
        "depreciationAndAmortization": 9000000,
        "ebitda": 219000000,
        "ebitdaratio": 0.3374422188,
        "operatingIncome": 281000000,
        "operatingIncomeRatio": 0.4329738059,
        "totalOtherIncomeExpensesNet": -76000000,
        "incomeBeforeTax": 205000000,
        "incomeBeforeTaxRatio": 0.3158705701,
        "incomeTaxExpense": 54000000,
        "netIncome": 151000000,
        "netIncomeRatio": 0.2326656394,
        "eps": 2.08,
        "epsdiluted": 2.03,
        "weightedAverageShsOut": 72709000,
        "weightedAverageShsOutDil": 74327000,
        "link": "https://www.sec.gov/Archives/edgar/data/933136/000093313622000075/0000933136-22-000075-index.htm",
        "finalLink": "https://www.sec.gov/Archives/edgar/data/933136/000093313622000075/coop-20220630.htm"
    },
    {
        "date": "2022-03-31",
        "symbol": "COOP",
        "reportedCurrency": "USD",
        "cik": "0000933136",
        "fillingDate": "2022-04-28",
        "acceptedDate": "2022-04-28 16:04:22",
        "calendarYear": "2022",
        "period": "Q1",
        "revenue": 1088000000,
        "costOfRevenue": 106000000,
        "grossProfit": 754000000,
        "grossProfitRatio": 0.6930147059,
        "researchAndDevelopmentExpenses": 0,
        "generalAndAdministrativeExpenses": 110000000,
        "sellingAndMarketingExpenses": 0,
        "sellingGeneralAndAdministrativeExpenses": 110000000,
        "otherExpenses": 228000000,
        "operatingExpenses": 110000000,
        "costAndExpenses": 444000000,
        "interestIncome": 0,
        "interestExpense": 0,
        "depreciationAndAmortization": 11000000,
        "ebitda": 655000000,
        "ebitdaratio": 0.6020220588,
        "operatingIncome": 658000000,
        "operatingIncomeRatio": 0.6047794118,
        "totalOtherIncomeExpensesNet": 208000000,
        "incomeBeforeTax": 866000000,
        "incomeBeforeTaxRatio": 0.7959558824,
        "incomeTaxExpense": 208000000,
        "netIncome": 658000000,
        "netIncomeRatio": 0.6047794118,
        "eps": 8.91,
        "epsdiluted": 8.59,
        "weightedAverageShsOut": 73864000,
        "weightedAverageShsOutDil": 76568000,
        "link": "https://www.sec.gov/Archives/edgar/data/933136/000093313622000045/0000933136-22-000045-index.htm",
        "finalLink": "https://www.sec.gov/Archives/edgar/data/933136/000093313622000045/coop-20220331.htm"
    },
    {
        "date": "2021-12-31",
        "symbol": "COOP",
        "reportedCurrency": "USD",
        "cik": "0000933136",
        "fillingDate": "2022-02-17",
        "acceptedDate": "2022-02-17 07:38:07",
        "calendarYear": "2021",
        "period": "Q4",
        "revenue": 693000000,
        "costOfRevenue": 115000000,
        "grossProfit": 347000000,
        "grossProfitRatio": 0.5007215007,
        "researchAndDevelopmentExpenses": 0,
        "generalAndAdministrativeExpenses": 150000000,
        "sellingAndMarketingExpenses": 0,
        "sellingGeneralAndAdministrativeExpenses": 150000000,
        "otherExpenses": 197000000,
        "operatingExpenses": 347000000,
        "costAndExpenses": 496000000,
        "interestIncome": 68000000,
        "interestExpense": 115000000,
        "depreciationAndAmortization": 12000000,
        "ebitda": 209000000,
        "ebitdaratio": 0.3015873016,
        "operatingIncome": 197000000,
        "operatingIncomeRatio": 0.2842712843,
        "totalOtherIncomeExpensesNet": 34000000,
        "incomeBeforeTax": 231000000,
        "incomeBeforeTaxRatio": 0.3333333333,
        "incomeTaxExpense": 61000000,
        "netIncome": 156000000,
        "netIncomeRatio": 0.2251082251,
        "eps": 2.28,
        "epsdiluted": 2.2,
        "weightedAverageShsOut": 69890000,
        "weightedAverageShsOutDil": 77400000,
        "link": "https://www.sec.gov/Archives/edgar/data/933136/000093313622000008/0000933136-22-000008-index.htm",
        "finalLink": "https://www.sec.gov/Archives/edgar/data/933136/000093313622000008/coop-20211231.htm"
    },
    {
        "date": "2021-09-30",
        "symbol": "COOP",
        "reportedCurrency": "USD",
        "cik": "0000933136",
        "fillingDate": "2021-10-28",
        "acceptedDate": "2021-10-28 10:56:30",
        "calendarYear": "2021",
        "period": "Q3",
        "revenue": 926000000,
        "costOfRevenue": 369000000,
        "grossProfit": 557000000,
        "grossProfitRatio": 0.601511879,
        "researchAndDevelopmentExpenses": 0,
        "generalAndAdministrativeExpenses": 151000000,
        "sellingAndMarketingExpenses": 0,
        "sellingGeneralAndAdministrativeExpenses": 151000000,
        "otherExpenses": 0,
        "operatingExpenses": 151000000,
        "costAndExpenses": 520000000,
        "interestIncome": 66000000,
        "interestExpense": 118000000,
        "depreciationAndAmortization": 14000000,
        "ebitda": 420000000,
        "ebitdaratio": 0.4535637149,
        "operatingIncome": 468000000,
        "operatingIncomeRatio": 0.505399568,
        "totalOtherIncomeExpensesNet": -110000000,
        "incomeBeforeTax": 414000000,
        "incomeBeforeTaxRatio": 0.4470842333,
        "incomeTaxExpense": 104000000,
        "netIncome": 270000000,
        "netIncomeRatio": 0.2915766739,
        "eps": 3.42,
        "epsdiluted": 3.29,
        "weightedAverageShsOut": 87427000,
        "weightedAverageShsOutDil": 82071000,
        "link": "https://www.sec.gov/Archives/edgar/data/933136/000093313621000074/0000933136-21-000074-index.htm",
        "finalLink": "https://www.sec.gov/Archives/edgar/data/933136/000093313621000074/nsm-20210930.htm"
    },
    {
        "date": "2021-06-30",
        "symbol": "COOP",
        "reportedCurrency": "USD",
        "cik": "0000933136",
        "fillingDate": "2021-07-29",
        "acceptedDate": "2021-07-29 11:04:28",
        "calendarYear": "2021",
        "period": "Q2",
        "revenue": 625000000,
        "costOfRevenue": 396000000,
        "grossProfit": 229000000,
        "grossProfitRatio": 0.3664,
        "researchAndDevelopmentExpenses": 0,
        "generalAndAdministrativeExpenses": 148000000,
        "sellingAndMarketingExpenses": 0,
        "sellingGeneralAndAdministrativeExpenses": 148000000,
        "otherExpenses": 81000000,
        "operatingExpenses": 229000000,
        "costAndExpenses": 544000000,
        "interestIncome": 51000000,
        "interestExpense": 119000000,
        "depreciationAndAmortization": 16000000,
        "ebitda": 97000000,
        "ebitdaratio": 0.1552,
        "operatingIncome": 157000000,
        "operatingIncomeRatio": 0.2512,
        "totalOtherIncomeExpensesNet": 367000000,
        "incomeBeforeTax": 567000000,
        "incomeBeforeTaxRatio": 0.9072,
        "incomeTaxExpense": 140000000,
        "netIncome": 439000000,
        "netIncomeRatio": 0.7024,
        "eps": 5.05,
        "epsdiluted": 4.85,
        "weightedAverageShsOut": 93008000,
        "weightedAverageShsOutDil": 89645000,
        "link": "https://www.sec.gov/Archives/edgar/data/933136/000093313621000060/0000933136-21-000060-index.htm",
        "finalLink": "https://www.sec.gov/Archives/edgar/data/933136/000093313621000060/nsm-20210630.htm"
    },
    {
        "date": "2021-03-31",
        "symbol": "COOP",
        "reportedCurrency": "USD",
        "cik": "0000933136",
        "fillingDate": "2021-04-29",
        "acceptedDate": "2021-04-29 07:05:06",
        "calendarYear": "2021",
        "period": "Q1",
        "revenue": 1356000000,
        "costOfRevenue": 444000000,
        "grossProfit": 902000000,
        "grossProfitRatio": 0.6651917404,
        "researchAndDevelopmentExpenses": 0,
        "generalAndAdministrativeExpenses": 164000000,
        "sellingAndMarketingExpenses": 277000000,
        "sellingGeneralAndAdministrativeExpenses": 441000000,
        "otherExpenses": 725000000,
        "operatingExpenses": 184000000,
        "costAndExpenses": 628000000,
        "interestIncome": 89000000,
        "interestExpense": 159000000,
        "depreciationAndAmortization": 16000000,
        "ebitda": 744000000,
        "ebitdaratio": 0.5486725664,
        "operatingIncome": 818000000,
        "operatingIncomeRatio": 0.6032448378,
        "totalOtherIncomeExpensesNet": -70000000,
        "incomeBeforeTax": 728000000,
        "incomeBeforeTaxRatio": 0.5368731563,
        "incomeTaxExpense": 167000000,
        "netIncome": 551000000,
        "netIncomeRatio": 0.4063421829,
        "eps": 6.2,
        "epsdiluted": 5.9,
        "weightedAverageShsOut": 89458000,
        "weightedAverageShsOutDil": 93887000,
        "link": "https://www.sec.gov/Archives/edgar/data/933136/000093313621000029/0000933136-21-000029-index.htm",
        "finalLink": "https://www.sec.gov/Archives/edgar/data/933136/000093313621000029/nsm-20210331.htm"
    },
    {
        "date": "2020-12-31",
        "symbol": "COOP",
        "reportedCurrency": "USD",
        "cik": "0000933136",
        "fillingDate": "2021-02-23",
        "acceptedDate": "2021-02-23 07:03:55",
        "calendarYear": "2020",
        "period": "Q4",
        "revenue": 1037000000,
        "costOfRevenue": 467000000,
        "grossProfit": 570000000,
        "grossProfitRatio": 0.5496624879,
        "researchAndDevelopmentExpenses": 0,
        "generalAndAdministrativeExpenses": 238000000,
        "sellingAndMarketingExpenses": 0,
        "sellingGeneralAndAdministrativeExpenses": 238000000,
        "otherExpenses": 0,
        "operatingExpenses": 238000000,
        "costAndExpenses": 705000000,
        "interestIncome": 84000000,
        "interestExpense": 168000000,
        "depreciationAndAmortization": 18000000,
        "ebitda": 350000000,
        "ebitdaratio": 0.337512054,
        "operatingIncome": 332000000,
        "operatingIncomeRatio": 0.3201542912,
        "totalOtherIncomeExpensesNet": -212000000,
        "incomeBeforeTax": 247000000,
        "incomeBeforeTaxRatio": 0.2381870781,
        "incomeTaxExpense": 56000000,
        "netIncome": 191000000,
        "netIncomeRatio": 0.1841851495,
        "eps": 2.1,
        "epsdiluted": 2,
        "weightedAverageShsOut": 90200000,
        "weightedAverageShsOutDil": 94700000,
        "link": "https://www.sec.gov/Archives/edgar/data/933136/000093313621000005/0000933136-21-000005-index.htm",
        "finalLink": "https://www.sec.gov/Archives/edgar/data/933136/000093313621000005/coop-20201231.htm"
    },
    {
        "date": "2020-09-30",
        "symbol": "COOP",
        "reportedCurrency": "USD",
        "cik": "0000933136",
        "fillingDate": "2020-10-29",
        "acceptedDate": "2020-10-29 07:12:35",
        "calendarYear": "2020",
        "period": "Q3",
        "revenue": 928000000,
        "costOfRevenue": 393000000,
        "grossProfit": 488000000,
        "grossProfitRatio": 0.525862069,
        "researchAndDevelopmentExpenses": 0,
        "generalAndAdministrativeExpenses": 181000000,
        "sellingAndMarketingExpenses": 265000000,
        "sellingGeneralAndAdministrativeExpenses": 446000000,
        "otherExpenses": 297000000,
        "operatingExpenses": 156000000,
        "costAndExpenses": 596000000,
        "interestIncome": 56000000,
        "interestExpense": 165000000,
        "depreciationAndAmortization": 19000000,
        "ebitda": 316000000,
        "ebitdaratio": 0.3405172414,
        "operatingIncome": 297000000,
        "operatingIncomeRatio": 0.3200431034,
        "totalOtherIncomeExpensesNet": -160000000,
        "incomeBeforeTax": 281000000,
        "incomeBeforeTaxRatio": 0.3028017241,
        "incomeTaxExpense": 67000000,
        "netIncome": 205000000,
        "netIncomeRatio": 0.2209051724,
        "eps": 2.26,
        "epsdiluted": 2.18,
        "weightedAverageShsOut": 91682000,
        "weightedAverageShsOutDil": 95084000,
        "link": "https://www.sec.gov/Archives/edgar/data/933136/000093313620000068/0000933136-20-000068-index.htm",
        "finalLink": "https://www.sec.gov/Archives/edgar/data/933136/000093313620000068/nsm-20200930.htm"
    },
    {
        "date": "2020-06-30",
        "symbol": "COOP",
        "reportedCurrency": "USD",
        "cik": "0000933136",
        "fillingDate": "2020-07-30",
        "acceptedDate": "2020-07-30 07:45:31",
        "calendarYear": "2020",
        "period": "Q2",
        "revenue": 706000000,
        "costOfRevenue": 365000000,
        "grossProfit": 275000000,
        "grossProfitRatio": 0.3895184136,
        "researchAndDevelopmentExpenses": 0,
        "generalAndAdministrativeExpenses": 148000000,
        "sellingAndMarketingExpenses": 238000000,
        "sellingGeneralAndAdministrativeExpenses": 386000000,
        "otherExpenses": 115000000,
        "operatingExpenses": 275000000,
        "costAndExpenses": 596000000,
        "interestIncome": 76000000,
        "interestExpense": 177000000,
        "depreciationAndAmortization": 17000000,
        "ebitda": 132000000,
        "ebitdaratio": 0.1869688385,
        "operatingIncome": 211000000,
        "operatingIncomeRatio": 0.2988668555,
        "totalOtherIncomeExpensesNet": -101000000,
        "incomeBeforeTax": 110000000,
        "incomeBeforeTaxRatio": 0.1558073654,
        "incomeTaxExpense": 37000000,
        "netIncome": 71000000,
        "netIncomeRatio": 0.1005665722,
        "eps": 0.78,
        "epsdiluted": 0.77,
        "weightedAverageShsOut": 91997000,
        "weightedAverageShsOutDil": 93012000,
        "link": "https://www.sec.gov/Archives/edgar/data/933136/000093313620000056/0000933136-20-000056-index.htm",
        "finalLink": "https://www.sec.gov/Archives/edgar/data/933136/000093313620000056/nsm-20200630.htm"
    },
    {
        "date": "2020-03-31",
        "symbol": "COOP",
        "reportedCurrency": "USD",
        "cik": "0000933136",
        "fillingDate": "2020-04-30",
        "acceptedDate": "2020-04-30 16:34:38",
        "calendarYear": "2020",
        "period": "Q1",
        "revenue": 396000000,
        "costOfRevenue": 438000000,
        "grossProfit": -42000000,
        "grossProfitRatio": -0.1060606061,
        "researchAndDevelopmentExpenses": 0,
        "generalAndAdministrativeExpenses": 167000000,
        "sellingAndMarketingExpenses": 234000000,
        "sellingGeneralAndAdministrativeExpenses": 401000000,
        "otherExpenses": -240000000,
        "operatingExpenses": 198000000,
        "costAndExpenses": 636000000,
        "interestIncome": 118000000,
        "interestExpense": 192000000,
        "depreciationAndAmortization": 19000000,
        "ebitda": -221000000,
        "ebitdaratio": -0.5580808081,
        "operatingIncome": -166000000,
        "operatingIncomeRatio": -0.4191919192,
        "totalOtherIncomeExpensesNet": -73000000,
        "incomeBeforeTax": -239000000,
        "incomeBeforeTaxRatio": -0.6035353535,
        "incomeTaxExpense": -68000000,
        "netIncome": -168000000,
        "netIncomeRatio": -0.4242424242,
        "eps": -1.84,
        "epsdiluted": -1.84,
        "weightedAverageShsOut": 91385000,
        "weightedAverageShsOutDil": 91385000,
        "link": "https://www.sec.gov/Archives/edgar/data/933136/000093313620000034/0000933136-20-000034-index.htm",
        "finalLink": "https://www.sec.gov/Archives/edgar/data/933136/000093313620000034/mrcooper0331202010-q.htm"
    },
    {
        "date": "2019-12-31",
        "symbol": "COOP",
        "reportedCurrency": "USD",
        "cik": "0000933136",
        "fillingDate": "2020-02-28",
        "acceptedDate": "2020-02-28 16:24:30",
        "calendarYear": "2019",
        "period": "Q4",
        "revenue": 886000000,
        "costOfRevenue": 461000000,
        "grossProfit": 425000000,
        "grossProfitRatio": 0.4796839729,
        "researchAndDevelopmentExpenses": 8000000,
        "generalAndAdministrativeExpenses": 184000000,
        "sellingAndMarketingExpenses": 0,
        "sellingGeneralAndAdministrativeExpenses": 184000000,
        "otherExpenses": 241000000,
        "operatingExpenses": 425000000,
        "costAndExpenses": 430000000,
        "interestIncome": 146000000,
        "interestExpense": 207000000,
        "depreciationAndAmortization": 24000000,
        "ebitda": 265000000,
        "ebitdaratio": 0.2990970655,
        "operatingIncome": 310000000,
        "operatingIncomeRatio": 0.3498871332,
        "totalOtherIncomeExpensesNet": -1000000,
        "incomeBeforeTax": 240000000,
        "incomeBeforeTaxRatio": 0.2708803612,
        "incomeTaxExpense": -221000000,
        "netIncome": 461000000,
        "netIncomeRatio": 0.5203160271,
        "eps": 5.03,
        "epsdiluted": 4.95,
        "weightedAverageShsOut": 91105000,
        "weightedAverageShsOutDil": 92599000,
        "link": "https://www.sec.gov/Archives/edgar/data/933136/000093313620000005/0000933136-20-000005-index.htm",
        "finalLink": "https://www.sec.gov/Archives/edgar/data/933136/000093313620000005/mrcooper1231201910-k.htm"
    },
    {
        "date": "2019-09-30",
        "symbol": "COOP",
        "reportedCurrency": "USD",
        "cik": "0000933136",
        "fillingDate": "2019-11-01",
        "acceptedDate": "2019-11-01 16:22:12",
        "calendarYear": "2019",
        "period": "Q3",
        "revenue": 618000000,
        "costOfRevenue": 446000000,
        "grossProfit": 335000000,
        "grossProfitRatio": 0.5420711974,
        "researchAndDevelopmentExpenses": 7000000,
        "generalAndAdministrativeExpenses": 201000000,
        "sellingAndMarketingExpenses": 250000000,
        "sellingGeneralAndAdministrativeExpenses": 451000000,
        "otherExpenses": 107000000,
        "operatingExpenses": 335000000,
        "costAndExpenses": 458000000,
        "interestIncome": 163000000,
        "interestExpense": 196000000,
        "depreciationAndAmortization": 22000000,
        "ebitda": 129000000,
        "ebitdaratio": 0.2087378641,
        "operatingIncome": 160000000,
        "operatingIncomeRatio": 0.2588996764,
        "totalOtherIncomeExpensesNet": -60000000,
        "incomeBeforeTax": 107000000,
        "incomeBeforeTaxRatio": 0.1731391586,
        "incomeTaxExpense": 24000000,
        "netIncome": 82000000,
        "netIncomeRatio": 0.1326860841,
        "eps": 0.91,
        "epsdiluted": 0.9,
        "weightedAverageShsOut": 91080000,
        "weightedAverageShsOutDil": 92036000,
        "link": "https://www.sec.gov/Archives/edgar/data/933136/000093313619000069/0000933136-19-000069-index.htm",
        "finalLink": "https://www.sec.gov/Archives/edgar/data/933136/000093313619000069/mrcooper0930201910-q.htm"
    },
    {
        "date": "2019-06-30",
        "symbol": "COOP",
        "reportedCurrency": "USD",
        "cik": "0000933136",
        "fillingDate": "2019-08-02",
        "acceptedDate": "2019-08-02 16:52:26",
        "calendarYear": "2019",
        "period": "Q2",
        "revenue": 561000000,
        "costOfRevenue": 425000000,
        "grossProfit": 136000000,
        "grossProfitRatio": 0.2424242424,
        "researchAndDevelopmentExpenses": 0,
        "generalAndAdministrativeExpenses": 232000000,
        "sellingAndMarketingExpenses": 237000000,
        "sellingGeneralAndAdministrativeExpenses": 469000000,
        "otherExpenses": -118000000,
        "operatingExpenses": 254000000,
        "costAndExpenses": 492000000,
        "interestIncome": 162000000,
        "interestExpense": 187000000,
        "depreciationAndAmortization": 24000000,
        "ebitda": -94000000,
        "ebitdaratio": -0.1675579323,
        "operatingIncome": -118000000,
        "operatingIncomeRatio": -0.2103386809,
        "totalOtherIncomeExpensesNet": -24000000,
        "incomeBeforeTax": -117000000,
        "incomeBeforeTaxRatio": -0.2085561497,
        "incomeTaxExpense": -29000000,
        "netIncome": -87000000,
        "netIncomeRatio": -0.1550802139,
        "eps": -0.96,
        "epsdiluted": -0.96,
        "weightedAverageShsOut": 91054000,
        "weightedAverageShsOutDil": 91054000,
        "link": "https://www.sec.gov/Archives/edgar/data/933136/000093313619000063/0000933136-19-000063-index.htm",
        "finalLink": "https://www.sec.gov/Archives/edgar/data/933136/000093313619000063/mrcooper0630201910-q.htm"
    },
    {
        "date": "2019-03-31",
        "symbol": "COOP",
        "reportedCurrency": "USD",
        "cik": "0000933136",
        "fillingDate": "2019-05-08",
        "acceptedDate": "2019-05-08 17:16:55",
        "calendarYear": "2019",
        "period": "Q1",
        "revenue": 250000000,
        "costOfRevenue": 404000000,
        "grossProfit": -20000000,
        "grossProfitRatio": -0.08,
        "researchAndDevelopmentExpenses": 0,
        "generalAndAdministrativeExpenses": 218000000,
        "sellingAndMarketingExpenses": 223000000,
        "sellingGeneralAndAdministrativeExpenses": 441000000,
        "otherExpenses": -248000000,
        "operatingExpenses": 228000000,
        "costAndExpenses": 441000000,
        "interestIncome": 134000000,
        "interestExpense": 189000000,
        "depreciationAndAmortization": 21000000,
        "ebitda": -227000000,
        "ebitdaratio": -0.908,
        "operatingIncome": -248000000,
        "operatingIncomeRatio": -0.992,
        "totalOtherIncomeExpensesNet": -40000000,
        "incomeBeforeTax": -233000000,
        "incomeBeforeTaxRatio": -0.932,
        "incomeTaxExpense": -47000000,
        "netIncome": -186000000,
        "netIncomeRatio": -0.744,
        "eps": -2.05,
        "epsdiluted": -2.05,
        "weightedAverageShsOut": 90828000,
        "weightedAverageShsOutDil": 90828000,
        "link": "https://www.sec.gov/Archives/edgar/data/933136/000093313619000042/0000933136-19-000042-index.htm",
        "finalLink": "https://www.sec.gov/Archives/edgar/data/933136/000093313619000042/mrcooper0331201910-q.htm"
    },
    {
        "date": "2018-12-31",
        "symbol": "COOP",
        "reportedCurrency": "USD",
        "cik": "0000933136",
        "fillingDate": "2019-03-11",
        "acceptedDate": "2019-03-11 17:20:10",
        "calendarYear": "2018",
        "period": "Q4",
        "revenue": 1644717000,
        "costOfRevenue": 73000,
        "grossProfit": 1644644000,
        "grossProfitRatio": 0.9999556155,
        "researchAndDevelopmentExpenses": 0,
        "generalAndAdministrativeExpenses": 691278000,
        "sellingAndMarketingExpenses": 669800000,
        "sellingGeneralAndAdministrativeExpenses": 1361078000,
        "otherExpenses": -290400000,
        "operatingExpenses": 720078000,
        "costAndExpenses": 720078000,
        "interestIncome": 0,
        "interestExpense": 0,
        "depreciationAndAmortization": 24000000,
        "ebitda": -327000000,
        "ebitdaratio": -0.1988183985,
        "operatingIncome": 7579000,
        "operatingIncomeRatio": 0.0046080876,
        "totalOtherIncomeExpensesNet": 334400000,
        "incomeBeforeTax": 51579000,
        "incomeBeforeTaxRatio": 0.0313604103,
        "incomeTaxExpense": 13000000,
        "netIncome": 38579000,
        "netIncomeRatio": 0.023456315,
        "eps": 0.42,
        "epsdiluted": 0.42,
        "weightedAverageShsOut": 90816000,
        "weightedAverageShsOutDil": 90816000,
        "link": "https://www.sec.gov/Archives/edgar/data/933136/000093313619000030/0000933136-19-000030-index.htm",
        "finalLink": "https://www.sec.gov/Archives/edgar/data/933136/000093313619000030/mrcooper1231201810-k.htm"
    },
    {
        "date": "2018-09-30",
        "symbol": "COOP",
        "reportedCurrency": "USD",
        "cik": "0000933136",
        "fillingDate": "2018-11-09",
        "acceptedDate": "2018-11-09 16:57:16",
        "calendarYear": "2018",
        "period": "Q3",
        "revenue": 406000000,
        "costOfRevenue": 183000000,
        "grossProfit": 223000000,
        "grossProfitRatio": 0.5492610837,
        "researchAndDevelopmentExpenses": 0,
        "generalAndAdministrativeExpenses": 131000000,
        "sellingAndMarketingExpenses": 139000000,
        "sellingGeneralAndAdministrativeExpenses": 270000000,
        "otherExpenses": 517000000,
        "operatingExpenses": 185000000,
        "costAndExpenses": 368000000,
        "interestIncome": 0,
        "interestExpense": 0,
        "depreciationAndAmortization": 48000000,
        "ebitda": -128000000,
        "ebitdaratio": -0.315270936,
        "operatingIncome": 38000000,
        "operatingIncomeRatio": 0.0935960591,
        "totalOtherIncomeExpensesNet": -26000000,
        "incomeBeforeTax": 12000000,
        "incomeBeforeTaxRatio": 0.0295566502,
        "incomeTaxExpense": 5000000,
        "netIncome": 7000000,
        "netIncomeRatio": 0.0172413793,
        "eps": 0.0771,
        "epsdiluted": 0.0771,
        "weightedAverageShsOut": 91992000,
        "weightedAverageShsOutDil": 91992000,
        "link": "https://www.sec.gov/Archives/edgar/data/933136/000093313618000014/0000933136-18-000014-index.htm",
        "finalLink": "https://www.sec.gov/Archives/edgar/data/933136/000093313618000014/mrcooper0930201810-q.htm"
    },
    {
        "date": "2018-06-30",
        "symbol": "COOP",
        "reportedCurrency": "USD",
        "cik": "0000933136",
        "fillingDate": "2018-07-27",
        "acceptedDate": "2018-07-27 16:18:25",
        "calendarYear": "2018",
        "period": "Q2",
        "revenue": 3083000,
        "costOfRevenue": 341000000,
        "grossProfit": -337917000,
        "grossProfitRatio": -109.6065520597,
        "researchAndDevelopmentExpenses": 0,
        "generalAndAdministrativeExpenses": 5208000,
        "sellingAndMarketingExpenses": 0,
        "sellingGeneralAndAdministrativeExpenses": 5208000,
        "otherExpenses": 333792000,
        "operatingExpenses": 243000000,
        "costAndExpenses": 5079000,
        "interestIncome": 2878000,
        "interestExpense": 164000000,
        "depreciationAndAmortization": 1996000,
        "ebitda": -1996000,
        "ebitdaratio": -0.6474213428,
        "operatingIncome": -1996000,
        "operatingIncomeRatio": -0.6474213428,
        "totalOtherIncomeExpensesNet": -2000000,
        "incomeBeforeTax": -1996000,
        "incomeBeforeTaxRatio": -0.6474213428,
        "incomeTaxExpense": 21000000,
        "netIncome": -1996000,
        "netIncomeRatio": -0.6474213428,
        "eps": -0.0203,
        "epsdiluted": -0.0201,
        "weightedAverageShsOut": 98203000,
        "weightedAverageShsOutDil": 99130000,
        "link": "https://www.sec.gov/Archives/edgar/data/933136/000156459018017756/0001564590-18-017756-index.htm",
        "finalLink": "https://www.sec.gov/Archives/edgar/data/933136/000156459018017756/wmih-10q_20180630.htm"
    },
    {
        "date": "2018-03-31",
        "symbol": "COOP",
        "reportedCurrency": "USD",
        "cik": "0000933136",
        "fillingDate": "2018-05-10",
        "acceptedDate": "2018-05-10 16:16:27",
        "calendarYear": "2018",
        "period": "Q1",
        "revenue": 2200000,
        "costOfRevenue": 351000000,
        "grossProfit": -348800000,
        "grossProfitRatio": -158.5454545455,
        "researchAndDevelopmentExpenses": 0,
        "generalAndAdministrativeExpenses": 7714000,
        "sellingAndMarketingExpenses": 0,
        "sellingGeneralAndAdministrativeExpenses": 7714000,
        "otherExpenses": 356286000,
        "operatingExpenses": 364000000,
        "costAndExpenses": 7783000,
        "interestIncome": 2271000,
        "interestExpense": 171000000,
        "depreciationAndAmortization": 15000000,
        "ebitda": 213000000,
        "ebitdaratio": 96.8181818182,
        "operatingIncome": -5583000,
        "operatingIncomeRatio": -2.5377272727,
        "totalOtherIncomeExpensesNet": 8000000,
        "incomeBeforeTax": -5583000,
        "incomeBeforeTaxRatio": -2.5377272727,
        "incomeTaxExpense": 200000,
        "netIncome": -5583000,
        "netIncomeRatio": -2.5377272727,
        "eps": -0.057,
        "epsdiluted": -0.0563,
        "weightedAverageShsOut": 97873000,
        "weightedAverageShsOutDil": 99111000,
        "link": "https://www.sec.gov/Archives/edgar/data/933136/000156459018012955/0001564590-18-012955-index.htm",
        "finalLink": "https://www.sec.gov/Archives/edgar/data/933136/000156459018012955/wmih-10q_20180331.htm"
    },
    {
        "date": "2017-12-31",
        "symbol": "COOP",
        "reportedCurrency": "USD",
        "cik": "0000933136",
        "fillingDate": "2018-03-02",
        "acceptedDate": "2018-03-02 16:53:00",
        "calendarYear": "2017",
        "period": "Q4",
        "revenue": 1961000,
        "costOfRevenue": 0,
        "grossProfit": -1015000,
        "grossProfitRatio": -0.5175930648,
        "researchAndDevelopmentExpenses": 0,
        "generalAndAdministrativeExpenses": 8542000,
        "sellingAndMarketingExpenses": 0,
        "sellingGeneralAndAdministrativeExpenses": 8542000,
        "otherExpenses": -571000,
        "operatingExpenses": 8542000,
        "costAndExpenses": -1015000,
        "interestIncome": 1954000,
        "interestExpense": 0,
        "depreciationAndAmortization": -6511000,
        "ebitda": -8994000,
        "ebitdaratio": -4.5864354921,
        "operatingIncome": -2483000,
        "operatingIncomeRatio": -1.266190719,
        "totalOtherIncomeExpensesNet": -6511000,
        "incomeBeforeTax": -8994000,
        "incomeBeforeTaxRatio": -4.5864354921,
        "incomeTaxExpense": 19212000,
        "netIncome": -8994000,
        "netIncomeRatio": -4.5864354921,
        "eps": -0.1,
        "epsdiluted": -0.0888,
        "weightedAverageShsOut": 89707000,
        "weightedAverageShsOutDil": 101331000,
        "link": "https://www.sec.gov/Archives/edgar/data/933136/000156459018004269/0001564590-18-004269-index.htm",
        "finalLink": "https://www.sec.gov/Archives/edgar/data/933136/000156459018004269/wmih-10k_20171231.htm"
    },
    {
        "date": "2017-09-30",
        "symbol": "COOP",
        "reportedCurrency": "USD",
        "cik": "0000933136",
        "fillingDate": "2017-11-09",
        "acceptedDate": "2017-11-09 17:16:43",
        "calendarYear": "2017",
        "period": "Q3",
        "revenue": 2287000,
        "costOfRevenue": 44000,
        "grossProfit": -325102000,
        "grossProfitRatio": -142.1521644075,
        "researchAndDevelopmentExpenses": 0,
        "generalAndAdministrativeExpenses": 2117000,
        "sellingAndMarketingExpenses": 0,
        "sellingGeneralAndAdministrativeExpenses": 2117000,
        "otherExpenses": 365883000,
        "operatingExpenses": 199000000,
        "costAndExpenses": 2578000,
        "interestIncome": 1895000,
        "interestExpense": 579000,
        "depreciationAndAmortization": -78000,
        "ebitda": 38990000,
        "ebitdaratio": 17.048535199,
        "operatingIncome": -291000,
        "operatingIncomeRatio": -0.127240927,
        "totalOtherIncomeExpensesNet": 38702000,
        "incomeBeforeTax": 38411000,
        "incomeBeforeTaxRatio": 16.7953651071,
        "incomeTaxExpense": 4500000,
        "netIncome": 7000000,
        "netIncomeRatio": 3.0607783122,
        "eps": 0.07,
        "epsdiluted": 0.07,
        "weightedAverageShsOut": 97745000,
        "weightedAverageShsOutDil": 98733000,
        "link": "https://www.sec.gov/Archives/edgar/data/933136/000156459017023336/0001564590-17-023336-index.htm",
        "finalLink": "https://www.sec.gov/Archives/edgar/data/933136/000156459017023336/wmih-10q_20170930.htm"
    },
    {
        "date": "2017-06-30",
        "symbol": "COOP",
        "reportedCurrency": "USD",
        "cik": "0000933136",
        "fillingDate": "2017-08-09",
        "acceptedDate": "2017-08-09 16:16:29",
        "calendarYear": "2017",
        "period": "Q2",
        "revenue": 2032000,
        "costOfRevenue": 108000,
        "grossProfit": -23413000,
        "grossProfitRatio": -11.5221456693,
        "researchAndDevelopmentExpenses": 0,
        "generalAndAdministrativeExpenses": 1786000,
        "sellingAndMarketingExpenses": 0,
        "sellingGeneralAndAdministrativeExpenses": 1786000,
        "otherExpenses": -3920000,
        "operatingExpenses": -23305000,
        "costAndExpenses": -2026000,
        "interestIncome": 1618000,
        "interestExpense": 599000,
        "depreciationAndAmortization": -138000,
        "ebitda": -20725000,
        "ebitdaratio": -10.1993110236,
        "operatingIncome": 4058000,
        "operatingIncomeRatio": 1.9970472441,
        "totalOtherIncomeExpensesNet": -25382000,
        "incomeBeforeTax": -21324000,
        "incomeBeforeTaxRatio": -10.4940944882,
        "incomeTaxExpense": 0,
        "netIncome": -21324000,
        "netIncomeRatio": -10.4940944882,
        "eps": -0.21,
        "epsdiluted": -1.56,
        "weightedAverageShsOut": 99323000,
        "weightedAverageShsOutDil": 101316000,
        "link": "https://www.sec.gov/Archives/edgar/data/933136/000156459017016965/0001564590-17-016965-index.htm",
        "finalLink": "https://www.sec.gov/Archives/edgar/data/933136/000156459017016965/wmih-10q_20170630.htm"
    },
    {
        "date": "2017-03-31",
        "symbol": "COOP",
        "reportedCurrency": "USD",
        "cik": "0000933136",
        "fillingDate": "2017-05-09",
        "acceptedDate": "2017-05-09 16:17:56",
        "calendarYear": "2017",
        "period": "Q1",
        "revenue": 1610000,
        "costOfRevenue": 144000,
        "grossProfit": 1466000,
        "grossProfitRatio": 0.9105590062,
        "researchAndDevelopmentExpenses": 0,
        "generalAndAdministrativeExpenses": 2012000,
        "sellingAndMarketingExpenses": 0,
        "sellingGeneralAndAdministrativeExpenses": 2012000,
        "otherExpenses": -12000,
        "operatingExpenses": 2000000,
        "costAndExpenses": -16789000,
        "interestIncome": 1014000,
        "interestExpense": 610000,
        "depreciationAndAmortization": 546000,
        "ebitda": 18399000,
        "ebitdaratio": 11.4279503106,
        "operatingIncome": -240000,
        "operatingIncomeRatio": -0.149068323,
        "totalOtherIncomeExpensesNet": 18335000,
        "incomeBeforeTax": 17789000,
        "incomeBeforeTaxRatio": 11.049068323,
        "incomeTaxExpense": 4500000,
        "netIncome": 17789000,
        "netIncomeRatio": 11.049068323,
        "eps": 0.18,
        "epsdiluted": 0.18,
        "weightedAverageShsOut": 101213000,
        "weightedAverageShsOutDil": 101213000,
        "link": "https://www.sec.gov/Archives/edgar/data/933136/000156459017009871/0001564590-17-009871-index.htm",
        "finalLink": "https://www.sec.gov/Archives/edgar/data/933136/000156459017009871/wmih-10q_20170331.htm"
    },
    {
        "date": "2016-12-31",
        "symbol": "COOP",
        "reportedCurrency": "USD",
        "cik": "0000933136",
        "fillingDate": "2017-03-14",
        "acceptedDate": "2017-03-14 16:17:06",
        "calendarYear": "2016",
        "period": "Q4",
        "revenue": 1223000,
        "costOfRevenue": 72000,
        "grossProfit": 140043000,
        "grossProfitRatio": 114.5077677841,
        "researchAndDevelopmentExpenses": 0,
        "generalAndAdministrativeExpenses": 2165000,
        "sellingAndMarketingExpenses": 0,
        "sellingGeneralAndAdministrativeExpenses": 2165000,
        "otherExpenses": 137950000,
        "operatingExpenses": 2165000,
        "costAndExpenses": -271000,
        "interestIncome": 472000,
        "interestExpense": 622000,
        "depreciationAndAmortization": -357000,
        "ebitda": 141008000,
        "ebitdaratio": 115.2968111202,
        "operatingIncome": 78000,
        "operatingIncomeRatio": 0.0637775961,
        "totalOtherIncomeExpensesNet": -499000,
        "incomeBeforeTax": 140386000,
        "incomeBeforeTaxRatio": 114.7882256746,
        "incomeTaxExpense": 199451000,
        "netIncome": 140386000,
        "netIncomeRatio": 114.7882256746,
        "eps": 1.4,
        "epsdiluted": 1.23,
        "weightedAverageShsOut": 100489000,
        "weightedAverageShsOutDil": 114450000,
        "link": "https://www.sec.gov/Archives/edgar/data/933136/000156459017004292/0001564590-17-004292-index.htm",
        "finalLink": "https://www.sec.gov/Archives/edgar/data/933136/000156459017004292/wmih-10k_20161231.htm"
    },
    {
        "date": "2016-09-30",
        "symbol": "COOP",
        "reportedCurrency": "USD",
        "cik": "0000933136",
        "fillingDate": "2016-11-04",
        "acceptedDate": "2016-11-04 16:13:58",
        "calendarYear": "2016",
        "period": "Q3",
        "revenue": 1284000,
        "costOfRevenue": 75000,
        "grossProfit": -14960000,
        "grossProfitRatio": -11.6510903427,
        "researchAndDevelopmentExpenses": 0,
        "generalAndAdministrativeExpenses": 1357000,
        "sellingAndMarketingExpenses": 0,
        "sellingGeneralAndAdministrativeExpenses": 1357000,
        "otherExpenses": 254000,
        "operatingExpenses": 2000000,
        "costAndExpenses": 17293000,
        "interestIncome": 405000,
        "interestExpense": 636000,
        "depreciationAndAmortization": 331000,
        "ebitda": -16009000,
        "ebitdaratio": -12.4680685358,
        "operatingIncome": -402000,
        "operatingIncomeRatio": -0.3130841121,
        "totalOtherIncomeExpensesNet": -636000,
        "incomeBeforeTax": -16645000,
        "incomeBeforeTaxRatio": -12.9633956386,
        "incomeTaxExpense": 4500000,
        "netIncome": -16645000,
        "netIncomeRatio": -12.9633956386,
        "eps": -0.16,
        "epsdiluted": -0.16,
        "weightedAverageShsOut": 101171000,
        "weightedAverageShsOutDil": 101171000,
        "link": "https://www.sec.gov/Archives/edgar/data/933136/000156459016027651/0001564590-16-027651-index.htm",
        "finalLink": "https://www.sec.gov/Archives/edgar/data/933136/000156459016027651/wmih-10q_20160930.htm"
    },
    {
        "date": "2016-06-30",
        "symbol": "COOP",
        "reportedCurrency": "USD",
        "cik": "0000933136",
        "fillingDate": "2016-08-05",
        "acceptedDate": "2016-08-05 16:17:21",
        "calendarYear": "2016",
        "period": "Q2",
        "revenue": 1389000,
        "costOfRevenue": 81000,
        "grossProfit": 24314000,
        "grossProfitRatio": 17.5046796256,
        "researchAndDevelopmentExpenses": 0,
        "generalAndAdministrativeExpenses": 1492000,
        "sellingAndMarketingExpenses": 0,
        "sellingGeneralAndAdministrativeExpenses": 1492000,
        "otherExpenses": 508000,
        "operatingExpenses": 2000000,
        "costAndExpenses": 1986000,
        "interestIncome": 367000,
        "interestExpense": 665000,
        "depreciationAndAmortization": 316000,
        "ebitda": 23074000,
        "ebitdaratio": 16.6119510439,
        "operatingIncome": -546000,
        "operatingIncomeRatio": -0.3930885529,
        "totalOtherIncomeExpensesNet": 22955000,
        "incomeBeforeTax": 22409000,
        "incomeBeforeTaxRatio": 16.1331893449,
        "incomeTaxExpense": 4500000,
        "netIncome": 22409000,
        "netIncomeRatio": 16.1331893449,
        "eps": 0.48,
        "epsdiluted": 0.16,
        "weightedAverageShsOut": 27128000,
        "weightedAverageShsOutDil": 136192000,
        "link": "https://www.sec.gov/Archives/edgar/data/933136/000156459016022986/0001564590-16-022986-index.htm",
        "finalLink": "https://www.sec.gov/Archives/edgar/data/933136/000156459016022986/wmih-10q_20160630.htm"
    },
    {
        "date": "2016-03-31",
        "symbol": "COOP",
        "reportedCurrency": "USD",
        "cik": "0000933136",
        "fillingDate": "2016-05-06",
        "acceptedDate": "2016-05-06 16:16:30",
        "calendarYear": "2016",
        "period": "Q1",
        "revenue": 57497000,
        "costOfRevenue": 78000,
        "grossProfit": 57419000,
        "grossProfitRatio": 0.9986434075,
        "researchAndDevelopmentExpenses": 0,
        "generalAndAdministrativeExpenses": 2029000,
        "sellingAndMarketingExpenses": 0,
        "sellingGeneralAndAdministrativeExpenses": 2029000,
        "otherExpenses": -29000,
        "operatingExpenses": 2000000,
        "costAndExpenses": 1947000,
        "interestIncome": 328000,
        "interestExpense": 693000,
        "depreciationAndAmortization": 994000,
        "ebitda": 56243000,
        "ebitdaratio": 0.9781901664,
        "operatingIncome": -325000,
        "operatingIncomeRatio": -0.0056524688,
        "totalOtherIncomeExpensesNet": 56544000,
        "incomeBeforeTax": 55550000,
        "incomeBeforeTaxRatio": 0.9661373637,
        "incomeTaxExpense": 4500000,
        "netIncome": 55550000,
        "netIncomeRatio": 0.9661373637,
        "eps": 0.5,
        "epsdiluted": 0.47,
        "weightedAverageShsOut": 47783000,
        "weightedAverageShsOutDil": 118999000,
        "link": "https://www.sec.gov/Archives/edgar/data/933136/000156459016018278/0001564590-16-018278-index.htm",
        "finalLink": "https://www.sec.gov/Archives/edgar/data/933136/000156459016018278/wmih-10q_20160331.htm"
    },
    {
        "date": "2015-12-31",
        "symbol": "COOP",
        "reportedCurrency": "USD",
        "cik": "0000933136",
        "fillingDate": "2016-03-11",
        "acceptedDate": "2016-03-11 16:16:57",
        "calendarYear": "2015",
        "period": "Q4",
        "revenue": 1292000,
        "costOfRevenue": 103000,
        "grossProfit": 12605000,
        "grossProfitRatio": 9.7561919505,
        "researchAndDevelopmentExpenses": 0,
        "generalAndAdministrativeExpenses": 2457000,
        "sellingAndMarketingExpenses": 0,
        "sellingGeneralAndAdministrativeExpenses": 2457000,
        "otherExpenses": -400000,
        "operatingExpenses": 2000000,
        "costAndExpenses": 2640000,
        "interestIncome": 89000,
        "interestExpense": 860000,
        "depreciationAndAmortization": 25985000,
        "ebitda": 17179000,
        "ebitdaratio": 13.2964396285,
        "operatingIncome": -1228000,
        "operatingIncomeRatio": -0.9504643963,
        "totalOtherIncomeExpensesNet": 25125000,
        "incomeBeforeTax": 10068000,
        "incomeBeforeTaxRatio": 7.7925696594,
        "incomeTaxExpense": -62712000,
        "netIncome": 10068000,
        "netIncomeRatio": 7.7925696594,
        "eps": 0.19,
        "epsdiluted": 0.0997,
        "weightedAverageShsOut": 53157000,
        "weightedAverageShsOutDil": 100986000,
        "link": "https://www.sec.gov/Archives/edgar/data/933136/000156459016014568/0001564590-16-014568-index.htm",
        "finalLink": "https://www.sec.gov/Archives/edgar/data/933136/000156459016014568/wmih-10k_20151231.htm"
    },
    {
        "date": "2015-09-30",
        "symbol": "COOP",
        "reportedCurrency": "USD",
        "cik": "0000933136",
        "fillingDate": "2015-11-06",
        "acceptedDate": "2015-11-06 16:16:25",
        "calendarYear": "2015",
        "period": "Q3",
        "revenue": 1488000,
        "costOfRevenue": 110000,
        "grossProfit": 10790000,
        "grossProfitRatio": 7.251344086,
        "researchAndDevelopmentExpenses": 0,
        "generalAndAdministrativeExpenses": 13204000,
        "sellingAndMarketingExpenses": 0,
        "sellingGeneralAndAdministrativeExpenses": 2104000,
        "otherExpenses": 11997000,
        "operatingExpenses": 14211000,
        "costAndExpenses": 14211000,
        "interestIncome": 60000,
        "interestExpense": 937000,
        "depreciationAndAmortization": 686000,
        "ebitda": -2982000,
        "ebitdaratio": -2.0040322581,
        "operatingIncome": -12723000,
        "operatingIncomeRatio": -8.5504032258,
        "totalOtherIncomeExpensesNet": 8804000,
        "incomeBeforeTax": -3919000,
        "incomeBeforeTaxRatio": -2.6337365591,
        "incomeTaxExpense": 0,
        "netIncome": -3919000,
        "netIncomeRatio": -2.6337365591,
        "eps": -0.0737,
        "epsdiluted": -0.0388,
        "weightedAverageShsOut": 53157000,
        "weightedAverageShsOutDil": 100985000,
        "link": "https://www.sec.gov/Archives/edgar/data/933136/000156459015009929/0001564590-15-009929-index.htm",
        "finalLink": "https://www.sec.gov/Archives/edgar/data/933136/000156459015009929/wmih-10q_20150930.htm"
    },
    {
        "date": "2015-06-30",
        "symbol": "COOP",
        "reportedCurrency": "USD",
        "cik": "0000933136",
        "fillingDate": "2015-08-07",
        "acceptedDate": "2015-08-07 16:21:01",
        "calendarYear": "2015",
        "period": "Q2",
        "revenue": -80844000,
        "costOfRevenue": 120000,
        "grossProfit": -80964000,
        "grossProfitRatio": 1.0014843402,
        "researchAndDevelopmentExpenses": 0,
        "generalAndAdministrativeExpenses": 2306000,
        "sellingAndMarketingExpenses": 0,
        "sellingGeneralAndAdministrativeExpenses": 2306000,
        "otherExpenses": -1609000,
        "operatingExpenses": 3000000,
        "costAndExpenses": -80844000,
        "interestIncome": 62000,
        "interestExpense": 951000,
        "depreciationAndAmortization": -73185000,
        "ebitda": -72532000,
        "ebitdaratio": 0.8971847014,
        "operatingIncome": 653000,
        "operatingIncomeRatio": -0.0080772846,
        "totalOtherIncomeExpensesNet": -74136000,
        "incomeBeforeTax": -73483000,
        "incomeBeforeTaxRatio": 0.9089480976,
        "incomeTaxExpense": 0,
        "netIncome": -73483000,
        "netIncomeRatio": 0.9089480976,
        "eps": -1.38,
        "epsdiluted": -0.73,
        "weightedAverageShsOut": 53157000,
        "weightedAverageShsOutDil": 100943000,
        "link": "https://www.sec.gov/Archives/edgar/data/933136/000156459015006678/0001564590-15-006678-index.htm",
        "finalLink": "https://www.sec.gov/Archives/edgar/data/933136/000156459015006678/wmih-10q_20150630.htm"
    },
    {
        "date": "2015-03-31",
        "symbol": "COOP",
        "reportedCurrency": "USD",
        "cik": "0000933136",
        "fillingDate": "2015-05-08",
        "acceptedDate": "2015-05-08 16:26:45",
        "calendarYear": "2015",
        "period": "Q1",
        "revenue": 1750000,
        "costOfRevenue": 123000,
        "grossProfit": 9066000,
        "grossProfitRatio": 5.1805714286,
        "researchAndDevelopmentExpenses": 0,
        "generalAndAdministrativeExpenses": 2973000,
        "sellingAndMarketingExpenses": 0,
        "sellingGeneralAndAdministrativeExpenses": 2973000,
        "otherExpenses": 413000,
        "operatingExpenses": 9189000,
        "costAndExpenses": 3688000,
        "interestIncome": 57000,
        "interestExpense": 954000,
        "depreciationAndAmortization": 805000,
        "ebitda": 6455000,
        "ebitdaratio": 3.6885714286,
        "operatingIncome": -1759000,
        "operatingIncomeRatio": -1.0051428571,
        "totalOtherIncomeExpensesNet": 6306000,
        "incomeBeforeTax": 5501000,
        "incomeBeforeTaxRatio": 3.1434285714,
        "incomeTaxExpense": -805000,
        "netIncome": 5501000,
        "netIncomeRatio": 3.1434285714,
        "eps": 0.1,
        "epsdiluted": 0.0296,
        "weightedAverageShsOut": 53157000,
        "weightedAverageShsOutDil": 118254000,
        "link": "https://www.sec.gov/Archives/edgar/data/933136/000156459015003762/0001564590-15-003762-index.htm",
        "finalLink": "https://www.sec.gov/Archives/edgar/data/933136/000156459015003762/wmih-10q_20150331.htm"
    },
    {
        "date": "2014-12-31",
        "symbol": "COOP",
        "reportedCurrency": "USD",
        "cik": "0000933136",
        "fillingDate": "2015-02-27",
        "acceptedDate": "2015-02-27 16:29:52",
        "calendarYear": "2014",
        "period": "Q4",
        "revenue": 2156000,
        "costOfRevenue": 146000,
        "grossProfit": 2010000,
        "grossProfitRatio": 0.9322820037,
        "researchAndDevelopmentExpenses": 0,
        "generalAndAdministrativeExpenses": 1776000,
        "sellingAndMarketingExpenses": 0,
        "sellingGeneralAndAdministrativeExpenses": 1776000,
        "otherExpenses": -776000,
        "operatingExpenses": 2156000,
        "costAndExpenses": 2156000,
        "interestIncome": 2000,
        "interestExpense": 14227000,
        "depreciationAndAmortization": -1171000,
        "ebitda": 3483000,
        "ebitdaratio": 1.6154916512,
        "operatingIncome": 4654000,
        "operatingIncomeRatio": 2.1586270872,
        "totalOtherIncomeExpensesNet": -9573000,
        "incomeBeforeTax": -9573000,
        "incomeBeforeTaxRatio": -4.4401669759,
        "incomeTaxExpense": 1691000,
        "netIncome": -9573000,
        "netIncomeRatio": -4.4401669759,
        "eps": -0.18,
        "epsdiluted": -0.0946,
        "weightedAverageShsOut": 53157000,
        "weightedAverageShsOutDil": 101171000,
        "link": "https://www.sec.gov/Archives/edgar/data/933136/000156459015001104/0001564590-15-001104-index.htm",
        "finalLink": "https://www.sec.gov/Archives/edgar/data/933136/000156459015001104/wmih-10k_20141231.htm"
    },
    {
        "date": "2014-09-30",
        "symbol": "COOP",
        "reportedCurrency": "USD",
        "cik": "0000933136",
        "fillingDate": "2014-11-07",
        "acceptedDate": "2014-11-07 16:31:12",
        "calendarYear": "2014",
        "period": "Q3",
        "revenue": 2113000,
        "costOfRevenue": 144000,
        "grossProfit": 1969000,
        "grossProfitRatio": 0.9318504496,
        "researchAndDevelopmentExpenses": 0,
        "generalAndAdministrativeExpenses": 1287000,
        "sellingAndMarketingExpenses": 0,
        "sellingGeneralAndAdministrativeExpenses": 1287000,
        "otherExpenses": 713000,
        "operatingExpenses": 2000000,
        "costAndExpenses": 2113000,
        "interestIncome": 2000,
        "interestExpense": 1047000,
        "depreciationAndAmortization": 252000,
        "ebitda": -252000,
        "ebitdaratio": -0.1192617132,
        "operatingIncome": -252000,
        "operatingIncomeRatio": -0.1192617132,
        "totalOtherIncomeExpensesNet": -1047000,
        "incomeBeforeTax": -1299000,
        "incomeBeforeTaxRatio": -0.6147657359,
        "incomeTaxExpense": 0,
        "netIncome": -1299000,
        "netIncomeRatio": -0.6147657359,
        "eps": -0.0244,
        "epsdiluted": -0.0129,
        "weightedAverageShsOut": 53157000,
        "weightedAverageShsOutDil": 100499000,
        "link": "https://www.sec.gov/Archives/edgar/data/933136/000156459014005294/0001564590-14-005294-index.htm",
        "finalLink": "https://www.sec.gov/Archives/edgar/data/933136/000156459014005294/wmih-10q_20140930.htm"
    },
    {
        "date": "2014-06-30",
        "symbol": "COOP",
        "reportedCurrency": "USD",
        "cik": "0000933136",
        "fillingDate": "2014-08-08",
        "acceptedDate": "2014-08-08 16:06:34",
        "calendarYear": "2014",
        "period": "Q2",
        "revenue": 2579000,
        "costOfRevenue": 150000,
        "grossProfit": 2429000,
        "grossProfitRatio": 0.9418379217,
        "researchAndDevelopmentExpenses": 0,
        "generalAndAdministrativeExpenses": 2016000,
        "sellingAndMarketingExpenses": 0,
        "sellingGeneralAndAdministrativeExpenses": 2016000,
        "otherExpenses": 2984000,
        "operatingExpenses": 2579000,
        "costAndExpenses": -15172000,
        "interestIncome": 5000,
        "interestExpense": 3501000,
        "depreciationAndAmortization": 2901000,
        "ebitda": 20223000,
        "ebitdaratio": 7.8414113998,
        "operatingIncome": 27386000,
        "operatingIncomeRatio": 10.6188445134,
        "totalOtherIncomeExpensesNet": 20223000,
        "incomeBeforeTax": 17322000,
        "incomeBeforeTaxRatio": 6.716556805,
        "incomeTaxExpense": -2901000,
        "netIncome": 17222000,
        "netIncomeRatio": 6.6777820861,
        "eps": 0.32,
        "epsdiluted": 0.17,
        "weightedAverageShsOut": 53157000,
        "weightedAverageShsOutDil": 100368000,
        "link": "https://www.sec.gov/Archives/edgar/data/933136/000119312514303111/0001193125-14-303111-index.htm",
        "finalLink": "https://www.sec.gov/Archives/edgar/data/933136/000119312514303111/d749277d10q.htm"
    },
    {
        "date": "2014-03-31",
        "symbol": "COOP",
        "reportedCurrency": "USD",
        "cik": "0000933136",
        "fillingDate": "2014-05-09",
        "acceptedDate": "2014-05-09 16:04:15",
        "calendarYear": "2014",
        "period": "Q1",
        "revenue": 3363000,
        "costOfRevenue": 213000,
        "grossProfit": 3150000,
        "grossProfitRatio": 0.9366636931,
        "researchAndDevelopmentExpenses": 0,
        "generalAndAdministrativeExpenses": 1447000,
        "sellingAndMarketingExpenses": 0,
        "sellingGeneralAndAdministrativeExpenses": 1447000,
        "otherExpenses": 1553000,
        "operatingExpenses": 3000000,
        "costAndExpenses": 2764000,
        "interestIncome": 2000,
        "interestExpense": 3450000,
        "depreciationAndAmortization": -70000,
        "ebitda": 70000,
        "ebitdaratio": 0.0208147487,
        "operatingIncome": 70000,
        "operatingIncomeRatio": 0.0208147487,
        "totalOtherIncomeExpensesNet": -3450000,
        "incomeBeforeTax": -3380000,
        "incomeBeforeTaxRatio": -1.0050550104,
        "incomeTaxExpense": 70000,
        "netIncome": -3380000,
        "netIncomeRatio": -1.0050550104,
        "eps": -0.0636,
        "epsdiluted": -0.0337,
        "weightedAverageShsOut": 53157000,
        "weightedAverageShsOutDil": 100237000,
        "link": "https://www.sec.gov/Archives/edgar/data/933136/000119312514192418/0001193125-14-192418-index.htm",
        "finalLink": "https://www.sec.gov/Archives/edgar/data/933136/000119312514192418/d697519d10q.htm"
    },
    {
        "date": "2013-12-31",
        "symbol": "COOP",
        "reportedCurrency": "USD",
        "cik": "0000933136",
        "fillingDate": "2014-03-14",
        "acceptedDate": "2014-03-14 16:11:46",
        "calendarYear": "2013",
        "period": "Q4",
        "revenue": 3912000,
        "costOfRevenue": 298000,
        "grossProfit": 3614000,
        "grossProfitRatio": 0.9238241309,
        "researchAndDevelopmentExpenses": 0,
        "generalAndAdministrativeExpenses": 1299000,
        "sellingAndMarketingExpenses": 0,
        "sellingGeneralAndAdministrativeExpenses": 1299000,
        "otherExpenses": 4366000,
        "operatingExpenses": 5665000,
        "costAndExpenses": -3604000,
        "interestIncome": 3357000,
        "interestExpense": 3357000,
        "depreciationAndAmortization": -5962000,
        "ebitda": 10873000,
        "ebitdaratio": 2.779396728,
        "operatingIncome": 5962000,
        "operatingIncomeRatio": 1.5240286299,
        "totalOtherIncomeExpensesNet": 1554000,
        "incomeBeforeTax": 7516000,
        "incomeBeforeTaxRatio": 1.9212678937,
        "incomeTaxExpense": 0,
        "netIncome": 7516000,
        "netIncomeRatio": 1.9212678937,
        "eps": 0.14,
        "epsdiluted": 0.08,
        "weightedAverageShsOut": 53157000,
        "weightedAverageShsOutDil": 100193000,
        "link": "https://www.sec.gov/Archives/edgar/data/933136/000119312514100035/0001193125-14-100035-index.htm",
        "finalLink": "https://www.sec.gov/Archives/edgar/data/933136/000119312514100035/d630387d10k.htm"
    },
    {
        "date": "2013-09-30",
        "symbol": "COOP",
        "reportedCurrency": "USD",
        "cik": "0000933136",
        "fillingDate": "2013-11-08",
        "acceptedDate": "2013-11-08 16:02:24",
        "calendarYear": "2013",
        "period": "Q3",
        "revenue": 4354000,
        "costOfRevenue": 321000,
        "grossProfit": 4033000,
        "grossProfitRatio": 0.9262746899,
        "researchAndDevelopmentExpenses": 0,
        "generalAndAdministrativeExpenses": 1332000,
        "sellingAndMarketingExpenses": 0,
        "sellingGeneralAndAdministrativeExpenses": 1332000,
        "otherExpenses": 0,
        "operatingExpenses": 1332000,
        "costAndExpenses": 1035000,
        "interestIncome": 2000,
        "interestExpense": 3566000,
        "depreciationAndAmortization": -2688000,
        "ebitda": 2688000,
        "ebitdaratio": 0.6173633441,
        "operatingIncome": 2688000,
        "operatingIncomeRatio": 0.6173633441,
        "totalOtherIncomeExpensesNet": -3566000,
        "incomeBeforeTax": -878000,
        "incomeBeforeTaxRatio": -0.2016536518,
        "incomeTaxExpense": 0,
        "netIncome": -878000,
        "netIncomeRatio": -0.2016536518,
        "eps": -0.0165,
        "epsdiluted": -0.0088,
        "weightedAverageShsOut": 53157000,
        "weightedAverageShsOutDil": 100192000,
        "link": "https://www.sec.gov/Archives/edgar/data/933136/000119312513435176/0001193125-13-435176-index.htm",
        "finalLink": "https://www.sec.gov/Archives/edgar/data/933136/000119312513435176/d587054d10q.htm"
    },
    {
        "date": "2013-06-30",
        "symbol": "COOP",
        "reportedCurrency": "USD",
        "cik": "0000933136",
        "fillingDate": "2013-08-09",
        "acceptedDate": "2013-08-09 17:02:19",
        "calendarYear": "2013",
        "period": "Q2",
        "revenue": -378000,
        "costOfRevenue": 342000,
        "grossProfit": -720000,
        "grossProfitRatio": 1.9047619048,
        "researchAndDevelopmentExpenses": 0,
        "generalAndAdministrativeExpenses": 1614000,
        "sellingAndMarketingExpenses": 0,
        "sellingGeneralAndAdministrativeExpenses": 1614000,
        "otherExpenses": -1992000,
        "operatingExpenses": -378000,
        "costAndExpenses": -378000,
        "interestIncome": 5000,
        "interestExpense": 3768000,
        "depreciationAndAmortization": -1284000,
        "ebitda": 1284000,
        "ebitdaratio": -3.3968253968,
        "operatingIncome": 1284000,
        "operatingIncomeRatio": -3.3968253968,
        "totalOtherIncomeExpensesNet": -3768000,
        "incomeBeforeTax": -2484000,
        "incomeBeforeTaxRatio": 6.5714285714,
        "incomeTaxExpense": 0,
        "netIncome": -2484000,
        "netIncomeRatio": 6.5714285714,
        "eps": -0.0467,
        "epsdiluted": -0.0248,
        "weightedAverageShsOut": 53157000,
        "weightedAverageShsOutDil": 100192000,
        "link": "https://www.sec.gov/Archives/edgar/data/933136/000119312513329341/0001193125-13-329341-index.htm",
        "finalLink": "https://www.sec.gov/Archives/edgar/data/933136/000119312513329341/d542564d10q.htm"
    },
    {
        "date": "2013-03-31",
        "symbol": "COOP",
        "reportedCurrency": "USD",
        "cik": "0000933136",
        "fillingDate": "2013-05-10",
        "acceptedDate": "2013-05-10 16:06:46",
        "calendarYear": "2013",
        "period": "Q1",
        "revenue": 4589000,
        "costOfRevenue": 364000,
        "grossProfit": 4225000,
        "grossProfitRatio": 0.9206798867,
        "researchAndDevelopmentExpenses": 0,
        "generalAndAdministrativeExpenses": 1420000,
        "sellingAndMarketingExpenses": 0,
        "sellingGeneralAndAdministrativeExpenses": 1420000,
        "otherExpenses": 3169000,
        "operatingExpenses": 4589000,
        "costAndExpenses": 3711000,
        "interestIncome": 4000,
        "interestExpense": 4206000,
        "depreciationAndAmortization": 597000,
        "ebitda": 390000,
        "ebitdaratio": 0.0849858357,
        "operatingIncome": 390000,
        "operatingIncomeRatio": 0.0849858357,
        "totalOtherIncomeExpensesNet": -3816000,
        "incomeBeforeTax": -3816000,
        "incomeBeforeTaxRatio": -0.8315537154,
        "incomeTaxExpense": -597000,
        "netIncome": -3816000,
        "netIncomeRatio": -0.8315537154,
        "eps": -0.0718,
        "epsdiluted": -0.0381,
        "weightedAverageShsOut": 53157000,
        "weightedAverageShsOutDil": 100027000,
        "link": "https://www.sec.gov/Archives/edgar/data/933136/000119312513214127/0001193125-13-214127-index.htm",
        "finalLink": "https://www.sec.gov/Archives/edgar/data/933136/000119312513214127/d507514d10q.htm"
    },
    {
        "date": "2012-12-31",
        "symbol": "COOP",
        "reportedCurrency": "USD",
        "cik": "0000933136",
        "fillingDate": "2013-03-15",
        "acceptedDate": "2013-03-15 16:58:44",
        "calendarYear": "2012",
        "period": "Q4",
        "revenue": 15586000,
        "costOfRevenue": 408000,
        "grossProfit": 15178000,
        "grossProfitRatio": 0.9738226614,
        "researchAndDevelopmentExpenses": 0,
        "generalAndAdministrativeExpenses": -14863000,
        "sellingAndMarketingExpenses": -401000,
        "sellingGeneralAndAdministrativeExpenses": -7660000,
        "otherExpenses": 31585000,
        "operatingExpenses": 2594000,
        "costAndExpenses": 2594000,
        "interestIncome": 4344000,
        "interestExpense": 4344000,
        "depreciationAndAmortization": -393000,
        "ebitda": -5607000,
        "ebitdaratio": -0.3597459258,
        "operatingIncome": 393000,
        "operatingIncomeRatio": 0.0252149365,
        "totalOtherIncomeExpensesNet": -27415000,
        "incomeBeforeTax": -9951000,
        "incomeBeforeTaxRatio": -0.6384575901,
        "incomeTaxExpense": -19470000,
        "netIncome": -9951000,
        "netIncomeRatio": -0.6384575901,
        "eps": -0.19,
        "epsdiluted": -0.0995,
        "weightedAverageShsOut": 53157000,
        "weightedAverageShsOutDil": 100000000,
        "link": "https://www.sec.gov/Archives/edgar/data/933136/000119312513110149/0001193125-13-110149-index.htm",
        "finalLink": "https://www.sec.gov/Archives/edgar/data/933136/000119312513110149/d445890d10k.htm"
    },
    {
        "date": "2012-09-30",
        "symbol": "COOP",
        "reportedCurrency": "USD",
        "cik": "0000933136",
        "fillingDate": "2012-11-09",
        "acceptedDate": "2012-11-09 16:07:16",
        "calendarYear": "2012",
        "period": "Q3",
        "revenue": 2994000,
        "costOfRevenue": 401000,
        "grossProfit": 2593000,
        "grossProfitRatio": 0.8660654643,
        "researchAndDevelopmentExpenses": 0,
        "generalAndAdministrativeExpenses": 1927000,
        "sellingAndMarketingExpenses": 0,
        "sellingGeneralAndAdministrativeExpenses": 1927000,
        "otherExpenses": 5916000,
        "operatingExpenses": 7843000,
        "costAndExpenses": 1927000,
        "interestIncome": 58000,
        "interestExpense": 4342000,
        "depreciationAndAmortization": 1055000,
        "ebitda": 9641000,
        "ebitdaratio": 3.2201068804,
        "operatingIncome": -1055000,
        "operatingIncomeRatio": -0.3523714095,
        "totalOtherIncomeExpensesNet": 6354000,
        "incomeBeforeTax": 5299000,
        "incomeBeforeTaxRatio": 1.7698730795,
        "incomeTaxExpense": 0,
        "netIncome": 5299000,
        "netIncomeRatio": 1.7698730795,
        "eps": 0.0997,
        "epsdiluted": 0.05,
        "weightedAverageShsOut": 53157000,
        "weightedAverageShsOutDil": 100000000,
        "link": "https://www.sec.gov/Archives/edgar/data/933136/000119312512463285/0001193125-12-463285-index.htm",
        "finalLink": "https://www.sec.gov/Archives/edgar/data/933136/000119312512463285/d411571d10q.htm"
    },
    {
        "date": "2012-06-30",
        "symbol": "COOP",
        "reportedCurrency": "USD",
        "cik": "0000933136",
        "fillingDate": "2012-08-09",
        "acceptedDate": "2012-08-09 16:46:26",
        "calendarYear": "2012",
        "period": "Q2",
        "revenue": 8116000,
        "costOfRevenue": 0,
        "grossProfit": 3185000,
        "grossProfitRatio": 0.3924346969,
        "researchAndDevelopmentExpenses": 0,
        "generalAndAdministrativeExpenses": 1316000,
        "sellingAndMarketingExpenses": 0,
        "sellingGeneralAndAdministrativeExpenses": 1316000,
        "otherExpenses": 6800000,
        "operatingExpenses": 8116000,
        "costAndExpenses": 8116000,
        "interestIncome": 15000,
        "interestExpense": 4262000,
        "depreciationAndAmortization": 0,
        "ebitda": -3911000,
        "ebitdaratio": -0.4818876294,
        "operatingIncome": -3911000,
        "operatingIncomeRatio": -0.4818876294,
        "totalOtherIncomeExpensesNet": -8173000,
        "incomeBeforeTax": -8173000,
        "incomeBeforeTaxRatio": -1.0070231641,
        "incomeTaxExpense": 0,
        "netIncome": -8173000,
        "netIncomeRatio": -1.0070231641,
        "eps": -0.15,
        "epsdiluted": -0.0817,
        "weightedAverageShsOut": 53157000,
        "weightedAverageShsOutDil": 100000000,
        "link": "https://www.sec.gov/Archives/edgar/data/933136/000119312512347769/0001193125-12-347769-index.htm",
        "finalLink": "https://www.sec.gov/Archives/edgar/data/933136/000119312512347769/d392333d10q.htm"
    },
    {
        "date": "2012-03-31",
        "symbol": "COOP",
        "reportedCurrency": "USD",
        "cik": "0000933136",
        "fillingDate": "2012-03-31",
        "acceptedDate": "2012-03-30 20:00:00",
        "calendarYear": "2012",
        "period": "Q1",
        "revenue": 9872000,
        "costOfRevenue": 0,
        "grossProfit": 9872000,
        "grossProfitRatio": 1,
        "researchAndDevelopmentExpenses": 0,
        "generalAndAdministrativeExpenses": 547000,
        "sellingAndMarketingExpenses": 0,
        "sellingGeneralAndAdministrativeExpenses": 547000,
        "otherExpenses": 9325000,
        "operatingExpenses": 9872000,
        "costAndExpenses": 13305000,
        "interestIncome": 3000,
        "interestExpense": 0,
        "depreciationAndAmortization": 0,
        "ebitda": -3433000,
        "ebitdaratio": -0.3477512156,
        "operatingIncome": -3433000,
        "operatingIncomeRatio": -0.3477512156,
        "totalOtherIncomeExpensesNet": 0,
        "incomeBeforeTax": -3433000,
        "incomeBeforeTaxRatio": -0.3477512156,
        "incomeTaxExpense": 0,
        "netIncome": -3433000,
        "netIncomeRatio": -0.3477512156,
        "eps": -0.0646,
        "epsdiluted": -0.0242,
        "weightedAverageShsOut": 53157000,
        "weightedAverageShsOutDil": 106585000,
        "link": "",
        "finalLink": ""
    },
    {
        "date": "2011-12-31",
        "symbol": "COOP",
        "reportedCurrency": "USD",
        "cik": "0000933136",
        "fillingDate": "2011-12-31",
        "acceptedDate": "2011-12-30 19:00:00",
        "calendarYear": "2011",
        "period": "Q4",
        "revenue": 12996000,
        "costOfRevenue": 0,
        "grossProfit": 12996000,
        "grossProfitRatio": 1,
        "researchAndDevelopmentExpenses": 0,
        "generalAndAdministrativeExpenses": -36723000,
        "sellingAndMarketingExpenses": 0,
        "sellingGeneralAndAdministrativeExpenses": -40063000,
        "otherExpenses": 53059000,
        "operatingExpenses": -14347000,
        "costAndExpenses": 12996000,
        "interestIncome": 0,
        "interestExpense": 0,
        "depreciationAndAmortization": 0,
        "ebitda": -1351000,
        "ebitdaratio": -0.1039550631,
        "operatingIncome": -1351000,
        "operatingIncomeRatio": -0.1039550631,
        "totalOtherIncomeExpensesNet": -1351000,
        "incomeBeforeTax": -1351000,
        "incomeBeforeTaxRatio": -0.1039550631,
        "incomeTaxExpense": 0,
        "netIncome": -1351000,
        "netIncomeRatio": -0.1039550631,
        "eps": -0.0254,
        "epsdiluted": -0.0127,
        "weightedAverageShsOut": 53157000,
        "weightedAverageShsOutDil": 106585000,
        "link": "",
        "finalLink": ""
    },
    {
        "date": "2011-09-30",
        "symbol": "COOP",
        "reportedCurrency": "USD",
        "cik": "0000933136",
        "fillingDate": "2011-09-30",
        "acceptedDate": "2011-09-29 20:00:00",
        "calendarYear": "2011",
        "period": "Q3",
        "revenue": 9103000,
        "costOfRevenue": 0,
        "grossProfit": 9103000,
        "grossProfitRatio": 1,
        "researchAndDevelopmentExpenses": 0,
        "generalAndAdministrativeExpenses": 14297000,
        "sellingAndMarketingExpenses": 1070000,
        "sellingGeneralAndAdministrativeExpenses": 15367000,
        "otherExpenses": -6264000,
        "operatingExpenses": -15367000,
        "costAndExpenses": 9103000,
        "interestIncome": 0,
        "interestExpense": 0,
        "depreciationAndAmortization": 0,
        "ebitda": -6264000,
        "ebitdaratio": -0.688124794,
        "operatingIncome": -6264000,
        "operatingIncomeRatio": -0.688124794,
        "totalOtherIncomeExpensesNet": -6264000,
        "incomeBeforeTax": -6264000,
        "incomeBeforeTaxRatio": -0.688124794,
        "incomeTaxExpense": 0,
        "netIncome": -6264000,
        "netIncomeRatio": -0.688124794,
        "eps": -0.12,
        "epsdiluted": -0.0441,
        "weightedAverageShsOut": 53157000,
        "weightedAverageShsOutDil": 106585000,
        "link": "",
        "finalLink": ""
    },
    {
        "date": "2011-06-30",
        "symbol": "COOP",
        "reportedCurrency": "USD",
        "cik": "0000933136",
        "fillingDate": "2011-06-30",
        "acceptedDate": "2011-06-29 20:00:00",
        "calendarYear": "2011",
        "period": "Q2",
        "revenue": 13200000,
        "costOfRevenue": 0,
        "grossProfit": 13200000,
        "grossProfitRatio": 1,
        "researchAndDevelopmentExpenses": 0,
        "generalAndAdministrativeExpenses": 700000,
        "sellingAndMarketingExpenses": 13900000,
        "sellingGeneralAndAdministrativeExpenses": 14600000,
        "otherExpenses": 0,
        "operatingExpenses": 14600000,
        "costAndExpenses": 14600000,
        "interestIncome": 0,
        "interestExpense": 0,
        "depreciationAndAmortization": 0,
        "ebitda": -1400000,
        "ebitdaratio": -0.1060606061,
        "operatingIncome": -1400000,
        "operatingIncomeRatio": -0.1060606061,
        "totalOtherIncomeExpensesNet": 0,
        "incomeBeforeTax": -1400000,
        "incomeBeforeTaxRatio": -0.1060606061,
        "incomeTaxExpense": 0,
        "netIncome": -1400000,
        "netIncomeRatio": -0.1060606061,
        "eps": -0.0263,
        "epsdiluted": -0.014,
        "weightedAverageShsOut": 53157000,
        "weightedAverageShsOutDil": 100200000,
        "link": "",
        "finalLink": ""
    },
    {
        "date": "2011-03-31",
        "symbol": "COOP",
        "reportedCurrency": "USD",
        "cik": "0000933136",
        "fillingDate": "2011-03-31",
        "acceptedDate": "2011-03-30 20:00:00",
        "calendarYear": "2011",
        "period": "Q1",
        "revenue": 10800000,
        "costOfRevenue": 0,
        "grossProfit": 10800000,
        "grossProfitRatio": 1,
        "researchAndDevelopmentExpenses": 0,
        "generalAndAdministrativeExpenses": 700000,
        "sellingAndMarketingExpenses": 12000000,
        "sellingGeneralAndAdministrativeExpenses": 12700000,
        "otherExpenses": 0,
        "operatingExpenses": 12700000,
        "costAndExpenses": 12700000,
        "interestIncome": 0,
        "interestExpense": 0,
        "depreciationAndAmortization": 0,
        "ebitda": -1900000,
        "ebitdaratio": -0.1759259259,
        "operatingIncome": -1900000,
        "operatingIncomeRatio": -0.1759259259,
        "totalOtherIncomeExpensesNet": 0,
        "incomeBeforeTax": -1900000,
        "incomeBeforeTaxRatio": -0.1759259259,
        "incomeTaxExpense": 0,
        "netIncome": -1900000,
        "netIncomeRatio": -0.1759259259,
        "eps": -0.0357,
        "epsdiluted": -0.019,
        "weightedAverageShsOut": 53157000,
        "weightedAverageShsOutDil": 100200000,
        "link": "",
        "finalLink": ""
    },
    {
        "date": "2008-06-30",
        "symbol": "COOP",
        "reportedCurrency": "USD",
        "cik": "0000933136",
        "fillingDate": "2008-08-11",
        "acceptedDate": "2008-08-11 16:52:58",
        "calendarYear": "2008",
        "period": "Q2",
        "revenue": 4202000000,
        "costOfRevenue": 0,
        "grossProfit": 2857000000,
        "grossProfitRatio": 0.6799143265,
        "researchAndDevelopmentExpenses": 0,
        "generalAndAdministrativeExpenses": 939000000,
        "sellingAndMarketingExpenses": 103000000,
        "sellingGeneralAndAdministrativeExpenses": 1042000000,
        "otherExpenses": 1815000000,
        "operatingExpenses": 2857000000,
        "costAndExpenses": 160000000,
        "interestIncome": 4204000000,
        "interestExpense": 1908000000,
        "depreciationAndAmortization": 60000000,
        "ebitda": -3566000000,
        "ebitdaratio": -0.8486435031,
        "operatingIncome": -3224000000,
        "operatingIncomeRatio": -0.7672536887,
        "totalOtherIncomeExpensesNet": -5534000000,
        "incomeBeforeTax": -5534000000,
        "incomeBeforeTaxRatio": -1.3169919086,
        "incomeTaxExpense": -2206000000,
        "netIncome": -3328000000,
        "netIncomeRatio": -0.7920038077,
        "eps": -52.41,
        "epsdiluted": -52.41,
        "weightedAverageShsOut": 63505000,
        "weightedAverageShsOutDil": 63505000,
        "link": "https://www.sec.gov/Archives/edgar/data/933136/000104746908009146/0001047469-08-009146-index.htm",
        "finalLink": "https://www.sec.gov/Archives/edgar/data/933136/000104746908009146/a2187197z10-q.htm"
    },
    {
        "date": "2008-03-31",
        "symbol": "COOP",
        "reportedCurrency": "USD",
        "cik": "0000933136",
        "fillingDate": "2008-05-12",
        "acceptedDate": "2008-05-12 17:27:58",
        "calendarYear": "2008",
        "period": "Q1",
        "revenue": 3744000000,
        "costOfRevenue": 0,
        "grossProfit": 3744000000,
        "grossProfitRatio": 1,
        "researchAndDevelopmentExpenses": 0,
        "generalAndAdministrativeExpenses": 914000000,
        "sellingAndMarketingExpenses": 105000000,
        "sellingGeneralAndAdministrativeExpenses": 1019000000,
        "otherExpenses": 2725000000,
        "operatingExpenses": 3744000000,
        "costAndExpenses": 144000000,
        "interestIncome": 4591000000,
        "interestExpense": 2416000000,
        "depreciationAndAmortization": 90000000,
        "ebitda": 512000000,
        "ebitdaratio": 0.1367521368,
        "operatingIncome": 404000000,
        "operatingIncomeRatio": 0.1079059829,
        "totalOtherIncomeExpensesNet": -1994000000,
        "incomeBeforeTax": -1994000000,
        "incomeBeforeTaxRatio": -0.5325854701,
        "incomeTaxExpense": -856000000,
        "netIncome": -1138000000,
        "netIncomeRatio": -0.3039529915,
        "eps": -21.25,
        "epsdiluted": -21.25,
        "weightedAverageShsOut": 53557000,
        "weightedAverageShsOutDil": 53557000,
        "link": "https://www.sec.gov/Archives/edgar/data/933136/000104746908006433/0001047469-08-006433-index.htm",
        "finalLink": "https://www.sec.gov/Archives/edgar/data/933136/000104746908006433/a2185611z10-q.htm"
    },
    {
        "date": "2007-12-31",
        "symbol": "COOP",
        "reportedCurrency": "USD",
        "cik": "0000933136",
        "fillingDate": "2008-02-29",
        "acceptedDate": "2008-02-29 16:30:24",
        "calendarYear": "2007",
        "period": "Q4",
        "revenue": 3410000000,
        "costOfRevenue": 0,
        "grossProfit": 3410000000,
        "grossProfitRatio": 1,
        "researchAndDevelopmentExpenses": 0,
        "generalAndAdministrativeExpenses": 877000000,
        "sellingAndMarketingExpenses": 108000000,
        "sellingGeneralAndAdministrativeExpenses": 985000000,
        "otherExpenses": 2425000000,
        "operatingExpenses": 3410000000,
        "costAndExpenses": 3225000000,
        "interestIncome": 4876000000,
        "interestExpense": 2830000000,
        "depreciationAndAmortization": 87000000,
        "ebitda": 563000000,
        "ebitdaratio": 0.1651026393,
        "operatingIncome": 3185000000,
        "operatingIncomeRatio": 0.9340175953,
        "totalOtherIncomeExpensesNet": -2354000000,
        "incomeBeforeTax": -2354000000,
        "incomeBeforeTaxRatio": -0.6903225806,
        "incomeTaxExpense": -486000000,
        "netIncome": -1868000000,
        "netIncomeRatio": -0.5478005865,
        "eps": -34.94,
        "epsdiluted": -34.94,
        "weightedAverageShsOut": 53464000,
        "weightedAverageShsOutDil": 53464000,
        "link": "https://www.sec.gov/Archives/edgar/data/933136/000104746908002083/0001047469-08-002083-index.htm",
        "finalLink": "https://www.sec.gov/Archives/edgar/data/933136/000104746908002083/a2182890z10-k.htm"
    },
    {
        "date": "2007-09-30",
        "symbol": "COOP",
        "reportedCurrency": "USD",
        "cik": "0000933136",
        "fillingDate": "2007-11-09",
        "acceptedDate": "2007-11-09 17:08:40",
        "calendarYear": "2007",
        "period": "Q3",
        "revenue": 3393000000,
        "costOfRevenue": 0,
        "grossProfit": 3393000000,
        "grossProfitRatio": 1,
        "researchAndDevelopmentExpenses": 0,
        "generalAndAdministrativeExpenses": 910000000,
        "sellingAndMarketingExpenses": 125000000,
        "sellingGeneralAndAdministrativeExpenses": 1035000000,
        "otherExpenses": 2358000000,
        "operatingExpenses": 3393000000,
        "costAndExpenses": 177000000,
        "interestIncome": 4856000000,
        "interestExpense": 2842000000,
        "depreciationAndAmortization": 111000000,
        "ebitda": 3135000000,
        "ebitdaratio": 0.9239610964,
        "operatingIncome": 186000000,
        "operatingIncomeRatio": 0.0548187445,
        "totalOtherIncomeExpensesNet": -4000000,
        "incomeBeforeTax": 182000000,
        "incomeBeforeTaxRatio": 0.0536398467,
        "incomeTaxExpense": -4000000,
        "netIncome": 186000000,
        "netIncomeRatio": 0.0548187445,
        "eps": 3.47,
        "epsdiluted": 3.47,
        "weightedAverageShsOut": 53563000,
        "weightedAverageShsOutDil": 54750000,
        "link": "https://www.sec.gov/Archives/edgar/data/933136/000104746907008929/0001047469-07-008929-index.htm",
        "finalLink": "https://www.sec.gov/Archives/edgar/data/933136/000104746907008929/a2180750z10-q.htm"
    },
    {
        "date": "2007-06-30",
        "symbol": "COOP",
        "reportedCurrency": "USD",
        "cik": "0000933136",
        "fillingDate": "2007-08-09",
        "acceptedDate": "2007-08-09 17:13:34",
        "calendarYear": "2007",
        "period": "Q2",
        "revenue": 3792000000,
        "costOfRevenue": 0,
        "grossProfit": 3792000000,
        "grossProfitRatio": 1,
        "researchAndDevelopmentExpenses": 0,
        "generalAndAdministrativeExpenses": 977000000,
        "sellingAndMarketingExpenses": 113000000,
        "sellingGeneralAndAdministrativeExpenses": 1090000000,
        "otherExpenses": 2702000000,
        "operatingExpenses": 3792000000,
        "costAndExpenses": 168000000,
        "interestIncome": 4748000000,
        "interestExpense": 2714000000,
        "depreciationAndAmortization": 143000000,
        "ebitda": 4097000000,
        "ebitdaratio": 1.0804324895,
        "operatingIncome": 830000000,
        "operatingIncomeRatio": 0.2188818565,
        "totalOtherIncomeExpensesNet": 410000000,
        "incomeBeforeTax": 1240000000,
        "incomeBeforeTaxRatio": 0.3270042194,
        "incomeTaxExpense": 410000000,
        "netIncome": 822000000,
        "netIncomeRatio": 0.2167721519,
        "eps": 15.28,
        "epsdiluted": 15.28,
        "weightedAverageShsOut": 54310000,
        "weightedAverageShsOutDil": 55818000,
        "link": "https://www.sec.gov/Archives/edgar/data/933136/000110465907061031/0001104659-07-061031-index.htm",
        "finalLink": "https://www.sec.gov/Archives/edgar/data/933136/000110465907061031/a07-19022_110q.htm"
    },
    {
        "date": "2007-03-31",
        "symbol": "COOP",
        "reportedCurrency": "USD",
        "cik": "0000933136",
        "fillingDate": "2007-05-10",
        "acceptedDate": "2007-05-10 16:06:05",
        "calendarYear": "2007",
        "period": "Q1",
        "revenue": 3622000000,
        "costOfRevenue": 0,
        "grossProfit": 3622000000,
        "grossProfitRatio": 1,
        "researchAndDevelopmentExpenses": 0,
        "generalAndAdministrativeExpenses": 1002000000,
        "sellingAndMarketingExpenses": 98000000,
        "sellingGeneralAndAdministrativeExpenses": 1100000000,
        "otherExpenses": 2522000000,
        "operatingExpenses": 3622000000,
        "costAndExpenses": 136000000,
        "interestIncome": 5008000000,
        "interestExpense": 2927000000,
        "depreciationAndAmortization": 163000000,
        "ebitda": 4330000000,
        "ebitdaratio": 1.1954721149,
        "operatingIncome": 784000000,
        "operatingIncomeRatio": 0.2164549972,
        "totalOtherIncomeExpensesNet": 456000000,
        "incomeBeforeTax": 1240000000,
        "incomeBeforeTaxRatio": 0.3423522916,
        "incomeTaxExpense": 456000000,
        "netIncome": 777000000,
        "netIncomeRatio": 0.2145223633,
        "eps": 10.68,
        "epsdiluted": 14.34,
        "weightedAverageShsOut": 54676000,
        "weightedAverageShsOutDil": 56231000,
        "link": "https://www.sec.gov/Archives/edgar/data/933136/000110465907038286/0001104659-07-038286-index.htm",
        "finalLink": "https://www.sec.gov/Archives/edgar/data/933136/000110465907038286/a07-11013_110q.htm"
    },
    {
        "date": "2006-12-31",
        "symbol": "COOP",
        "reportedCurrency": "USD",
        "cik": "0000933136",
        "fillingDate": "2007-03-01",
        "acceptedDate": "2007-03-01 16:49:57",
        "calendarYear": "2006",
        "period": "Q4",
        "revenue": 3596000000,
        "costOfRevenue": 0,
        "grossProfit": 3596000000,
        "grossProfitRatio": 1,
        "researchAndDevelopmentExpenses": 0,
        "generalAndAdministrativeExpenses": 945000000,
        "sellingAndMarketingExpenses": 106000000,
        "sellingGeneralAndAdministrativeExpenses": 1053000000,
        "otherExpenses": 2543000000,
        "operatingExpenses": 3596000000,
        "costAndExpenses": 670000000,
        "interestIncome": 5210000000,
        "interestExpense": 3212000000,
        "depreciationAndAmortization": 188000000,
        "ebitda": 4355000000,
        "ebitdaratio": 1.2110678532,
        "operatingIncome": 3114000000,
        "operatingIncomeRatio": 0.8659621802,
        "totalOtherIncomeExpensesNet": -2174000000,
        "incomeBeforeTax": 955000000,
        "incomeBeforeTaxRatio": 0.2655728587,
        "incomeTaxExpense": 315000000,
        "netIncome": 1057000000,
        "netIncomeRatio": 0.2939377086,
        "eps": 18.16,
        "epsdiluted": 18.16,
        "weightedAverageShsOut": 58206000,
        "weightedAverageShsOutDil": 59727000,
        "link": "https://www.sec.gov/Archives/edgar/data/933136/000110465907015590/0001104659-07-015590-index.htm",
        "finalLink": "https://www.sec.gov/Archives/edgar/data/933136/000110465907015590/a07-3851_110k.htm"
    },
    {
        "date": "2006-09-30",
        "symbol": "COOP",
        "reportedCurrency": "USD",
        "cik": "0000933136",
        "fillingDate": "2006-11-09",
        "acceptedDate": "2006-11-09 15:43:58",
        "calendarYear": "2006",
        "period": "Q3",
        "revenue": 3517000000,
        "costOfRevenue": 0,
        "grossProfit": 3517000000,
        "grossProfitRatio": 1,
        "researchAndDevelopmentExpenses": 0,
        "generalAndAdministrativeExpenses": 939000000,
        "sellingAndMarketingExpenses": 124000000,
        "sellingGeneralAndAdministrativeExpenses": 1063000000,
        "otherExpenses": 2454000000,
        "operatingExpenses": 3517000000,
        "costAndExpenses": 3517000000,
        "interestIncome": 5105000000,
        "interestExpense": 3158000000,
        "depreciationAndAmortization": 194000000,
        "ebitda": 4485000000,
        "ebitdaratio": 1.2752345749,
        "operatingIncome": 780000,
        "operatingIncomeRatio": 0.0002217799,
        "totalOtherIncomeExpensesNet": 1132220000,
        "incomeBeforeTax": 1133000000,
        "incomeBeforeTaxRatio": 0.3221495593,
        "incomeTaxExpense": 394000000,
        "netIncome": 748000000,
        "netIncomeRatio": 0.2126812624,
        "eps": 12.71,
        "epsdiluted": 12.71,
        "weightedAverageShsOut": 58868000,
        "weightedAverageShsOutDil": 60461000,
        "link": "https://www.sec.gov/Archives/edgar/data/933136/000110465906073547/0001104659-06-073547-index.htm",
        "finalLink": "https://www.sec.gov/Archives/edgar/data/933136/000110465906073547/a06-21896_110q.htm"
    },
    {
        "date": "2006-06-30",
        "symbol": "COOP",
        "reportedCurrency": "USD",
        "cik": "0000933136",
        "fillingDate": "2006-08-09",
        "acceptedDate": "2006-08-09 17:01:33",
        "calendarYear": "2006",
        "period": "Q2",
        "revenue": 3638000000,
        "costOfRevenue": 0,
        "grossProfit": 3638000000,
        "grossProfitRatio": 1,
        "researchAndDevelopmentExpenses": 0,
        "generalAndAdministrativeExpenses": 1021000000,
        "sellingAndMarketingExpenses": 117000000,
        "sellingGeneralAndAdministrativeExpenses": 1138000000,
        "otherExpenses": 2500000000,
        "operatingExpenses": 3638000000,
        "costAndExpenses": 3638000000,
        "interestIncome": 4935000000,
        "interestExpense": 2875000000,
        "depreciationAndAmortization": 249000000,
        "ebitda": 4272000000,
        "ebitdaratio": 1.1742715778,
        "operatingIncome": 800000,
        "operatingIncomeRatio": 0.000219901,
        "totalOtherIncomeExpensesNet": 1147200000,
        "incomeBeforeTax": 1148000000,
        "incomeBeforeTaxRatio": 0.3155579989,
        "incomeTaxExpense": 389000000,
        "netIncome": 767000000,
        "netIncomeRatio": 0.2108301264,
        "eps": 12.96,
        "epsdiluted": 12.96,
        "weightedAverageShsOut": 59189000,
        "weightedAverageShsOutDil": 60969000,
        "link": "https://www.sec.gov/Archives/edgar/data/933136/000110465906053235/0001104659-06-053235-index.htm",
        "finalLink": "https://www.sec.gov/Archives/edgar/data/933136/000110465906053235/a06-15585_110q.htm"
    },
    {
        "date": "2006-03-31",
        "symbol": "COOP",
        "reportedCurrency": "USD",
        "cik": "0000933136",
        "fillingDate": "2006-05-10",
        "acceptedDate": "2006-05-10 16:52:43",
        "calendarYear": "2006",
        "period": "Q1",
        "revenue": 3842000000,
        "costOfRevenue": 0,
        "grossProfit": 3842000000,
        "grossProfitRatio": 1,
        "researchAndDevelopmentExpenses": 0,
        "generalAndAdministrativeExpenses": 1044000000,
        "sellingAndMarketingExpenses": 95000000,
        "sellingGeneralAndAdministrativeExpenses": 1127000000,
        "otherExpenses": 2628000000,
        "operatingExpenses": 3755000000,
        "costAndExpenses": 132000000,
        "interestIncome": 4657000000,
        "interestExpense": 2540000000,
        "depreciationAndAmortization": 196000000,
        "ebitda": 4271000000,
        "ebitdaratio": 1.1116605934,
        "operatingIncome": 4089000000,
        "operatingIncomeRatio": 1.0642894326,
        "totalOtherIncomeExpensesNet": -2540000000,
        "incomeBeforeTax": 1549000000,
        "incomeBeforeTaxRatio": 0.4031754295,
        "incomeTaxExpense": 564000000,
        "netIncome": 985000000,
        "netIncomeRatio": 0.256376887,
        "eps": 16.19,
        "epsdiluted": 16.19,
        "weightedAverageShsOut": 60851000,
        "weightedAverageShsOutDil": 62716000,
        "link": "https://www.sec.gov/Archives/edgar/data/933136/000110465906033381/0001104659-06-033381-index.htm",
        "finalLink": "https://www.sec.gov/Archives/edgar/data/933136/000110465906033381/a06-9729_110q.htm"
    },
    {
        "date": "2005-12-31",
        "symbol": "COOP",
        "reportedCurrency": "USD",
        "cik": "0000933136",
        "fillingDate": "2006-03-15",
        "acceptedDate": "2006-03-15 13:53:34",
        "calendarYear": "2005",
        "period": "Q4",
        "revenue": 5807000000,
        "costOfRevenue": 0,
        "grossProfit": 3844000000,
        "grossProfitRatio": 0.6619597038,
        "researchAndDevelopmentExpenses": 0,
        "generalAndAdministrativeExpenses": 1036000000,
        "sellingAndMarketingExpenses": 114000000,
        "sellingGeneralAndAdministrativeExpenses": -2405000000,
        "otherExpenses": 2694000000,
        "operatingExpenses": 3844000000,
        "costAndExpenses": 509000000,
        "interestIncome": 4581000000,
        "interestExpense": 2427000000,
        "depreciationAndAmortization": 616000000,
        "ebitda": 4391000000,
        "ebitdaratio": 0.756156363,
        "operatingIncome": 3987000000,
        "operatingIncomeRatio": 0.6865851558,
        "totalOtherIncomeExpensesNet": -2639000000,
        "incomeBeforeTax": 1348000000,
        "incomeBeforeTaxRatio": 0.2321336318,
        "incomeTaxExpense": 483000000,
        "netIncome": 865000000,
        "netIncomeRatio": 0.148958154,
        "eps": 14.11,
        "epsdiluted": 14.11,
        "weightedAverageShsOut": 61314000,
        "weightedAverageShsOutDil": 63275000,
        "link": "https://www.sec.gov/Archives/edgar/data/933136/000110465906016786/0001104659-06-016786-index.htm",
        "finalLink": "https://www.sec.gov/Archives/edgar/data/933136/000110465906016786/a06-2446_110k.htm"
    },
    {
        "date": "2005-09-30",
        "symbol": "COOP",
        "reportedCurrency": "USD",
        "cik": "0000933136",
        "fillingDate": "2005-11-07",
        "acceptedDate": "2005-11-04 20:11:13",
        "calendarYear": "2005",
        "period": "Q3",
        "revenue": 3290000000,
        "costOfRevenue": 0,
        "grossProfit": 3290000000,
        "grossProfitRatio": 1,
        "researchAndDevelopmentExpenses": 0,
        "generalAndAdministrativeExpenses": 939000000,
        "sellingAndMarketingExpenses": 78000000,
        "sellingGeneralAndAdministrativeExpenses": 1008000000,
        "otherExpenses": 2205000000,
        "operatingExpenses": 3213000000,
        "costAndExpenses": 129000000,
        "interestIncome": 4029000000,
        "interestExpense": 2024000000,
        "depreciationAndAmortization": 685000000,
        "ebitda": 4010000000,
        "ebitdaratio": 1.2188449848,
        "operatingIncome": 3369000000,
        "operatingIncomeRatio": 1.0240121581,
        "totalOtherIncomeExpensesNet": -2056000000,
        "incomeBeforeTax": 1313000000,
        "incomeBeforeTaxRatio": 0.3990881459,
        "incomeTaxExpense": 492000000,
        "netIncome": 821000000,
        "netIncomeRatio": 0.2495440729,
        "eps": 15.16,
        "epsdiluted": 15.16,
        "weightedAverageShsOut": 54159000,
        "weightedAverageShsOutDil": 55531000,
        "link": "https://www.sec.gov/Archives/edgar/data/933136/000110465905052815/0001104659-05-052815-index.htm",
        "finalLink": "https://www.sec.gov/Archives/edgar/data/933136/000110465905052815/a05-18521_110q.htm"
    },
    {
        "date": "2005-06-30",
        "symbol": "COOP",
        "reportedCurrency": "USD",
        "cik": "0000933136",
        "fillingDate": "2005-08-09",
        "acceptedDate": "2005-08-09 16:54:49",
        "calendarYear": "2005",
        "period": "Q2",
        "revenue": 3193000000,
        "costOfRevenue": 0,
        "grossProfit": 3193000000,
        "grossProfitRatio": 1,
        "researchAndDevelopmentExpenses": 0,
        "generalAndAdministrativeExpenses": 886000000,
        "sellingAndMarketingExpenses": 74000000,
        "sellingGeneralAndAdministrativeExpenses": 950000000,
        "otherExpenses": 2165000000,
        "operatingExpenses": 3115000000,
        "costAndExpenses": 115000000,
        "interestIncome": 3789000000,
        "interestExpense": 1780000000,
        "depreciationAndAmortization": 667000000,
        "ebitda": 3764000000,
        "ebitdaratio": 1.1788286878,
        "operatingIncome": 3089000000,
        "operatingIncomeRatio": 0.9674287504,
        "totalOtherIncomeExpensesNet": -1755000000,
        "incomeBeforeTax": 1317000000,
        "incomeBeforeTaxRatio": 0.4124647667,
        "incomeTaxExpense": 484000000,
        "netIncome": 833000000,
        "netIncomeRatio": 0.260883182,
        "eps": 15.61,
        "epsdiluted": 15.61,
        "weightedAverageShsOut": 54076000,
        "weightedAverageShsOutDil": 55453000,
        "link": "https://www.sec.gov/Archives/edgar/data/933136/000110465905037955/0001104659-05-037955-index.htm",
        "finalLink": "https://www.sec.gov/Archives/edgar/data/933136/000110465905037955/a05-14272_110q.htm"
    },
    {
        "date": "2005-03-31",
        "symbol": "COOP",
        "reportedCurrency": "USD",
        "cik": "0000933136",
        "fillingDate": "2005-05-10",
        "acceptedDate": "2005-05-09 19:29:58",
        "calendarYear": "2005",
        "period": "Q1",
        "revenue": 3298000000,
        "costOfRevenue": 0,
        "grossProfit": 3298000000,
        "grossProfitRatio": 1,
        "researchAndDevelopmentExpenses": 0,
        "generalAndAdministrativeExpenses": 876000000,
        "sellingAndMarketingExpenses": 55000000,
        "sellingGeneralAndAdministrativeExpenses": 931000000,
        "otherExpenses": 2367000000,
        "operatingExpenses": -3296960000,
        "costAndExpenses": 3298000000,
        "interestIncome": 3360000000,
        "interestExpense": 1470000000,
        "depreciationAndAmortization": 688000000,
        "ebitda": 3601000000,
        "ebitdaratio": 1.0918738629,
        "operatingIncome": 1040000,
        "operatingIncomeRatio": 0.0003153426,
        "totalOtherIncomeExpensesNet": 1443000000,
        "incomeBeforeTax": 1443000000,
        "incomeBeforeTaxRatio": 0.4375379018,
        "incomeTaxExpense": 541000000,
        "netIncome": 902000000,
        "netIncomeRatio": 0.2734990904,
        "eps": 16.69,
        "epsdiluted": 16.69,
        "weightedAverageShsOut": 54058000,
        "weightedAverageShsOutDil": 55549000,
        "link": "https://www.sec.gov/Archives/edgar/data/933136/000104746905014026/0001047469-05-014026-index.htm",
        "finalLink": "https://www.sec.gov/Archives/edgar/data/933136/000104746905014026/a2157489z10-q.htm"
    },
    {
        "date": "2004-12-31",
        "symbol": "COOP",
        "reportedCurrency": "USD",
        "cik": "0000933136",
        "fillingDate": "2005-03-14",
        "acceptedDate": "2005-03-14 15:57:48",
        "calendarYear": "2004",
        "period": "Q4",
        "revenue": 3067000000,
        "costOfRevenue": 0,
        "grossProfit": 3067000000,
        "grossProfitRatio": 1,
        "researchAndDevelopmentExpenses": 0,
        "generalAndAdministrativeExpenses": 839000000,
        "sellingAndMarketingExpenses": 57000000,
        "sellingGeneralAndAdministrativeExpenses": 896000000,
        "otherExpenses": 2171000000,
        "operatingExpenses": 3067000000,
        "costAndExpenses": 3067000000,
        "interestIncome": 3066000000,
        "interestExpense": 1216000000,
        "depreciationAndAmortization": 757000000,
        "ebitda": 3065000000,
        "ebitdaratio": 0.999347897,
        "operatingIncome": 750000,
        "operatingIncomeRatio": 0.0002445386,
        "totalOtherIncomeExpensesNet": 1092000000,
        "incomeBeforeTax": 1092000000,
        "incomeBeforeTaxRatio": 0.3560482556,
        "incomeTaxExpense": 424000000,
        "netIncome": 668000000,
        "netIncomeRatio": 0.2178024128,
        "eps": 12.41,
        "epsdiluted": 12.41,
        "weightedAverageShsOut": 53807000,
        "weightedAverageShsOutDil": 54943000,
        "link": "https://www.sec.gov/Archives/edgar/data/933136/000104746905006351/0001047469-05-006351-index.htm",
        "finalLink": "https://www.sec.gov/Archives/edgar/data/933136/000104746905006351/a2153144z10-k.htm"
    },
    {
        "date": "2004-09-30",
        "symbol": "COOP",
        "reportedCurrency": "USD",
        "cik": "0000933136",
        "fillingDate": "2004-11-09",
        "acceptedDate": "2004-11-09 14:59:42",
        "calendarYear": "2004",
        "period": "Q3",
        "revenue": 3004000000,
        "costOfRevenue": 0,
        "grossProfit": 3004000000,
        "grossProfitRatio": 1,
        "researchAndDevelopmentExpenses": 0,
        "generalAndAdministrativeExpenses": 841000000,
        "sellingAndMarketingExpenses": 76000000,
        "sellingGeneralAndAdministrativeExpenses": 917000000,
        "otherExpenses": 2087000000,
        "operatingExpenses": -3003220000,
        "costAndExpenses": 3004000000,
        "interestIncome": 2811000000,
        "interestExpense": 1071000000,
        "depreciationAndAmortization": 756000000,
        "ebitda": 2906000000,
        "ebitdaratio": 0.9673768309,
        "operatingIncome": 780000,
        "operatingIncomeRatio": 0.0002596538,
        "totalOtherIncomeExpensesNet": 1079000000,
        "incomeBeforeTax": 1079000000,
        "incomeBeforeTaxRatio": 0.3591877497,
        "incomeTaxExpense": 405000000,
        "netIncome": 674000000,
        "netIncomeRatio": 0.22436751,
        "eps": 12.51,
        "epsdiluted": 12.51,
        "weightedAverageShsOut": 53875000,
        "weightedAverageShsOutDil": 55145000,
        "link": "https://www.sec.gov/Archives/edgar/data/933136/000104746904033566/0001047469-04-033566-index.htm",
        "finalLink": "https://www.sec.gov/Archives/edgar/data/933136/000104746904033566/a2145918z10-q.htm"
    },
    {
        "date": "2004-06-30",
        "symbol": "COOP",
        "reportedCurrency": "USD",
        "cik": "0000933136",
        "fillingDate": "2004-08-09",
        "acceptedDate": "2004-08-09 15:29:18",
        "calendarYear": "2004",
        "period": "Q2",
        "revenue": 2688000000,
        "costOfRevenue": 0,
        "grossProfit": 2688000000,
        "grossProfitRatio": 1,
        "researchAndDevelopmentExpenses": 0,
        "generalAndAdministrativeExpenses": 849000000,
        "sellingAndMarketingExpenses": 84000000,
        "sellingGeneralAndAdministrativeExpenses": 933000000,
        "otherExpenses": 1755000000,
        "operatingExpenses": -2687430000,
        "costAndExpenses": 2688000000,
        "interestIncome": 2752000000,
        "interestExpense": 958000000,
        "depreciationAndAmortization": 740000000,
        "ebitda": 2478000000,
        "ebitdaratio": 0.921875,
        "operatingIncome": 570000,
        "operatingIncomeRatio": 0.0002120536,
        "totalOtherIncomeExpensesNet": 780000000,
        "incomeBeforeTax": 780000000,
        "incomeBeforeTaxRatio": 0.2901785714,
        "incomeTaxExpense": 291000000,
        "netIncome": 489000000,
        "netIncomeRatio": 0.1819196429,
        "eps": 9.09,
        "epsdiluted": 9.09,
        "weightedAverageShsOut": 53781000,
        "weightedAverageShsOutDil": 55213000,
        "link": "https://www.sec.gov/Archives/edgar/data/933136/000104746904025808/0001047469-04-025808-index.htm",
        "finalLink": "https://www.sec.gov/Archives/edgar/data/933136/000104746904025808/a2141525z10-q.htm"
    },
    {
        "date": "2004-03-31",
        "symbol": "COOP",
        "reportedCurrency": "USD",
        "cik": "0000933136",
        "fillingDate": "2004-05-10",
        "acceptedDate": "2004-05-10 16:42:42",
        "calendarYear": "2004",
        "period": "Q1",
        "revenue": 4414000000,
        "costOfRevenue": 0,
        "grossProfit": 4414000000,
        "grossProfitRatio": 1,
        "researchAndDevelopmentExpenses": 0,
        "generalAndAdministrativeExpenses": 899000000,
        "sellingAndMarketingExpenses": 58000000,
        "sellingGeneralAndAdministrativeExpenses": 957000000,
        "otherExpenses": 3457000000,
        "operatingExpenses": -4413250000,
        "costAndExpenses": -4413250000,
        "interestIncome": 2721000000,
        "interestExpense": 989000000,
        "depreciationAndAmortization": 916000000,
        "ebitda": 2938000000,
        "ebitdaratio": 0.6656094246,
        "operatingIncome": 750000,
        "operatingIncomeRatio": 0.0001699139,
        "totalOtherIncomeExpensesNet": 1033000000,
        "incomeBeforeTax": 1033000000,
        "incomeBeforeTaxRatio": 0.2340280924,
        "incomeTaxExpense": 385000000,
        "netIncome": 1047000000,
        "netIncomeRatio": 0.2371998188,
        "eps": 19.4,
        "epsdiluted": 19.4,
        "weightedAverageShsOut": 53956000,
        "weightedAverageShsOutDil": 55404000,
        "link": "https://www.sec.gov/Archives/edgar/data/933136/000104746904016667/0001047469-04-016667-index.htm",
        "finalLink": "https://www.sec.gov/Archives/edgar/data/933136/000104746904016667/a2135972z10-q.htm"
    },
    {
        "date": "2003-12-31",
        "symbol": "COOP",
        "reportedCurrency": "USD",
        "cik": "0000933136",
        "fillingDate": "2004-03-15",
        "acceptedDate": "2004-03-15 14:50:20",
        "calendarYear": "2003",
        "period": "Q4",
        "revenue": 2810000000,
        "costOfRevenue": 0,
        "grossProfit": 2810000000,
        "grossProfitRatio": 1,
        "researchAndDevelopmentExpenses": 0,
        "generalAndAdministrativeExpenses": 807000000,
        "sellingAndMarketingExpenses": -201000000,
        "sellingGeneralAndAdministrativeExpenses": 884000000,
        "otherExpenses": 1926000000,
        "operatingExpenses": 2810000000,
        "costAndExpenses": 2699000000,
        "interestIncome": 2571000000,
        "interestExpense": 937000000,
        "depreciationAndAmortization": 919000000,
        "ebitda": 3062000000,
        "ebitdaratio": 1.0896797153,
        "operatingIncome": 821000000,
        "operatingIncomeRatio": 0.2921708185,
        "totalOtherIncomeExpensesNet": 1206000000,
        "incomeBeforeTax": 1206000000,
        "incomeBeforeTaxRatio": 0.4291814947,
        "incomeTaxExpense": 450000000,
        "netIncome": 843000000,
        "netIncomeRatio": 0.3,
        "eps": 15.22,
        "epsdiluted": 15.22,
        "weightedAverageShsOut": 55398000,
        "weightedAverageShsOutDil": 56503000,
        "link": "https://www.sec.gov/Archives/edgar/data/933136/000104746904007947/0001047469-04-007947-index.htm",
        "finalLink": "https://www.sec.gov/Archives/edgar/data/933136/000104746904007947/a2129328z10-k.htm"
    },
    {
        "date": "2003-09-30",
        "symbol": "COOP",
        "reportedCurrency": "USD",
        "cik": "0000933136",
        "fillingDate": "2003-11-13",
        "acceptedDate": "2003-11-13 16:30:51",
        "calendarYear": "2003",
        "period": "Q3",
        "revenue": 3602000000,
        "costOfRevenue": 0,
        "grossProfit": 3602000000,
        "grossProfitRatio": 1,
        "researchAndDevelopmentExpenses": 0,
        "generalAndAdministrativeExpenses": 860000000,
        "sellingAndMarketingExpenses": 51000000,
        "sellingGeneralAndAdministrativeExpenses": 888000000,
        "otherExpenses": 2585000000,
        "operatingExpenses": 3473000000,
        "costAndExpenses": 126000000,
        "interestIncome": 2998000000,
        "interestExpense": 1129000000,
        "depreciationAndAmortization": 701000000,
        "ebitda": 3377000000,
        "ebitdaratio": 0.9375347029,
        "operatingIncome": 2190000000,
        "operatingIncomeRatio": 0.607995558,
        "totalOtherIncomeExpensesNet": -565000000,
        "incomeBeforeTax": 1587000000,
        "incomeBeforeTaxRatio": 0.4405885619,
        "incomeTaxExpense": 588000000,
        "netIncome": 1023000000,
        "netIncomeRatio": 0.284008884,
        "eps": 18.2,
        "epsdiluted": 18.2,
        "weightedAverageShsOut": 56223000,
        "weightedAverageShsOutDil": 57398000,
        "link": "https://www.sec.gov/Archives/edgar/data/933136/000119312503080192/0001193125-03-080192-index.htm",
        "finalLink": "https://www.sec.gov/Archives/edgar/data/933136/000119312503080192/d10q.htm"
    },
    {
        "date": "2003-06-30",
        "symbol": "COOP",
        "reportedCurrency": "USD",
        "cik": "0000933136",
        "fillingDate": "2003-08-14",
        "acceptedDate": "2003-08-14 14:33:38",
        "calendarYear": "2003",
        "period": "Q2",
        "revenue": 3512000000,
        "costOfRevenue": 0,
        "grossProfit": 3654000000,
        "grossProfitRatio": 1.0404328018,
        "researchAndDevelopmentExpenses": 0,
        "generalAndAdministrativeExpenses": 843000000,
        "sellingAndMarketingExpenses": 80000000,
        "sellingGeneralAndAdministrativeExpenses": 923000000,
        "otherExpenses": 2589000000,
        "operatingExpenses": 3512000000,
        "costAndExpenses": 151000000,
        "interestIncome": 3138000000,
        "interestExpense": 1192000000,
        "depreciationAndAmortization": 1159000000,
        "ebitda": 3888000000,
        "ebitdaratio": 1.1070615034,
        "operatingIncome": 2673000000,
        "operatingIncomeRatio": 0.7611047836,
        "totalOtherIncomeExpensesNet": -1055000000,
        "incomeBeforeTax": 1581000000,
        "incomeBeforeTaxRatio": 0.4501708428,
        "incomeTaxExpense": 586000000,
        "netIncome": 1017000000,
        "netIncomeRatio": 0.2895785877,
        "eps": 17.92,
        "epsdiluted": 17.92,
        "weightedAverageShsOut": 56932000,
        "weightedAverageShsOutDil": 58086000,
        "link": "https://www.sec.gov/Archives/edgar/data/933136/000119312503037684/0001193125-03-037684-index.htm",
        "finalLink": "https://www.sec.gov/Archives/edgar/data/933136/000119312503037684/d10q.htm"
    },
    {
        "date": "2003-03-31",
        "symbol": "COOP",
        "reportedCurrency": "USD",
        "cik": "0000933136",
        "fillingDate": "2003-05-15",
        "acceptedDate": "2003-05-15 15:06:24",
        "calendarYear": "2003",
        "period": "Q1",
        "revenue": 3423000000,
        "costOfRevenue": 0,
        "grossProfit": 3423000000,
        "grossProfitRatio": 1,
        "researchAndDevelopmentExpenses": 0,
        "generalAndAdministrativeExpenses": 771000000,
        "sellingAndMarketingExpenses": 59000000,
        "sellingGeneralAndAdministrativeExpenses": 807000000,
        "otherExpenses": 3593000000,
        "operatingExpenses": 4400000000,
        "costAndExpenses": 119000000,
        "interestIncome": 3228000000,
        "interestExpense": 1275000000,
        "depreciationAndAmortization": 1076000000,
        "ebitda": 3862000000,
        "ebitdaratio": 1.128250073,
        "operatingIncome": 2869000000,
        "operatingIncomeRatio": 0.8381536664,
        "totalOtherIncomeExpensesNet": -1280000000,
        "incomeBeforeTax": 1553000000,
        "incomeBeforeTaxRatio": 0.4536955887,
        "incomeTaxExpense": 575000000,
        "netIncome": 997000000,
        "netIncomeRatio": 0.2912649722,
        "eps": 17.42,
        "epsdiluted": 17.42,
        "weightedAverageShsOut": 57568000,
        "weightedAverageShsOutDil": 58430000,
        "link": "https://www.sec.gov/Archives/edgar/data/933136/000104746903018882/0001047469-03-018882-index.htm",
        "finalLink": "https://www.sec.gov/Archives/edgar/data/933136/000104746903018882/a2110955z10-q.htm"
    },
    {
        "date": "2002-12-31",
        "symbol": "COOP",
        "reportedCurrency": "USD",
        "cik": "0000933136",
        "fillingDate": "2003-03-17",
        "acceptedDate": "2003-03-14 21:46:46",
        "calendarYear": "2002",
        "period": "Q4",
        "revenue": 4437000000,
        "costOfRevenue": 0,
        "grossProfit": 3320000000,
        "grossProfitRatio": 0.7482533243,
        "researchAndDevelopmentExpenses": 0,
        "generalAndAdministrativeExpenses": 758000000,
        "sellingAndMarketingExpenses": 171000000,
        "sellingGeneralAndAdministrativeExpenses": 570000000,
        "otherExpenses": 2750000000,
        "operatingExpenses": 3320000000,
        "costAndExpenses": 1762000000,
        "interestIncome": 3366000000,
        "interestExpense": 1440000000,
        "depreciationAndAmortization": 1033000000,
        "ebitda": 4036000000,
        "ebitdaratio": 0.9096236196,
        "operatingIncome": 2430000000,
        "operatingIncomeRatio": 0.5476673428,
        "totalOtherIncomeExpensesNet": -867000000,
        "incomeBeforeTax": 1563000000,
        "incomeBeforeTaxRatio": 0.3522650439,
        "incomeTaxExpense": 578000000,
        "netIncome": 983000000,
        "netIncomeRatio": 0.2215460897,
        "eps": 17.1,
        "epsdiluted": 17.1,
        "weightedAverageShsOut": 57596000,
        "weightedAverageShsOutDil": 58500000,
        "link": "https://www.sec.gov/Archives/edgar/data/933136/000104746903008846/0001047469-03-008846-index.htm",
        "finalLink": "https://www.sec.gov/Archives/edgar/data/933136/000104746903008846/a2105105z10-k.htm"
    },
    {
        "date": "2002-09-30",
        "symbol": "COOP",
        "reportedCurrency": "USD",
        "cik": "0000933136",
        "fillingDate": "2002-11-14",
        "acceptedDate": "2002-11-14 19:27:19",
        "calendarYear": "2002",
        "period": "Q3",
        "revenue": 3299000000,
        "costOfRevenue": 0,
        "grossProfit": 3299000000,
        "grossProfitRatio": 1,
        "researchAndDevelopmentExpenses": 0,
        "generalAndAdministrativeExpenses": 719000000,
        "sellingAndMarketingExpenses": 75000000,
        "sellingGeneralAndAdministrativeExpenses": 794000000,
        "otherExpenses": 2505000000,
        "operatingExpenses": 3299000000,
        "costAndExpenses": 130000000,
        "interestIncome": 3413000000,
        "interestExpense": 1494000000,
        "depreciationAndAmortization": 891000000,
        "ebitda": 3924000000,
        "ebitdaratio": 1.1894513489,
        "operatingIncome": 2677000000,
        "operatingIncomeRatio": 0.8114580176,
        "totalOtherIncomeExpensesNet": -1138000000,
        "incomeBeforeTax": 1539000000,
        "incomeBeforeTaxRatio": 0.4665050015,
        "incomeTaxExpense": 563000000,
        "netIncome": 975000000,
        "netIncomeRatio": 0.2955441043,
        "eps": 16.48,
        "epsdiluted": 16.48,
        "weightedAverageShsOut": 59206000,
        "weightedAverageShsOutDil": 60214000,
        "link": "https://www.sec.gov/Archives/edgar/data/933136/000091205702042589/0000912057-02-042589-index.htm",
        "finalLink": "https://www.sec.gov/Archives/edgar/data/933136/000091205702042589/a2093295z10-q.htm"
    },
    {
        "date": "2002-06-30",
        "symbol": "COOP",
        "reportedCurrency": "USD",
        "cik": "0000933136",
        "fillingDate": "2002-08-14",
        "acceptedDate": "2002-08-14 14:33:40",
        "calendarYear": "2002",
        "period": "Q2",
        "revenue": 3308000000,
        "costOfRevenue": 0,
        "grossProfit": 3308000000,
        "grossProfitRatio": 1,
        "researchAndDevelopmentExpenses": 0,
        "generalAndAdministrativeExpenses": 732000000,
        "sellingAndMarketingExpenses": 0,
        "sellingGeneralAndAdministrativeExpenses": 732000000,
        "otherExpenses": 2576000000,
        "operatingExpenses": 3308000000,
        "costAndExpenses": 121000000,
        "interestIncome": 3585000000,
        "interestExpense": 1485000000,
        "depreciationAndAmortization": 603000000,
        "ebitda": 3640000000,
        "ebitdaratio": 1.100362757,
        "operatingIncome": 3037000000,
        "operatingIncomeRatio": 0.9180773881,
        "totalOtherIncomeExpensesNet": -1635000000,
        "incomeBeforeTax": 1552000000,
        "incomeBeforeTaxRatio": 0.469165659,
        "incomeTaxExpense": 568000000,
        "netIncome": 982000000,
        "netIncomeRatio": 0.2968561064,
        "eps": 16.49,
        "epsdiluted": 16.49,
        "weightedAverageShsOut": 59666000,
        "weightedAverageShsOutDil": 60884000,
        "link": "https://www.sec.gov/Archives/edgar/data/933136/000091205702031985/0000912057-02-031985-index.htm",
        "finalLink": "https://www.sec.gov/Archives/edgar/data/933136/000091205702031985/a2086831z10-q.htm"
    },
    {
        "date": "2002-03-31",
        "symbol": "COOP",
        "reportedCurrency": "USD",
        "cik": "0000933136",
        "fillingDate": "2002-05-15",
        "acceptedDate": "2002-05-15 15:28:43",
        "calendarYear": "2002",
        "period": "Q1",
        "revenue": 3203000000,
        "costOfRevenue": 0,
        "grossProfit": 3203000000,
        "grossProfitRatio": 1,
        "researchAndDevelopmentExpenses": 0,
        "generalAndAdministrativeExpenses": 690000000,
        "sellingAndMarketingExpenses": 0,
        "sellingGeneralAndAdministrativeExpenses": 690000000,
        "otherExpenses": 2514000000,
        "operatingExpenses": 3204000000,
        "costAndExpenses": 99000000,
        "interestIncome": 3883000000,
        "interestExpense": 1487000000,
        "depreciationAndAmortization": 679000000,
        "ebitda": 3665000000,
        "ebitdaratio": 1.1442397752,
        "operatingIncome": 3284000000,
        "operatingIncomeRatio": 1.0252887918,
        "totalOtherIncomeExpensesNet": -1785000000,
        "incomeBeforeTax": 1499000000,
        "incomeBeforeTaxRatio": 0.4679987512,
        "incomeTaxExpense": 549000000,
        "netIncome": 948000000,
        "netIncomeRatio": 0.2959725258,
        "eps": 12.12,
        "epsdiluted": 11.88,
        "weightedAverageShsOut": 59228000,
        "weightedAverageShsOutDil": 60202000,
        "link": "https://www.sec.gov/Archives/edgar/data/933136/000091205702020736/0000912057-02-020736-index.htm",
        "finalLink": "https://www.sec.gov/Archives/edgar/data/933136/000091205702020736/a2079449z10-q.htm"
    },
    {
        "date": "2001-12-31",
        "symbol": "COOP",
        "reportedCurrency": "USD",
        "cik": "0000933136",
        "fillingDate": "2002-03-19",
        "acceptedDate": "2002-03-19 00:00:00",
        "calendarYear": "2001",
        "period": "Q4",
        "revenue": 2361000000,
        "costOfRevenue": 0,
        "grossProfit": 2361000000,
        "grossProfitRatio": 1,
        "researchAndDevelopmentExpenses": 0,
        "generalAndAdministrativeExpenses": 535000000,
        "sellingAndMarketingExpenses": 0,
        "sellingGeneralAndAdministrativeExpenses": 535000000,
        "otherExpenses": 1826000000,
        "operatingExpenses": 2361000000,
        "costAndExpenses": 1003000000,
        "interestIncome": 3525000000,
        "interestExpense": 1498000000,
        "depreciationAndAmortization": -116000000,
        "ebitda": 2329000000,
        "ebitdaratio": 0.986446421,
        "operatingIncome": 2120000000,
        "operatingIncomeRatio": 0.8979246082,
        "totalOtherIncomeExpensesNet": -1289000000,
        "incomeBeforeTax": 831000000,
        "incomeBeforeTaxRatio": 0.3519695044,
        "incomeTaxExpense": 295000000,
        "netIncome": 841000000,
        "netIncomeRatio": 0.3562049979,
        "eps": 15.71,
        "epsdiluted": 15.71,
        "weightedAverageShsOut": 53649000,
        "weightedAverageShsOutDil": 54420000,
        "link": "https://www.sec.gov/Archives/edgar/data/933136/000091205702010535/0000912057-02-010535-index.htm",
        "finalLink": "https://www.sec.gov/Archives/edgar/data/933136/000091205702010535/a2072854z10-k.htm"
    },
    {
        "date": "2001-09-30",
        "symbol": "COOP",
        "reportedCurrency": "USD",
        "cik": "0000933136",
        "fillingDate": "2001-11-14",
        "acceptedDate": "2001-11-14 00:00:00",
        "calendarYear": "2001",
        "period": "Q3",
        "revenue": 2554000000,
        "costOfRevenue": 0,
        "grossProfit": 2554000000,
        "grossProfitRatio": 1,
        "researchAndDevelopmentExpenses": 0,
        "generalAndAdministrativeExpenses": 507000000,
        "sellingAndMarketingExpenses": 0,
        "sellingGeneralAndAdministrativeExpenses": 507000000,
        "otherExpenses": -304000000,
        "operatingExpenses": 203000000,
        "costAndExpenses": 203000000,
        "interestIncome": 3690000000,
        "interestExpense": 1874000000,
        "depreciationAndAmortization": 440000000,
        "ebitda": 3639000000,
        "ebitdaratio": 1.4248238058,
        "operatingIncome": 2757000000,
        "operatingIncomeRatio": 1.0794831637,
        "totalOtherIncomeExpensesNet": -1557000000,
        "incomeBeforeTax": 1325000000,
        "incomeBeforeTaxRatio": 0.5187940486,
        "incomeTaxExpense": 443000000,
        "netIncome": 830000000,
        "netIncomeRatio": 0.3249804229,
        "eps": 15.49,
        "epsdiluted": 15.49,
        "weightedAverageShsOut": 53718000,
        "weightedAverageShsOutDil": 54961000,
        "link": "https://www.sec.gov/Archives/edgar/data/933136/000091205701539859/0000912057-01-539859-index.htm",
        "finalLink": "https://www.sec.gov/Archives/edgar/data/933136/000091205701539859/a2063331z10-q.htm"
    },
    {
        "date": "2001-06-30",
        "symbol": "COOP",
        "reportedCurrency": "USD",
        "cik": "0000933136",
        "fillingDate": "2001-08-14",
        "acceptedDate": "2001-08-14 00:00:00",
        "calendarYear": "2001",
        "period": "Q2",
        "revenue": 2478000000,
        "costOfRevenue": 0,
        "grossProfit": 2478000000,
        "grossProfitRatio": 1,
        "researchAndDevelopmentExpenses": 0,
        "generalAndAdministrativeExpenses": 466000000,
        "sellingAndMarketingExpenses": 0,
        "sellingGeneralAndAdministrativeExpenses": 466000000,
        "otherExpenses": 554000000,
        "operatingExpenses": 1020000000,
        "costAndExpenses": 1020000000,
        "interestIncome": 3936000000,
        "interestExpense": 2263000000,
        "depreciationAndAmortization": 317000000,
        "ebitda": 3847000000,
        "ebitdaratio": 1.5524616626,
        "operatingIncome": 3498000000,
        "operatingIncomeRatio": 1.411622276,
        "totalOtherIncomeExpensesNet": -2231000000,
        "incomeBeforeTax": 1267000000,
        "incomeBeforeTaxRatio": 0.511299435,
        "incomeTaxExpense": 469000000,
        "netIncome": 798000000,
        "netIncomeRatio": 0.3220338983,
        "eps": 11.16,
        "epsdiluted": 10.92,
        "weightedAverageShsOut": 71491000,
        "weightedAverageShsOutDil": 72733000,
        "link": "https://www.sec.gov/Archives/edgar/data/933136/000093313601500010/0000933136-01-500010-index.htm",
        "finalLink": "https://www.sec.gov/Archives/edgar/data/933136/000093313601500010/wmi2q01final.txt"
    },
    {
        "date": "2001-03-31",
        "symbol": "COOP",
        "reportedCurrency": "USD",
        "cik": "0000933136",
        "fillingDate": "2001-05-14",
        "acceptedDate": "2001-05-14 00:00:00",
        "calendarYear": "2001",
        "period": "Q1",
        "revenue": 2109000000,
        "costOfRevenue": 0,
        "grossProfit": 2109000000,
        "grossProfitRatio": 1,
        "researchAndDevelopmentExpenses": 0,
        "generalAndAdministrativeExpenses": 416000000,
        "sellingAndMarketingExpenses": 0,
        "sellingGeneralAndAdministrativeExpenses": 416000000,
        "otherExpenses": 974000000,
        "operatingExpenses": 1390000000,
        "costAndExpenses": 1390000000,
        "interestIncome": 3914000000,
        "interestExpense": 2555000000,
        "depreciationAndAmortization": 257000000,
        "ebitda": 3826000000,
        "ebitdaratio": 1.8141299194,
        "operatingIncome": 3499000000,
        "operatingIncomeRatio": 1.6590801328,
        "totalOtherIncomeExpensesNet": -2485000000,
        "incomeBeforeTax": 1014000000,
        "incomeBeforeTaxRatio": 0.4807965861,
        "incomeTaxExpense": 373000000,
        "netIncome": 641000000,
        "netIncomeRatio": 0.3039355145,
        "eps": 12.02,
        "epsdiluted": 12.02,
        "weightedAverageShsOut": 53340000,
        "weightedAverageShsOutDil": 53805000,
        "link": "https://www.sec.gov/Archives/edgar/data/933136/000093313601500005/0000933136-01-500005-index.htm",
        "finalLink": "https://www.sec.gov/Archives/edgar/data/933136/000093313601500005/wmi-1q2001_10q.txt"
    },
    {
        "date": "2000-12-31",
        "symbol": "COOP",
        "reportedCurrency": "USD",
        "cik": "0000933136",
        "fillingDate": "2001-03-20",
        "acceptedDate": "2001-03-20 00:00:00",
        "calendarYear": "2000",
        "period": "Q4",
        "revenue": 1650185000,
        "costOfRevenue": 0,
        "grossProfit": 1650185000,
        "grossProfitRatio": 1,
        "researchAndDevelopmentExpenses": 0,
        "generalAndAdministrativeExpenses": 343053000,
        "sellingAndMarketingExpenses": 0,
        "sellingGeneralAndAdministrativeExpenses": 343053000,
        "otherExpenses": 1302274000,
        "operatingExpenses": 1645327000,
        "costAndExpenses": 1645327000,
        "interestIncome": 3632410000,
        "interestExpense": 2531994000,
        "depreciationAndAmortization": 137630000,
        "ebitda": 3446148000,
        "ebitdaratio": 2.0883403982,
        "operatingIncome": 3295512000,
        "operatingIncomeRatio": 1.9970560877,
        "totalOtherIncomeExpensesNet": -2518988000,
        "incomeBeforeTax": 776524000,
        "incomeBeforeTaxRatio": 0.4705678454,
        "incomeTaxExpense": 279271000,
        "netIncome": 497253000,
        "netIncomeRatio": 0.3013316689,
        "eps": 9.32,
        "epsdiluted": 9.32,
        "weightedAverageShsOut": 53340000,
        "weightedAverageShsOutDil": 53805000,
        "link": "https://www.sec.gov/Archives/edgar/data/933136/000109581101500539/0001095811-01-500539-index.htm",
        "finalLink": "https://www.sec.gov/Archives/edgar/data/933136/000109581101500539/v69729e10-k.txt"
    },
    {
        "date": "2000-09-30",
        "symbol": "COOP",
        "reportedCurrency": "USD",
        "cik": "0000933136",
        "fillingDate": "2000-11-14",
        "acceptedDate": "2000-11-14 00:00:00",
        "calendarYear": "2000",
        "period": "Q3",
        "revenue": 1544907000,
        "costOfRevenue": 0,
        "grossProfit": 1544907000,
        "grossProfitRatio": 1,
        "researchAndDevelopmentExpenses": 0,
        "generalAndAdministrativeExpenses": 339061000,
        "sellingAndMarketingExpenses": 0,
        "sellingGeneralAndAdministrativeExpenses": 339061000,
        "otherExpenses": 1205846000,
        "operatingExpenses": 1544907000,
        "costAndExpenses": 1544907000,
        "interestIncome": 3484941000,
        "interestExpense": 2450958000,
        "depreciationAndAmortization": 95107000,
        "ebitda": 3258915000,
        "ebitdaratio": 2.1094570741,
        "operatingIncome": 3154227000,
        "operatingIncomeRatio": 2.0416937719,
        "totalOtherIncomeExpensesNet": -2441640000,
        "incomeBeforeTax": 712587000,
        "incomeBeforeTaxRatio": 0.4612491237,
        "incomeTaxExpense": 260094000,
        "netIncome": 452493000,
        "netIncomeRatio": 0.2928933586,
        "eps": 8.48,
        "epsdiluted": 8.48,
        "weightedAverageShsOut": 53340000,
        "weightedAverageShsOutDil": 53805000,
        "link": "https://www.sec.gov/Archives/edgar/data/933136/000093313600000019/0000933136-00-000019-index.htm",
        "finalLink": "https://www.sec.gov/Archives/edgar/data/933136/000093313600000019/0000933136-00-000019-0001.txt"
    },
    {
        "date": "2000-06-30",
        "symbol": "COOP",
        "reportedCurrency": "USD",
        "cik": "0000933136",
        "fillingDate": "2000-08-14",
        "acceptedDate": "2000-08-14 00:00:00",
        "calendarYear": "2000",
        "period": "Q2",
        "revenue": 1592134000,
        "costOfRevenue": 0,
        "grossProfit": 1592134000,
        "grossProfitRatio": 1,
        "researchAndDevelopmentExpenses": 0,
        "generalAndAdministrativeExpenses": 335480000,
        "sellingAndMarketingExpenses": 0,
        "sellingGeneralAndAdministrativeExpenses": 335480000,
        "otherExpenses": 1117111000,
        "operatingExpenses": 1452591000,
        "costAndExpenses": 1452591000,
        "interestIncome": 3362003000,
        "interestExpense": 2270112000,
        "depreciationAndAmortization": 186969000,
        "ebitda": 3229706000,
        "ebitdaratio": 2.0285390551,
        "operatingIncome": 3044725000,
        "operatingIncomeRatio": 1.912354739,
        "totalOtherIncomeExpensesNet": -2271870000,
        "incomeBeforeTax": 772855000,
        "incomeBeforeTaxRatio": 0.4854208251,
        "incomeTaxExpense": 282093000,
        "netIncome": 491000000,
        "netIncomeRatio": 0.3083911279,
        "eps": 9.2,
        "epsdiluted": 9.2,
        "weightedAverageShsOut": 66507000,
        "weightedAverageShsOutDil": 66654000,
        "link": "https://www.sec.gov/Archives/edgar/data/933136/000093313600000012/0000933136-00-000012-index.htm",
        "finalLink": "https://www.sec.gov/Archives/edgar/data/933136/000093313600000012/0000933136-00-000012-0001.txt"
    },
    {
        "date": "2000-03-31",
        "symbol": "COOP",
        "reportedCurrency": "USD",
        "cik": "0000933136",
        "fillingDate": "2000-05-15",
        "acceptedDate": "2000-05-15 00:00:00",
        "calendarYear": "2000",
        "period": "Q1",
        "revenue": 1507774000,
        "costOfRevenue": 0,
        "grossProfit": 1507774000,
        "grossProfitRatio": 1,
        "researchAndDevelopmentExpenses": 0,
        "generalAndAdministrativeExpenses": 330406000,
        "sellingAndMarketingExpenses": 0,
        "sellingGeneralAndAdministrativeExpenses": 330406000,
        "otherExpenses": 1124356000,
        "operatingExpenses": 1454762000,
        "costAndExpenses": 1454762000,
        "interestIncome": 3303646000,
        "interestExpense": 2218936000,
        "depreciationAndAmortization": 119294000,
        "ebitda": 3060264000,
        "ebitdaratio": 2.0296569645,
        "operatingIncome": 2962536000,
        "operatingIncomeRatio": 1.9648408846,
        "totalOtherIncomeExpensesNet": -2240502000,
        "incomeBeforeTax": 722034000,
        "incomeBeforeTaxRatio": 0.4788741549,
        "incomeTaxExpense": 263542000,
        "netIncome": 458492000,
        "netIncomeRatio": 0.3040853603,
        "eps": 8.6,
        "epsdiluted": 8.6,
        "weightedAverageShsOut": 46033000,
        "weightedAverageShsOutDil": 46033000,
        "link": "https://www.sec.gov/Archives/edgar/data/933136/000093313600000005/0000933136-00-000005-index.html",
        "finalLink": "https://www.sec.gov/Archives/edgar/data/933136/000093313600000005/"
    },
    {
        "date": "1999-12-31",
        "symbol": "COOP",
        "reportedCurrency": "USD",
        "cik": "0000933136",
        "fillingDate": "2000-03-15",
        "acceptedDate": "2000-03-15 00:00:00",
        "calendarYear": "1999",
        "period": "Q4",
        "revenue": 1479400000,
        "costOfRevenue": 0,
        "grossProfit": 1479400000,
        "grossProfitRatio": 1,
        "researchAndDevelopmentExpenses": 0,
        "generalAndAdministrativeExpenses": 288300000,
        "sellingAndMarketingExpenses": 0,
        "sellingGeneralAndAdministrativeExpenses": 288300000,
        "otherExpenses": 1071100000,
        "operatingExpenses": 1359400000,
        "costAndExpenses": 1359400000,
        "interestIncome": 3188900000,
        "interestExpense": 2132700000,
        "depreciationAndAmortization": 278800000,
        "ebitda": 3117600000,
        "ebitdaratio": 2.1073408138,
        "operatingIncome": 2838800000,
        "operatingIncomeRatio": 1.9188860349,
        "totalOtherIncomeExpensesNet": 706100000,
        "incomeBeforeTax": 706100000,
        "incomeBeforeTaxRatio": 0.4772880898,
        "incomeTaxExpense": 255800000,
        "netIncome": 450300000,
        "netIncomeRatio": 0.3043801541,
        "eps": 8.44,
        "epsdiluted": 8.44,
        "weightedAverageShsOut": 53340000,
        "weightedAverageShsOutDil": 53805000,
        "link": "https://www.sec.gov/Archives/edgar/data/933136/000089102000000493/0000891020-00-000493-index.html",
        "finalLink": "https://www.sec.gov/Archives/edgar/data/933136/000089102000000493/"
    },
    {
        "date": "1999-09-30",
        "symbol": "COOP",
        "reportedCurrency": "USD",
        "cik": "0000933136",
        "fillingDate": "1999-11-15",
        "acceptedDate": "1999-11-15 00:00:00",
        "calendarYear": "1999",
        "period": "Q3",
        "revenue": 1489200000,
        "costOfRevenue": 0,
        "grossProfit": 1489200000,
        "grossProfitRatio": 1,
        "researchAndDevelopmentExpenses": 0,
        "generalAndAdministrativeExpenses": 294300000,
        "sellingAndMarketingExpenses": 0,
        "sellingGeneralAndAdministrativeExpenses": 294300000,
        "otherExpenses": 944200000,
        "operatingExpenses": 1238500000,
        "costAndExpenses": 1238500000,
        "interestIncome": 3059600000,
        "interestExpense": 1939900000,
        "depreciationAndAmortization": -38800000,
        "ebitda": 2688900000,
        "ebitdaratio": 1.8056003223,
        "operatingIncome": 2727700000,
        "operatingIncomeRatio": 1.8316545796,
        "totalOtherIncomeExpensesNet": -1978700000,
        "incomeBeforeTax": 749000000,
        "incomeBeforeTaxRatio": 0.5029546065,
        "incomeTaxExpense": 279000000,
        "netIncome": 470000000,
        "netIncomeRatio": 0.3156056943,
        "eps": 8.86,
        "epsdiluted": 8.86,
        "weightedAverageShsOut": 70747000,
        "weightedAverageShsOutDil": 70747000,
        "link": "https://www.sec.gov/Archives/edgar/data/933136/000089102099001923/0000891020-99-001923-index.html",
        "finalLink": "https://www.sec.gov/Archives/edgar/data/933136/000089102099001923/"
    },
    {
        "date": "1999-06-30",
        "symbol": "COOP",
        "reportedCurrency": "USD",
        "cik": "0000933136",
        "fillingDate": "1999-08-16",
        "acceptedDate": "1999-08-16 00:00:00",
        "calendarYear": "1999",
        "period": "Q2",
        "revenue": 1512800000,
        "costOfRevenue": 0,
        "grossProfit": 1512800000,
        "grossProfitRatio": 1,
        "researchAndDevelopmentExpenses": 0,
        "generalAndAdministrativeExpenses": 302100000,
        "sellingAndMarketingExpenses": 0,
        "sellingGeneralAndAdministrativeExpenses": 302100000,
        "otherExpenses": 717400000,
        "operatingExpenses": 1019500000,
        "costAndExpenses": 1019500000,
        "interestIncome": 2959600000,
        "interestExpense": 1810900000,
        "depreciationAndAmortization": 70900000,
        "ebitda": 2603222000,
        "ebitdaratio": 1.7207971973,
        "operatingIncome": 2532300000,
        "operatingIncomeRatio": 1.6739159175,
        "totalOtherIncomeExpensesNet": -1810900000,
        "incomeBeforeTax": 721400000,
        "incomeBeforeTaxRatio": 0.4768640931,
        "incomeTaxExpense": 268700000,
        "netIncome": 452700000,
        "netIncomeRatio": 0.2992464305,
        "eps": 8.32,
        "epsdiluted": 8.32,
        "weightedAverageShsOut": 72512000,
        "weightedAverageShsOutDil": 72512000,
        "link": "https://www.sec.gov/Archives/edgar/data/933136/000089102099001419/0000891020-99-001419-index.html",
        "finalLink": "https://www.sec.gov/Archives/edgar/data/933136/000089102099001419/"
    },
    {
        "date": "1999-03-31",
        "symbol": "COOP",
        "reportedCurrency": "USD",
        "cik": "0000933136",
        "fillingDate": "1999-05-14",
        "acceptedDate": "1999-05-14 00:00:00",
        "calendarYear": "1999",
        "period": "Q1",
        "revenue": 1479300000,
        "costOfRevenue": 0,
        "grossProfit": 1479300000,
        "grossProfitRatio": 1,
        "researchAndDevelopmentExpenses": 0,
        "generalAndAdministrativeExpenses": 301600000,
        "sellingAndMarketingExpenses": 0,
        "sellingGeneralAndAdministrativeExpenses": 301600000,
        "otherExpenses": 653800000,
        "operatingExpenses": 955400000,
        "costAndExpenses": 955400000,
        "interestIncome": 2854100000,
        "interestExpense": 1726900000,
        "depreciationAndAmortization": 89100000,
        "ebitda": 2523800000,
        "ebitdaratio": 1.7060771987,
        "operatingIncome": 2434700000,
        "operatingIncomeRatio": 1.6458460082,
        "totalOtherIncomeExpensesNet": -1726900000,
        "incomeBeforeTax": 707800000,
        "incomeBeforeTaxRatio": 0.4784695464,
        "incomeTaxExpense": 263700000,
        "netIncome": 444100000,
        "netIncomeRatio": 0.3002095586,
        "eps": 11.96,
        "epsdiluted": 11.96,
        "weightedAverageShsOut": 49499000,
        "weightedAverageShsOutDil": 49499000,
        "link": "https://www.sec.gov/Archives/edgar/data/933136/000089102099000861/0000891020-99-000861-index.html",
        "finalLink": "https://www.sec.gov/Archives/edgar/data/933136/"
    },
    {
        "date": "1998-12-31",
        "symbol": "COOP",
        "reportedCurrency": "USD",
        "cik": "0000933136",
        "fillingDate": "1999-03-22",
        "acceptedDate": "1999-03-22 00:00:00",
        "calendarYear": "1998",
        "period": "Q4",
        "revenue": 2970000000,
        "costOfRevenue": 0,
        "grossProfit": 2970000000,
        "grossProfitRatio": 1,
        "researchAndDevelopmentExpenses": 0,
        "generalAndAdministrativeExpenses": 590300000,
        "sellingAndMarketingExpenses": 0,
        "sellingGeneralAndAdministrativeExpenses": 590300000,
        "otherExpenses": 970700000,
        "operatingExpenses": 1561000000,
        "costAndExpenses": 1561000000,
        "interestIncome": 5582300000,
        "interestExpense": 3446100000,
        "depreciationAndAmortization": 224200000,
        "ebitda": 4755200000,
        "ebitdaratio": 1.6010774411,
        "operatingIncome": 4531000000,
        "operatingIncomeRatio": 1.5255892256,
        "totalOtherIncomeExpensesNet": -3446100000,
        "incomeBeforeTax": 1084900000,
        "incomeBeforeTaxRatio": 0.3652861953,
        "incomeTaxExpense": 390000000,
        "netIncome": 694900000,
        "netIncomeRatio": 0.233973064,
        "eps": 18.72,
        "epsdiluted": 18.72,
        "weightedAverageShsOut": 37124000,
        "weightedAverageShsOutDil": 37124000,
        "link": "https://www.sec.gov/Archives/edgar/data/933136/000089102099000501/0000891020-99-000501-index.html",
        "finalLink": "https://www.sec.gov/Archives/edgar/data/933136/"
    },
    {
        "date": "1998-09-30",
        "symbol": "COOP",
        "reportedCurrency": "USD",
        "cik": "0000933136",
        "fillingDate": "1998-11-16",
        "acceptedDate": "1998-11-16 00:00:00",
        "calendarYear": "1998",
        "period": "Q3",
        "revenue": 962800000,
        "costOfRevenue": 0,
        "grossProfit": 962800000,
        "grossProfitRatio": 1,
        "researchAndDevelopmentExpenses": 0,
        "generalAndAdministrativeExpenses": 205400000,
        "sellingAndMarketingExpenses": 0,
        "sellingGeneralAndAdministrativeExpenses": 205400000,
        "otherExpenses": 465700000,
        "operatingExpenses": 671100000,
        "costAndExpenses": 671100000,
        "interestIncome": 2814300000,
        "interestExpense": 1195700000,
        "depreciationAndAmortization": 42500000,
        "ebitda": 2703400000,
        "ebitdaratio": 2.807852098,
        "operatingIncome": 1633900000,
        "operatingIncomeRatio": 1.6970294973,
        "totalOtherIncomeExpensesNet": -1195700000,
        "incomeBeforeTax": 910000000,
        "incomeBeforeTaxRatio": 0.9451599501,
        "incomeTaxExpense": 163900000,
        "netIncome": 560500000,
        "netIncomeRatio": 0.5821562111,
        "eps": 7.84,
        "epsdiluted": 7.68,
        "weightedAverageShsOut": 71456000,
        "weightedAverageShsOutDil": 72945000,
        "link": "https://www.sec.gov/Archives/edgar/data/933136/000089102098001661/0000891020-98-001661-index.html",
        "finalLink": "https://www.sec.gov/Archives/edgar/data/933136/"
    },
    {
        "date": "1998-06-30",
        "symbol": "COOP",
        "reportedCurrency": "USD",
        "cik": "0000933136",
        "fillingDate": "1998-08-14",
        "acceptedDate": "1998-08-14 00:00:00",
        "calendarYear": "1998",
        "period": "Q2",
        "revenue": 1419100000,
        "costOfRevenue": 0,
        "grossProfit": 976300000,
        "grossProfitRatio": 0.6879712494,
        "researchAndDevelopmentExpenses": 0,
        "generalAndAdministrativeExpenses": 205600000,
        "sellingAndMarketingExpenses": 0,
        "sellingGeneralAndAdministrativeExpenses": 205600000,
        "otherExpenses": 415900000,
        "operatingExpenses": 621500000,
        "costAndExpenses": 621500000,
        "interestIncome": 2842600000,
        "interestExpense": 1174300000,
        "depreciationAndAmortization": 91100000,
        "ebitda": 2491000000,
        "ebitdaratio": 1.7553378902,
        "operatingIncome": 1597800000,
        "operatingIncomeRatio": 1.125924882,
        "totalOtherIncomeExpensesNet": -1174300000,
        "incomeBeforeTax": 647000000,
        "incomeBeforeTaxRatio": 0.455922768,
        "incomeTaxExpense": 162200000,
        "netIncome": 398600000,
        "netIncomeRatio": 0.2808822493,
        "eps": 5.52,
        "epsdiluted": 5.52,
        "weightedAverageShsOut": 54130000,
        "weightedAverageShsOutDil": 54130000,
        "link": "https://www.sec.gov/Archives/edgar/data/933136/000089102098001324/0000891020-98-001324-index.html",
        "finalLink": "https://www.sec.gov/Archives/edgar/data/933136/"
    },
    {
        "date": "1998-03-31",
        "symbol": "COOP",
        "reportedCurrency": "USD",
        "cik": "0000933136",
        "fillingDate": "1998-05-15",
        "acceptedDate": "1998-05-15 00:00:00",
        "calendarYear": "1998",
        "period": "Q1",
        "revenue": 1324700000,
        "costOfRevenue": 0,
        "grossProfit": 910900000,
        "grossProfitRatio": 0.6876273873,
        "researchAndDevelopmentExpenses": 0,
        "generalAndAdministrativeExpenses": 189400000,
        "sellingAndMarketingExpenses": 0,
        "sellingGeneralAndAdministrativeExpenses": 189400000,
        "otherExpenses": 432700000,
        "operatingExpenses": 622100000,
        "costAndExpenses": 622100000,
        "interestIncome": 2727200000,
        "interestExpense": 1113800000,
        "depreciationAndAmortization": 61900000,
        "ebitda": 2328800000,
        "ebitdaratio": 1.7579829395,
        "operatingIncome": 1533000000,
        "operatingIncomeRatio": 1.1572431494,
        "totalOtherIncomeExpensesNet": -1113800000,
        "incomeBeforeTax": 600000000,
        "incomeBeforeTaxRatio": 0.4529327395,
        "incomeTaxExpense": 162700000,
        "netIncome": 370800000,
        "netIncomeRatio": 0.279912433,
        "eps": 15.92,
        "epsdiluted": 15.92,
        "weightedAverageShsOut": 21482000,
        "weightedAverageShsOutDil": 21482000,
        "link": "https://www.sec.gov/Archives/edgar/data/933136/000089102098000839/0000891020-98-000839-index.html",
        "finalLink": "https://www.sec.gov/Archives/edgar/data/933136/"
    },
    {
        "date": "1997-12-31",
        "symbol": "COOP",
        "reportedCurrency": "USD",
        "cik": "0000933136",
        "fillingDate": "1998-03-18",
        "acceptedDate": "1998-03-18 00:00:00",
        "calendarYear": "1997",
        "period": "Q4",
        "revenue": 913800000,
        "costOfRevenue": 0,
        "grossProfit": 913800000,
        "grossProfitRatio": 1,
        "researchAndDevelopmentExpenses": 0,
        "generalAndAdministrativeExpenses": 205500000,
        "sellingAndMarketingExpenses": 0,
        "sellingGeneralAndAdministrativeExpenses": 205500000,
        "otherExpenses": 268000000,
        "operatingExpenses": 473500000,
        "costAndExpenses": 473500000,
        "interestIncome": 1796700000,
        "interestExpense": 1108800000,
        "depreciationAndAmortization": 89100000,
        "ebitda": 1592100000,
        "ebitdaratio": 1.7422849639,
        "operatingIncome": 1387300000,
        "operatingIncomeRatio": 1.5181659006,
        "totalOtherIncomeExpensesNet": -993100000,
        "incomeBeforeTax": 394200000,
        "incomeBeforeTaxRatio": 0.4313854235,
        "incomeTaxExpense": 156300000,
        "netIncome": 237900000,
        "netIncomeRatio": 0.2603414314,
        "eps": 7.07,
        "epsdiluted": 7.07,
        "weightedAverageShsOut": 33629000,
        "weightedAverageShsOutDil": 34731000,
        "link": "https://www.sec.gov/Archives/edgar/data/933136/000089102098000348/0000891020-98-000348-index.html",
        "finalLink": "https://www.sec.gov/Archives/edgar/data/933136/"
    },
    {
        "date": "1997-09-30",
        "symbol": "COOP",
        "reportedCurrency": "USD",
        "cik": "0000933136",
        "fillingDate": "1997-11-14",
        "acceptedDate": "1997-11-14 00:00:00",
        "calendarYear": "1997",
        "period": "Q3",
        "revenue": 766800000,
        "costOfRevenue": 0,
        "grossProfit": 766800000,
        "grossProfitRatio": 1,
        "researchAndDevelopmentExpenses": 0,
        "generalAndAdministrativeExpenses": 204300000,
        "sellingAndMarketingExpenses": 0,
        "sellingGeneralAndAdministrativeExpenses": 204300000,
        "otherExpenses": 52500000,
        "operatingExpenses": 256800000,
        "costAndExpenses": 256800000,
        "interestIncome": 1728600000,
        "interestExpense": 1072900000,
        "depreciationAndAmortization": 47500000,
        "ebitda": 1009000000,
        "ebitdaratio": 1.3158581116,
        "operatingIncome": 1023600000,
        "operatingIncomeRatio": 1.3348982786,
        "totalOtherIncomeExpensesNet": -1135000000,
        "incomeBeforeTax": -111400000,
        "incomeBeforeTaxRatio": -0.1452790819,
        "incomeTaxExpense": 15600000,
        "netIncome": -127000000,
        "netIncomeRatio": -0.1656233698,
        "eps": -2.88,
        "epsdiluted": -2.88,
        "weightedAverageShsOut": 46123000,
        "weightedAverageShsOutDil": 46123000,
        "link": "https://www.sec.gov/Archives/edgar/data/933136/000089102097001492/0000891020-97-001492-index.html",
        "finalLink": "https://www.sec.gov/Archives/edgar/data/933136/"
    },
    {
        "date": "1997-06-30",
        "symbol": "COOP",
        "reportedCurrency": "USD",
        "cik": "0000933136",
        "fillingDate": "1997-08-14",
        "acceptedDate": "1997-08-14 00:00:00",
        "calendarYear": "1997",
        "period": "Q2",
        "revenue": 841500000,
        "costOfRevenue": 0,
        "grossProfit": 400600000,
        "grossProfitRatio": 0.4760546643,
        "researchAndDevelopmentExpenses": 0,
        "generalAndAdministrativeExpenses": 88700000,
        "sellingAndMarketingExpenses": 108400000,
        "sellingGeneralAndAdministrativeExpenses": 197100000,
        "otherExpenses": 243800000,
        "operatingExpenses": 332500000,
        "costAndExpenses": 332500000,
        "interestIncome": 1670400000,
        "interestExpense": 550400000,
        "depreciationAndAmortization": 76800000,
        "ebitda": 1408900000,
        "ebitdaratio": 1.6742721331,
        "operatingIncome": 733100000,
        "operatingIncomeRatio": 0.8711824124,
        "totalOtherIncomeExpensesNet": -544600000,
        "incomeBeforeTax": 315100000,
        "incomeBeforeTaxRatio": 0.3744503862,
        "incomeTaxExpense": 69700000,
        "netIncome": 191100000,
        "netIncomeRatio": 0.2270944742,
        "eps": 4.08,
        "epsdiluted": 4,
        "weightedAverageShsOut": 45369000,
        "weightedAverageShsOutDil": 46277000,
        "link": "https://www.sec.gov/Archives/edgar/data/933136/000089102097001163/0000891020-97-001163-index.html",
        "finalLink": "https://www.sec.gov/Archives/edgar/data/933136/"
    },
    {
        "date": "1997-03-31",
        "symbol": "COOP",
        "reportedCurrency": "USD",
        "cik": "0000933136",
        "fillingDate": "1997-05-15",
        "acceptedDate": "1997-05-15 00:00:00",
        "calendarYear": "1997",
        "period": "Q1",
        "revenue": 392400000,
        "costOfRevenue": 0,
        "grossProfit": 392400000,
        "grossProfitRatio": 1,
        "researchAndDevelopmentExpenses": 0,
        "generalAndAdministrativeExpenses": 86800000,
        "sellingAndMarketingExpenses": 0,
        "sellingGeneralAndAdministrativeExpenses": 86800000,
        "otherExpenses": 208800000,
        "operatingExpenses": 295600000,
        "costAndExpenses": 295600000,
        "interestIncome": 826800000,
        "interestExpense": 509800000,
        "depreciationAndAmortization": 8900000,
        "ebitda": 702900000,
        "ebitdaratio": 1.7912844037,
        "operatingIncome": 688000000,
        "operatingIncomeRatio": 1.753312946,
        "totalOtherIncomeExpensesNet": -503800000,
        "incomeBeforeTax": 184200000,
        "incomeBeforeTaxRatio": 0.4694189602,
        "incomeTaxExpense": 70100000,
        "netIncome": 114100000,
        "netIncomeRatio": 0.2907747197,
        "eps": 4.92,
        "epsdiluted": 4.92,
        "weightedAverageShsOut": 16897000,
        "weightedAverageShsOutDil": 16899000,
        "link": "https://www.sec.gov/Archives/edgar/data/933136/000089102097000894/0000891020-97-000894-index.html",
        "finalLink": "https://www.sec.gov/Archives/edgar/data/933136/"
    },
    {
        "date": "1996-12-31",
        "symbol": "COOP",
        "reportedCurrency": "USD",
        "cik": "0000933136",
        "fillingDate": "1997-03-10",
        "acceptedDate": "1997-03-10 00:00:00",
        "calendarYear": "1996",
        "period": "Q4",
        "revenue": 805500000,
        "costOfRevenue": 0,
        "grossProfit": 805500000,
        "grossProfitRatio": 1,
        "researchAndDevelopmentExpenses": 0,
        "generalAndAdministrativeExpenses": 180000000,
        "sellingAndMarketingExpenses": 0,
        "sellingGeneralAndAdministrativeExpenses": 180000000,
        "otherExpenses": 176300000,
        "operatingExpenses": 356300000,
        "costAndExpenses": 356300000,
        "interestIncome": 1890900000,
        "interestExpense": 1228400000,
        "depreciationAndAmortization": 52100000,
        "ebitda": 1233700000,
        "ebitdaratio": 1.5315952824,
        "operatingIncome": 1161800000,
        "operatingIncomeRatio": 1.4423339541,
        "totalOtherIncomeExpensesNet": -1208600000,
        "incomeBeforeTax": -46800000,
        "incomeBeforeTaxRatio": -0.0581005587,
        "incomeTaxExpense": 0,
        "netIncome": -46800000,
        "netIncomeRatio": -0.0581005587,
        "eps": -4.63,
        "epsdiluted": -4.3,
        "weightedAverageShsOut": 10118000,
        "weightedAverageShsOutDil": 10880000,
        "link": "https://www.sec.gov/Archives/edgar/data/933136/000089102097000305/0000891020-97-000305-index.html",
        "finalLink": "https://www.sec.gov/Archives/edgar/data/933136/"
    },
    {
        "date": "1996-09-30",
        "symbol": "COOP",
        "reportedCurrency": "USD",
        "cik": "0000933136",
        "fillingDate": "1996-11-14",
        "acceptedDate": "1996-11-14 00:00:00",
        "calendarYear": "1996",
        "period": "Q3",
        "revenue": 222200000,
        "costOfRevenue": 0,
        "grossProfit": 222200000,
        "grossProfitRatio": 1,
        "researchAndDevelopmentExpenses": 0,
        "generalAndAdministrativeExpenses": 52600000,
        "sellingAndMarketingExpenses": 0,
        "sellingGeneralAndAdministrativeExpenses": 52600000,
        "otherExpenses": 32300000,
        "operatingExpenses": 84900000,
        "costAndExpenses": 84900000,
        "interestIncome": 424100000,
        "interestExpense": 244700000,
        "depreciationAndAmortization": -4400000,
        "ebitda": 309400000,
        "ebitdaratio": 1.3924392439,
        "operatingIncome": 307100000,
        "operatingIncomeRatio": 1.3820882088,
        "totalOtherIncomeExpensesNet": -242400000,
        "incomeBeforeTax": 64700000,
        "incomeBeforeTaxRatio": 0.2911791179,
        "incomeTaxExpense": 24500000,
        "netIncome": 40200000,
        "netIncomeRatio": 0.1809180918,
        "eps": 3.97,
        "epsdiluted": 3.97,
        "weightedAverageShsOut": 10131000,
        "weightedAverageShsOutDil": 10892000,
        "link": "https://www.sec.gov/Archives/edgar/data/933136/000092708796000073/0000927087-96-000073-index.html",
        "finalLink": "https://www.sec.gov/Archives/edgar/data/933136/"
    },
    {
        "date": "1996-06-30",
        "symbol": "COOP",
        "reportedCurrency": "USD",
        "cik": "0000933136",
        "fillingDate": "1996-08-14",
        "acceptedDate": "1996-08-14 00:00:00",
        "calendarYear": "1996",
        "period": "Q2",
        "revenue": 214900000,
        "costOfRevenue": 0,
        "grossProfit": 214900000,
        "grossProfitRatio": 1,
        "researchAndDevelopmentExpenses": 0,
        "generalAndAdministrativeExpenses": 52600000,
        "sellingAndMarketingExpenses": 0,
        "sellingGeneralAndAdministrativeExpenses": 52600000,
        "otherExpenses": 71300000,
        "operatingExpenses": 123900000,
        "costAndExpenses": 123900000,
        "interestIncome": 418800000,
        "interestExpense": 240700000,
        "depreciationAndAmortization": 16100000,
        "ebitda": 641400000,
        "ebitdaratio": 2.9846440205,
        "operatingIncome": 338800000,
        "operatingIncomeRatio": 1.5765472313,
        "totalOtherIncomeExpensesNet": -241500000,
        "incomeBeforeTax": 97300000,
        "incomeBeforeTaxRatio": 0.4527687296,
        "incomeTaxExpense": 35900000,
        "netIncome": 61400000,
        "netIncomeRatio": 0.2857142857,
        "eps": 6.08,
        "epsdiluted": 4.4,
        "weightedAverageShsOut": 10103000,
        "weightedAverageShsOutDil": 14486000,
        "link": "https://www.sec.gov/Archives/edgar/data/933136/000089102096000962/0000891020-96-000962-index.html",
        "finalLink": "https://www.sec.gov/Archives/edgar/data/933136/"
    },
    {
        "date": "1996-03-31",
        "symbol": "COOP",
        "reportedCurrency": "USD",
        "cik": "0000933136",
        "fillingDate": "1996-05-15",
        "acceptedDate": "1996-05-15 00:00:00",
        "calendarYear": "1996",
        "period": "Q1",
        "revenue": 344000000,
        "costOfRevenue": 0,
        "grossProfit": 207700000,
        "grossProfitRatio": 0.6037790698,
        "researchAndDevelopmentExpenses": 0,
        "generalAndAdministrativeExpenses": 50800000,
        "sellingAndMarketingExpenses": 0,
        "sellingGeneralAndAdministrativeExpenses": 50800000,
        "otherExpenses": 76000000,
        "operatingExpenses": 126800000,
        "costAndExpenses": 126800000,
        "interestIncome": 415400000,
        "interestExpense": 244400000,
        "depreciationAndAmortization": 21900000,
        "ebitda": 638000000,
        "ebitdaratio": 1.8546511628,
        "operatingIncome": 334500000,
        "operatingIncomeRatio": 0.9723837209,
        "totalOtherIncomeExpensesNet": -239800000,
        "incomeBeforeTax": 94700000,
        "incomeBeforeTaxRatio": 0.2752906977,
        "incomeTaxExpense": 35200000,
        "netIncome": 59500000,
        "netIncomeRatio": 0.1729651163,
        "eps": 5.88,
        "epsdiluted": 5.88,
        "weightedAverageShsOut": 10116000,
        "weightedAverageShsOutDil": 10116000,
        "link": "https://www.sec.gov/Archives/edgar/data/933136/000089102096000504/0000891020-96-000504-index.html",
        "finalLink": "https://www.sec.gov/Archives/edgar/data/933136/"
    },
    {
        "date": "1995-12-31",
        "symbol": "COOP",
        "reportedCurrency": "USD",
        "cik": "0000933136",
        "fillingDate": "1995-12-31",
        "acceptedDate": "1995-12-30 19:00:00",
        "calendarYear": "1995",
        "period": "Q4",
        "revenue": 179900000,
        "costOfRevenue": 0,
        "grossProfit": 179900000,
        "grossProfitRatio": 1,
        "researchAndDevelopmentExpenses": 0,
        "generalAndAdministrativeExpenses": 47700000,
        "sellingAndMarketingExpenses": 0,
        "sellingGeneralAndAdministrativeExpenses": 47700000,
        "otherExpenses": 105500000,
        "operatingExpenses": 153200000,
        "costAndExpenses": 153200000,
        "interestIncome": 400000000,
        "interestExpense": 247800000,
        "depreciationAndAmortization": 2400000,
        "ebitda": 333200000,
        "ebitdaratio": 1.8521400778,
        "operatingIncome": 333100000,
        "operatingIncomeRatio": 1.8515842135,
        "totalOtherIncomeExpensesNet": -250100000,
        "incomeBeforeTax": 83000000,
        "incomeBeforeTaxRatio": 0.4613674263,
        "incomeTaxExpense": 29400000,
        "netIncome": 53600000,
        "netIncomeRatio": 0.2979433018,
        "eps": 5.39,
        "epsdiluted": 5.39,
        "weightedAverageShsOut": 9951000,
        "weightedAverageShsOutDil": 10270000,
        "link": "",
        "finalLink": ""
    },
    {
        "date": "1995-09-30",
        "symbol": "COOP",
        "reportedCurrency": "USD",
        "cik": "0000933136",
        "fillingDate": "1995-09-30",
        "acceptedDate": "1995-09-29 20:00:00",
        "calendarYear": "1995",
        "period": "Q3",
        "revenue": 172100000,
        "costOfRevenue": 0,
        "grossProfit": 172100000,
        "grossProfitRatio": 1,
        "researchAndDevelopmentExpenses": 0,
        "generalAndAdministrativeExpenses": 42600000,
        "sellingAndMarketingExpenses": 0,
        "sellingGeneralAndAdministrativeExpenses": 42600000,
        "otherExpenses": 104600000,
        "operatingExpenses": 147200000,
        "costAndExpenses": 147200000,
        "interestIncome": 390100000,
        "interestExpense": 243700000,
        "depreciationAndAmortization": 14100000,
        "ebitda": 332800000,
        "ebitdaratio": 1.9337594422,
        "operatingIncome": 319300000,
        "operatingIncomeRatio": 1.8553166764,
        "totalOtherIncomeExpensesNet": -244300000,
        "incomeBeforeTax": 75000000,
        "incomeBeforeTaxRatio": 0.4357931435,
        "incomeTaxExpense": 26200000,
        "netIncome": 48800000,
        "netIncomeRatio": 0.2835560721,
        "eps": 4.8,
        "epsdiluted": 4.8,
        "weightedAverageShsOut": 10162000,
        "weightedAverageShsOutDil": 10392000,
        "link": "",
        "finalLink": ""
    },
    {
        "date": "1995-06-30",
        "symbol": "COOP",
        "reportedCurrency": "USD",
        "cik": "0000933136",
        "fillingDate": "1995-06-30",
        "acceptedDate": "1995-06-29 20:00:00",
        "calendarYear": "1995",
        "period": "Q2",
        "revenue": 166300000,
        "costOfRevenue": 0,
        "grossProfit": 166300000,
        "grossProfitRatio": 1,
        "researchAndDevelopmentExpenses": 0,
        "generalAndAdministrativeExpenses": 41200000,
        "sellingAndMarketingExpenses": 0,
        "sellingGeneralAndAdministrativeExpenses": 41200000,
        "otherExpenses": 92900000,
        "operatingExpenses": 134100000,
        "costAndExpenses": 134100000,
        "interestIncome": 375200000,
        "interestExpense": 235700000,
        "depreciationAndAmortization": 4400000,
        "ebitda": 305700000,
        "ebitdaratio": 1.8382441371,
        "operatingIncome": 300400000,
        "operatingIncomeRatio": 1.8063740229,
        "totalOtherIncomeExpensesNet": -234800000,
        "incomeBeforeTax": 65600000,
        "incomeBeforeTaxRatio": 0.3944678292,
        "incomeTaxExpense": 20400000,
        "netIncome": 45200000,
        "netIncomeRatio": 0.2717979555,
        "eps": 4.59,
        "epsdiluted": 4.59,
        "weightedAverageShsOut": 9850000,
        "weightedAverageShsOutDil": 10330000,
        "link": "",
        "finalLink": ""
    },
    {
        "date": "1995-03-31",
        "symbol": "COOP",
        "reportedCurrency": "USD",
        "cik": "0000933136",
        "fillingDate": "1995-03-31",
        "acceptedDate": "1995-03-30 19:00:00",
        "calendarYear": "1995",
        "period": "Q1",
        "revenue": 165900000,
        "costOfRevenue": 0,
        "grossProfit": 165900000,
        "grossProfitRatio": 1,
        "researchAndDevelopmentExpenses": 0,
        "generalAndAdministrativeExpenses": 40800000,
        "sellingAndMarketingExpenses": 0,
        "sellingGeneralAndAdministrativeExpenses": 40800000,
        "otherExpenses": 75800000,
        "operatingExpenses": 116600000,
        "costAndExpenses": 116600000,
        "interestIncome": 353400000,
        "interestExpense": 213900000,
        "depreciationAndAmortization": 4000000,
        "ebitda": 286300000,
        "ebitdaratio": 1.7257383966,
        "operatingIncome": 282500000,
        "operatingIncomeRatio": 1.7028330319,
        "totalOtherIncomeExpensesNet": -214100000,
        "incomeBeforeTax": 68400000,
        "incomeBeforeTaxRatio": 0.4122965642,
        "incomeTaxExpense": 25400000,
        "netIncome": 43000000,
        "netIncomeRatio": 0.2591922845,
        "eps": 4.38,
        "epsdiluted": 4.38,
        "weightedAverageShsOut": 9827000,
        "weightedAverageShsOutDil": 10073000,
        "link": "",
        "finalLink": ""
    },
    {
        "date": "1994-12-31",
        "symbol": "COOP",
        "reportedCurrency": "USD",
        "cik": "0000933136",
        "fillingDate": "1994-12-31",
        "acceptedDate": "1994-12-30 19:00:00",
        "calendarYear": "1994",
        "period": "Q4",
        "revenue": 168300000,
        "costOfRevenue": 0,
        "grossProfit": 168300000,
        "grossProfitRatio": 1,
        "researchAndDevelopmentExpenses": 0,
        "generalAndAdministrativeExpenses": 42200000,
        "sellingAndMarketingExpenses": 0,
        "sellingGeneralAndAdministrativeExpenses": 42200000,
        "otherExpenses": 52900000,
        "operatingExpenses": 95100000,
        "costAndExpenses": 95100000,
        "interestIncome": 335400000,
        "interestExpense": 193000000,
        "depreciationAndAmortization": 5400000,
        "ebitda": 268600000,
        "ebitdaratio": 1.595959596,
        "operatingIncome": 263400000,
        "operatingIncomeRatio": 1.5650623886,
        "totalOtherIncomeExpensesNet": -193200000,
        "incomeBeforeTax": 70200000,
        "incomeBeforeTaxRatio": 0.4171122995,
        "incomeTaxExpense": 25700000,
        "netIncome": 44500000,
        "netIncomeRatio": 0.2644087938,
        "eps": 4.68,
        "epsdiluted": 4.68,
        "weightedAverageShsOut": 9504000,
        "weightedAverageShsOutDil": 9816000,
        "link": "",
        "finalLink": ""
    },
    {
        "date": "1994-09-30",
        "symbol": "COOP",
        "reportedCurrency": "USD",
        "cik": "0000933136",
        "fillingDate": "1994-09-30",
        "acceptedDate": "1994-09-29 20:00:00",
        "calendarYear": "1994",
        "period": "Q3",
        "revenue": 169300000,
        "costOfRevenue": 0,
        "grossProfit": 169300000,
        "grossProfitRatio": 1,
        "researchAndDevelopmentExpenses": 0,
        "generalAndAdministrativeExpenses": 42600000,
        "sellingAndMarketingExpenses": 0,
        "sellingGeneralAndAdministrativeExpenses": 42600000,
        "otherExpenses": 23500000,
        "operatingExpenses": 66100000,
        "costAndExpenses": 66100000,
        "interestIncome": 308400000,
        "interestExpense": 164900000,
        "depreciationAndAmortization": 18900000,
        "ebitda": 254400000,
        "ebitdaratio": 1.5026580035,
        "operatingIncome": 235400000,
        "operatingIncomeRatio": 1.3904311872,
        "totalOtherIncomeExpensesNet": -164800000,
        "incomeBeforeTax": 70600000,
        "incomeBeforeTaxRatio": 0.4170112227,
        "incomeTaxExpense": 26500000,
        "netIncome": 44100000,
        "netIncomeRatio": 0.2604843473,
        "eps": 4.59,
        "epsdiluted": 4.59,
        "weightedAverageShsOut": 9610000,
        "weightedAverageShsOutDil": 9839000,
        "link": "",
        "finalLink": ""
    },
    {
        "date": "1994-06-30",
        "symbol": "COOP",
        "reportedCurrency": "USD",
        "cik": "0000933136",
        "fillingDate": "1994-06-30",
        "acceptedDate": "1994-06-29 20:00:00",
        "calendarYear": "1994",
        "period": "Q2",
        "revenue": 169400000,
        "costOfRevenue": 0,
        "grossProfit": 169400000,
        "grossProfitRatio": 1,
        "researchAndDevelopmentExpenses": 0,
        "generalAndAdministrativeExpenses": 43500000,
        "sellingAndMarketingExpenses": 0,
        "sellingGeneralAndAdministrativeExpenses": 43500000,
        "otherExpenses": 3100000,
        "operatingExpenses": 46600000,
        "costAndExpenses": 46600000,
        "interestIncome": 287800000,
        "interestExpense": 146100000,
        "depreciationAndAmortization": -2300000,
        "ebitda": 213700000,
        "ebitdaratio": 1.2615112161,
        "operatingIncome": 216000000,
        "operatingIncomeRatio": 1.2750885478,
        "totalOtherIncomeExpensesNet": -148400000,
        "incomeBeforeTax": 67600000,
        "incomeBeforeTaxRatio": 0.39905549,
        "incomeTaxExpense": 25500000,
        "netIncome": 42100000,
        "netIncomeRatio": 0.2485242031,
        "eps": 4.38,
        "epsdiluted": 4.38,
        "weightedAverageShsOut": 9622000,
        "weightedAverageShsOutDil": 9862000,
        "link": "",
        "finalLink": ""
    },
    {
        "date": "1994-03-31",
        "symbol": "COOP",
        "reportedCurrency": "USD",
        "cik": "0000933136",
        "fillingDate": "1994-03-31",
        "acceptedDate": "1994-03-30 19:00:00",
        "calendarYear": "1994",
        "period": "Q1",
        "revenue": 171800000,
        "costOfRevenue": 0,
        "grossProfit": 171800000,
        "grossProfitRatio": 1,
        "researchAndDevelopmentExpenses": 0,
        "generalAndAdministrativeExpenses": 45300000,
        "sellingAndMarketingExpenses": 0,
        "sellingGeneralAndAdministrativeExpenses": 45300000,
        "otherExpenses": -18100000,
        "operatingExpenses": 27200000,
        "costAndExpenses": 27200000,
        "interestIncome": 276200000,
        "interestExpense": 132700000,
        "depreciationAndAmortization": 12900000,
        "ebitda": 211900000,
        "ebitdaratio": 1.233410943,
        "operatingIncome": 199000000,
        "operatingIncomeRatio": 1.1583236321,
        "totalOtherIncomeExpensesNet": -132700000,
        "incomeBeforeTax": 66300000,
        "incomeBeforeTaxRatio": 0.3859138533,
        "incomeTaxExpense": 24600000,
        "netIncome": 41700000,
        "netIncomeRatio": 0.2427240978,
        "eps": 4.38,
        "epsdiluted": 4.38,
        "weightedAverageShsOut": 9530000,
        "weightedAverageShsOutDil": 9769000,
        "link": "",
        "finalLink": ""
    },
    {
        "date": "1993-12-31",
        "symbol": "COOP",
        "reportedCurrency": "USD",
        "cik": "0000933136",
        "fillingDate": "1993-12-31",
        "acceptedDate": "1993-12-30 19:00:00",
        "calendarYear": "1993",
        "period": "Q4",
        "revenue": 183300000,
        "costOfRevenue": 0,
        "grossProfit": 183300000,
        "grossProfitRatio": 1,
        "researchAndDevelopmentExpenses": 0,
        "generalAndAdministrativeExpenses": 44900000,
        "sellingAndMarketingExpenses": 0,
        "sellingGeneralAndAdministrativeExpenses": 44900000,
        "otherExpenses": -18900000,
        "operatingExpenses": 26000000,
        "costAndExpenses": 26000000,
        "interestIncome": 280600000,
        "interestExpense": 134100000,
        "depreciationAndAmortization": 12200000,
        "ebitda": 221500000,
        "ebitdaratio": 1.2084015276,
        "operatingIncome": 209300000,
        "operatingIncomeRatio": 1.1418439716,
        "totalOtherIncomeExpensesNet": -134100000,
        "incomeBeforeTax": 75200000,
        "incomeBeforeTaxRatio": 0.4102564103,
        "incomeTaxExpense": 26600000,
        "netIncome": 48600000,
        "netIncomeRatio": 0.2651391162,
        "eps": 5.46,
        "epsdiluted": 5.46,
        "weightedAverageShsOut": 8902000,
        "weightedAverageShsOutDil": 9377000,
        "link": "",
        "finalLink": ""
    },
    {
        "date": "1993-09-30",
        "symbol": "COOP",
        "reportedCurrency": "USD",
        "cik": "0000933136",
        "fillingDate": "1993-09-30",
        "acceptedDate": "1993-09-29 20:00:00",
        "calendarYear": "1993",
        "period": "Q3",
        "revenue": 172500000,
        "costOfRevenue": 0,
        "grossProfit": 172500000,
        "grossProfitRatio": 1,
        "researchAndDevelopmentExpenses": 0,
        "generalAndAdministrativeExpenses": 44600000,
        "sellingAndMarketingExpenses": 0,
        "sellingGeneralAndAdministrativeExpenses": 44600000,
        "otherExpenses": -12900000,
        "operatingExpenses": 31700000,
        "costAndExpenses": 31700000,
        "interestIncome": 273000000,
        "interestExpense": 132100000,
        "depreciationAndAmortization": 2200000,
        "ebitda": 206400000,
        "ebitdaratio": 1.1965217391,
        "operatingIncome": 204200000,
        "operatingIncomeRatio": 1.1837681159,
        "totalOtherIncomeExpensesNet": -132100000,
        "incomeBeforeTax": 72100000,
        "incomeBeforeTaxRatio": 0.4179710145,
        "incomeTaxExpense": 25200000,
        "netIncome": 46900000,
        "netIncomeRatio": 0.271884058,
        "eps": 5.12,
        "epsdiluted": 5.12,
        "weightedAverageShsOut": 12207000,
        "weightedAverageShsOutDil": 9350000,
        "link": "",
        "finalLink": ""
    },
    {
        "date": "1993-06-30",
        "symbol": "COOP",
        "reportedCurrency": "USD",
        "cik": "0000933136",
        "fillingDate": "1993-06-30",
        "acceptedDate": "1993-06-29 20:00:00",
        "calendarYear": "1993",
        "period": "Q2",
        "revenue": 182500000,
        "costOfRevenue": 0,
        "grossProfit": 182500000,
        "grossProfitRatio": 1,
        "researchAndDevelopmentExpenses": 0,
        "generalAndAdministrativeExpenses": 41100000,
        "sellingAndMarketingExpenses": 0,
        "sellingGeneralAndAdministrativeExpenses": 41100000,
        "otherExpenses": -13500000,
        "operatingExpenses": 27600000,
        "costAndExpenses": 27600000,
        "interestIncome": 277500000,
        "interestExpense": 137500000,
        "depreciationAndAmortization": 21500000,
        "ebitda": 231600000,
        "ebitdaratio": 1.2690410959,
        "operatingIncome": 210100000,
        "operatingIncomeRatio": 1.1512328767,
        "totalOtherIncomeExpensesNet": -137500000,
        "incomeBeforeTax": 72600000,
        "incomeBeforeTaxRatio": 0.3978082192,
        "incomeTaxExpense": 25600000,
        "netIncome": 45500000,
        "netIncomeRatio": 0.2493150685,
        "eps": 5.02,
        "epsdiluted": 5.02,
        "weightedAverageShsOut": 9071000,
        "weightedAverageShsOutDil": 9268000,
        "link": "",
        "finalLink": ""
    },
    {
        "date": "1993-03-31",
        "symbol": "COOP",
        "reportedCurrency": "USD",
        "cik": "0000933136",
        "fillingDate": "1993-03-31",
        "acceptedDate": "1993-03-30 19:00:00",
        "calendarYear": "1993",
        "period": "Q1",
        "revenue": 135100000,
        "costOfRevenue": 0,
        "grossProfit": 135100000,
        "grossProfitRatio": 1,
        "researchAndDevelopmentExpenses": 0,
        "generalAndAdministrativeExpenses": 31900000,
        "sellingAndMarketingExpenses": 0,
        "sellingGeneralAndAdministrativeExpenses": 31900000,
        "otherExpenses": -14900000,
        "operatingExpenses": 17000000,
        "costAndExpenses": 17000000,
        "interestIncome": 204900000,
        "interestExpense": 102800000,
        "depreciationAndAmortization": 600000,
        "ebitda": 152700000,
        "ebitdaratio": 1.1302738712,
        "operatingIncome": 152100000,
        "operatingIncomeRatio": 1.1258327165,
        "totalOtherIncomeExpensesNet": -102800000,
        "incomeBeforeTax": 49300000,
        "incomeBeforeTaxRatio": 0.3649148779,
        "incomeTaxExpense": 16500000,
        "netIncome": 38700000,
        "netIncomeRatio": 0.2864544782,
        "eps": 3.28,
        "epsdiluted": 3.12,
        "weightedAverageShsOut": 8845000,
        "weightedAverageShsOutDil": 9298000,
        "link": "",
        "finalLink": ""
    },
    {
        "date": "1992-12-31",
        "symbol": "COOP",
        "reportedCurrency": "USD",
        "cik": "0000933136",
        "fillingDate": "1992-12-31",
        "acceptedDate": "1992-12-30 19:00:00",
        "calendarYear": "1992",
        "period": "Q4",
        "revenue": 107800000,
        "costOfRevenue": 0,
        "grossProfit": 107800000,
        "grossProfitRatio": 1,
        "researchAndDevelopmentExpenses": 0,
        "generalAndAdministrativeExpenses": 27900000,
        "sellingAndMarketingExpenses": 0,
        "sellingGeneralAndAdministrativeExpenses": 27900000,
        "otherExpenses": 2000000,
        "operatingExpenses": 29900000,
        "costAndExpenses": 29900000,
        "interestIncome": 180400000,
        "interestExpense": 96100000,
        "depreciationAndAmortization": 15200000,
        "ebitda": 152900000,
        "ebitdaratio": 1.4183673469,
        "operatingIncome": 137700000,
        "operatingIncomeRatio": 1.2773654917,
        "totalOtherIncomeExpensesNet": -96100000,
        "incomeBeforeTax": 41600000,
        "incomeBeforeTaxRatio": 0.3858998145,
        "incomeTaxExpense": 14300000,
        "netIncome": 27300000,
        "netIncomeRatio": 0.2532467532,
        "eps": 4.15,
        "epsdiluted": 4.15,
        "weightedAverageShsOut": 6574000,
        "weightedAverageShsOutDil": 6921000,
        "link": "",
        "finalLink": ""
    },
    {
        "date": "1992-09-30",
        "symbol": "COOP",
        "reportedCurrency": "USD",
        "cik": "0000933136",
        "fillingDate": "1992-09-30",
        "acceptedDate": "1992-09-29 20:00:00",
        "calendarYear": "1992",
        "period": "Q3",
        "revenue": 96900000,
        "costOfRevenue": 0,
        "grossProfit": 96900000,
        "grossProfitRatio": 1,
        "researchAndDevelopmentExpenses": 0,
        "generalAndAdministrativeExpenses": 25900000,
        "sellingAndMarketingExpenses": 0,
        "sellingGeneralAndAdministrativeExpenses": 25900000,
        "otherExpenses": 14400000,
        "operatingExpenses": 40300000,
        "costAndExpenses": 40300000,
        "interestIncome": 176200000,
        "interestExpense": 98400000,
        "depreciationAndAmortization": 11300000,
        "ebitda": 148500000,
        "ebitdaratio": 1.5325077399,
        "operatingIncome": 137200000,
        "operatingIncomeRatio": 1.4158926729,
        "totalOtherIncomeExpensesNet": -98400000,
        "incomeBeforeTax": 38800000,
        "incomeBeforeTaxRatio": 0.4004127967,
        "incomeTaxExpense": 13200000,
        "netIncome": 25600000,
        "netIncomeRatio": 0.2641898865,
        "eps": 3.95,
        "epsdiluted": 3.95,
        "weightedAverageShsOut": 6483000,
        "weightedAverageShsOutDil": 7055000,
        "link": "",
        "finalLink": ""
    },
    {
        "date": "1992-06-30",
        "symbol": "COOP",
        "reportedCurrency": "USD",
        "cik": "0000933136",
        "fillingDate": "1992-06-30",
        "acceptedDate": "1992-06-29 20:00:00",
        "calendarYear": "1992",
        "period": "Q2",
        "revenue": 93500000,
        "costOfRevenue": 0,
        "grossProfit": 93500000,
        "grossProfitRatio": 1,
        "researchAndDevelopmentExpenses": 0,
        "generalAndAdministrativeExpenses": 25300000,
        "sellingAndMarketingExpenses": 0,
        "sellingGeneralAndAdministrativeExpenses": 25300000,
        "otherExpenses": 19800000,
        "operatingExpenses": 45100000,
        "costAndExpenses": 45100000,
        "interestIncome": 173300000,
        "interestExpense": 103000000,
        "depreciationAndAmortization": 9300000,
        "ebitda": 147900000,
        "ebitdaratio": 1.5818181818,
        "operatingIncome": 138600000,
        "operatingIncomeRatio": 1.4823529412,
        "totalOtherIncomeExpensesNet": -103000000,
        "incomeBeforeTax": 35600000,
        "incomeBeforeTaxRatio": 0.3807486631,
        "incomeTaxExpense": 12200000,
        "netIncome": 22800000,
        "netIncomeRatio": 0.2438502674,
        "eps": 3.52,
        "epsdiluted": 3.52,
        "weightedAverageShsOut": 6474000,
        "weightedAverageShsOutDil": 6892000,
        "link": "",
        "finalLink": ""
    },
    {
        "date": "1992-03-31",
        "symbol": "COOP",
        "reportedCurrency": "USD",
        "cik": "0000933136",
        "fillingDate": "1992-03-31",
        "acceptedDate": "1992-03-30 19:00:00",
        "calendarYear": "1992",
        "period": "Q1",
        "revenue": 85300000,
        "costOfRevenue": 0,
        "grossProfit": 85300000,
        "grossProfitRatio": 1,
        "researchAndDevelopmentExpenses": 0,
        "generalAndAdministrativeExpenses": 21300000,
        "sellingAndMarketingExpenses": 0,
        "sellingGeneralAndAdministrativeExpenses": 21300000,
        "otherExpenses": 29500000,
        "operatingExpenses": 50800000,
        "costAndExpenses": 50800000,
        "interestIncome": 161800000,
        "interestExpense": 99200000,
        "depreciationAndAmortization": 5300000,
        "ebitda": 141400000,
        "ebitdaratio": 1.6576787808,
        "operatingIncome": 136100000,
        "operatingIncomeRatio": 1.5955451348,
        "totalOtherIncomeExpensesNet": -99200000,
        "incomeBeforeTax": 36900000,
        "incomeBeforeTaxRatio": 0.4325908558,
        "incomeTaxExpense": 13200000,
        "netIncome": 19700000,
        "netIncomeRatio": 0.2309495897,
        "eps": 3.09,
        "epsdiluted": 2.16,
        "weightedAverageShsOut": 8487000,
        "weightedAverageShsOutDil": 6837000,
        "link": "",
        "finalLink": ""
    },
    {
        "date": "1991-12-31",
        "symbol": "COOP",
        "reportedCurrency": "USD",
        "cik": "0000933136",
        "fillingDate": "1991-12-31",
        "acceptedDate": "1991-12-30 19:00:00",
        "calendarYear": "1991",
        "period": "Q4",
        "revenue": 85300000,
        "costOfRevenue": 0,
        "grossProfit": 85300000,
        "grossProfitRatio": 1,
        "researchAndDevelopmentExpenses": 0,
        "generalAndAdministrativeExpenses": 21100000,
        "sellingAndMarketingExpenses": 0,
        "sellingGeneralAndAdministrativeExpenses": 21100000,
        "otherExpenses": 31000000,
        "operatingExpenses": 52100000,
        "costAndExpenses": 52100000,
        "interestIncome": 163800000,
        "interestExpense": 108500000,
        "depreciationAndAmortization": 7000000,
        "ebitda": 144400000,
        "ebitdaratio": 1.6928487691,
        "operatingIncome": 137400000,
        "operatingIncomeRatio": 1.6107854631,
        "totalOtherIncomeExpensesNet": -108500000,
        "incomeBeforeTax": 28900000,
        "incomeBeforeTaxRatio": 0.3388042204,
        "incomeTaxExpense": 10600000,
        "netIncome": 18300000,
        "netIncomeRatio": 0.2145369285,
        "eps": 2.9,
        "epsdiluted": 2.9,
        "weightedAverageShsOut": 6318000,
        "weightedAverageShsOutDil": 6580000,
        "link": "",
        "finalLink": ""
    },
    {
        "date": "1991-09-30",
        "symbol": "COOP",
        "reportedCurrency": "USD",
        "cik": "0000933136",
        "fillingDate": "1991-09-30",
        "acceptedDate": "1991-09-29 20:00:00",
        "calendarYear": "1991",
        "period": "Q3",
        "revenue": 79100000,
        "costOfRevenue": 0,
        "grossProfit": 79100000,
        "grossProfitRatio": 1,
        "researchAndDevelopmentExpenses": 0,
        "generalAndAdministrativeExpenses": 19500000,
        "sellingAndMarketingExpenses": 0,
        "sellingGeneralAndAdministrativeExpenses": 19500000,
        "otherExpenses": 39400000,
        "operatingExpenses": 58900000,
        "costAndExpenses": 58900000,
        "interestIncome": 164200000,
        "interestExpense": 112600000,
        "depreciationAndAmortization": -1200000,
        "ebitda": 136800000,
        "ebitdaratio": 1.7294563843,
        "operatingIncome": 138000000,
        "operatingIncomeRatio": 1.7446270544,
        "totalOtherIncomeExpensesNet": -113800000,
        "incomeBeforeTax": 24200000,
        "incomeBeforeTaxRatio": 0.3059418458,
        "incomeTaxExpense": 6800000,
        "netIncome": 17400000,
        "netIncomeRatio": 0.2199747155,
        "eps": 3.09,
        "epsdiluted": 3.09,
        "weightedAverageShsOut": 5622000,
        "weightedAverageShsOutDil": 6039000,
        "link": "",
        "finalLink": ""
    },
    {
        "date": "1991-06-30",
        "symbol": "COOP",
        "reportedCurrency": "USD",
        "cik": "0000933136",
        "fillingDate": "1991-06-30",
        "acceptedDate": "1991-06-29 20:00:00",
        "calendarYear": "1991",
        "period": "Q2",
        "revenue": 68900000,
        "costOfRevenue": 0,
        "grossProfit": 68900000,
        "grossProfitRatio": 1,
        "researchAndDevelopmentExpenses": 0,
        "generalAndAdministrativeExpenses": 18500000,
        "sellingAndMarketingExpenses": 0,
        "sellingGeneralAndAdministrativeExpenses": 18500000,
        "otherExpenses": 50400000,
        "operatingExpenses": 68900000,
        "costAndExpenses": 68900000,
        "interestIncome": 163600000,
        "interestExpense": 113600000,
        "depreciationAndAmortization": 3500000,
        "ebitda": 144100000,
        "ebitdaratio": 2.091436865,
        "operatingIncome": 140600000,
        "operatingIncomeRatio": 2.0406386067,
        "totalOtherIncomeExpensesNet": -113600000,
        "incomeBeforeTax": 27000000,
        "incomeBeforeTaxRatio": 0.3918722787,
        "incomeTaxExpense": 10200000,
        "netIncome": 16800000,
        "netIncomeRatio": 0.2438316401,
        "eps": 3.2,
        "epsdiluted": 3.2,
        "weightedAverageShsOut": 6996000,
        "weightedAverageShsOutDil": 7496000,
        "link": "",
        "finalLink": ""
    },
    {
        "date": "1991-03-31",
        "symbol": "COOP",
        "reportedCurrency": "USD",
        "cik": "0000933136",
        "fillingDate": "1991-03-31",
        "acceptedDate": "1991-03-30 19:00:00",
        "calendarYear": "1991",
        "period": "Q1",
        "revenue": 64400000,
        "costOfRevenue": 0,
        "grossProfit": 64400000,
        "grossProfitRatio": 1,
        "researchAndDevelopmentExpenses": 0,
        "generalAndAdministrativeExpenses": 17800000,
        "sellingAndMarketingExpenses": 0,
        "sellingGeneralAndAdministrativeExpenses": 17800000,
        "otherExpenses": 46600000,
        "operatingExpenses": 64400000,
        "costAndExpenses": 64400000,
        "interestIncome": 163900000,
        "interestExpense": 116100000,
        "depreciationAndAmortization": 1500000,
        "ebitda": 141000000,
        "ebitdaratio": 2.1894409938,
        "operatingIncome": 139500000,
        "operatingIncomeRatio": 2.1661490683,
        "totalOtherIncomeExpensesNet": -116100000,
        "incomeBeforeTax": 23400000,
        "incomeBeforeTaxRatio": 0.3633540373,
        "incomeTaxExpense": 8300000,
        "netIncome": 15100000,
        "netIncomeRatio": 0.2344720497,
        "eps": 2.88,
        "epsdiluted": 2,
        "weightedAverageShsOut": 6987000,
        "weightedAverageShsOutDil": 5660000,
        "link": "",
        "finalLink": ""
    },
    {
        "date": "1990-12-31",
        "symbol": "COOP",
        "reportedCurrency": "USD",
        "cik": "0000933136",
        "fillingDate": "1990-12-31",
        "acceptedDate": "1990-12-30 19:00:00",
        "calendarYear": "1990",
        "period": "Q4",
        "revenue": 60300000,
        "costOfRevenue": 0,
        "grossProfit": 60300000,
        "grossProfitRatio": 1,
        "researchAndDevelopmentExpenses": 0,
        "generalAndAdministrativeExpenses": 18000000,
        "sellingAndMarketingExpenses": 0,
        "sellingGeneralAndAdministrativeExpenses": 18000000,
        "otherExpenses": 13500000,
        "operatingExpenses": 31500000,
        "costAndExpenses": 31500000,
        "interestIncome": 168600000,
        "interestExpense": 124800000,
        "depreciationAndAmortization": 1200000,
        "ebitda": 93000000,
        "ebitdaratio": 1.5422885572,
        "operatingIncome": 91800000,
        "operatingIncomeRatio": 1.5223880597,
        "totalOtherIncomeExpensesNet": -124800000,
        "incomeBeforeTax": -33000000,
        "incomeBeforeTaxRatio": -0.5472636816,
        "incomeTaxExpense": -47700000,
        "netIncome": 14700000,
        "netIncomeRatio": 0.2437810945,
        "eps": 3.87,
        "epsdiluted": 3.87,
        "weightedAverageShsOut": 3803000,
        "weightedAverageShsOutDil": 3803000,
        "link": "",
        "finalLink": ""
    },
    {
        "date": "1990-09-30",
        "symbol": "COOP",
        "reportedCurrency": "USD",
        "cik": "0000933136",
        "fillingDate": "1990-09-30",
        "acceptedDate": "1990-09-29 20:00:00",
        "calendarYear": "1990",
        "period": "Q3",
        "revenue": 60200000,
        "costOfRevenue": 0,
        "grossProfit": 60200000,
        "grossProfitRatio": 1,
        "researchAndDevelopmentExpenses": 0,
        "generalAndAdministrativeExpenses": 18200000,
        "sellingAndMarketingExpenses": 0,
        "sellingGeneralAndAdministrativeExpenses": 18200000,
        "otherExpenses": 72200000,
        "operatingExpenses": 90400000,
        "costAndExpenses": 60200000,
        "interestIncome": 174200000,
        "interestExpense": 130500000,
        "depreciationAndAmortization": 1600000,
        "ebitda": 152200000,
        "ebitdaratio": 2.5282392027,
        "operatingIncome": 150600000,
        "operatingIncomeRatio": 2.5016611296,
        "totalOtherIncomeExpensesNet": -130500000,
        "incomeBeforeTax": 20100000,
        "incomeBeforeTaxRatio": 0.3338870432,
        "incomeTaxExpense": 52600000,
        "netIncome": -32500000,
        "netIncomeRatio": -0.5398671096,
        "eps": -5.2,
        "epsdiluted": -5.2,
        "weightedAverageShsOut": 4685000,
        "weightedAverageShsOutDil": 4685000,
        "link": "",
        "finalLink": ""
    },
    {
        "date": "1990-06-30",
        "symbol": "COOP",
        "reportedCurrency": "USD",
        "cik": "0000933136",
        "fillingDate": "1990-06-30",
        "acceptedDate": "1990-06-29 20:00:00",
        "calendarYear": "1990",
        "period": "Q2",
        "revenue": 56500000,
        "costOfRevenue": 0,
        "grossProfit": 56500000,
        "grossProfitRatio": 1,
        "researchAndDevelopmentExpenses": 0,
        "generalAndAdministrativeExpenses": 18200000,
        "sellingAndMarketingExpenses": 0,
        "sellingGeneralAndAdministrativeExpenses": 18200000,
        "otherExpenses": 65000000,
        "operatingExpenses": 83200000,
        "costAndExpenses": 83200000,
        "interestIncome": 165300000,
        "interestExpense": 123700000,
        "depreciationAndAmortization": 6000000,
        "ebitda": 145700000,
        "ebitdaratio": 2.5787610619,
        "operatingIncome": 139700000,
        "operatingIncomeRatio": 2.4725663717,
        "totalOtherIncomeExpensesNet": -123700000,
        "incomeBeforeTax": 16000000,
        "incomeBeforeTaxRatio": 0.2831858407,
        "incomeTaxExpense": 5800000,
        "netIncome": 10200000,
        "netIncomeRatio": 0.1805309735,
        "eps": 1.81,
        "epsdiluted": 1.81,
        "weightedAverageShsOut": 5622000,
        "weightedAverageShsOutDil": 5622000,
        "link": "",
        "finalLink": ""
    },
    {
        "date": "1990-03-31",
        "symbol": "COOP",
        "reportedCurrency": "USD",
        "cik": "0000933136",
        "fillingDate": "1990-03-31",
        "acceptedDate": "1990-03-30 19:00:00",
        "calendarYear": "1990",
        "period": "Q1",
        "revenue": 50800000,
        "costOfRevenue": 0,
        "grossProfit": 50800000,
        "grossProfitRatio": 1,
        "researchAndDevelopmentExpenses": 0,
        "generalAndAdministrativeExpenses": 17200000,
        "sellingAndMarketingExpenses": 0,
        "sellingGeneralAndAdministrativeExpenses": 17200000,
        "otherExpenses": 64200000,
        "operatingExpenses": 81400000,
        "costAndExpenses": 81400000,
        "interestIncome": 157800000,
        "interestExpense": 118800000,
        "depreciationAndAmortization": 1600000,
        "ebitda": 133800000,
        "ebitdaratio": 2.6338582677,
        "operatingIncome": 132200000,
        "operatingIncomeRatio": 2.6023622047,
        "totalOtherIncomeExpensesNet": -118800000,
        "incomeBeforeTax": 13400000,
        "incomeBeforeTaxRatio": 0.2637795276,
        "incomeTaxExpense": 4900000,
        "netIncome": 8500000,
        "netIncomeRatio": 0.1673228346,
        "eps": 1.49,
        "epsdiluted": 1.49,
        "weightedAverageShsOut": 7585000,
        "weightedAverageShsOutDil": 7585000,
        "link": "",
        "finalLink": ""
    },
    {
        "date": "1989-12-31",
        "symbol": "COOP",
        "reportedCurrency": "USD",
        "cik": "0000933136",
        "fillingDate": "1989-12-31",
        "acceptedDate": "1989-12-30 19:00:00",
        "calendarYear": "1989",
        "period": "Q4",
        "revenue": 38800000,
        "costOfRevenue": 0,
        "grossProfit": 38800000,
        "grossProfitRatio": 1,
        "researchAndDevelopmentExpenses": 0,
        "generalAndAdministrativeExpenses": 16900000,
        "sellingAndMarketingExpenses": 0,
        "sellingGeneralAndAdministrativeExpenses": 16900000,
        "otherExpenses": 64900000,
        "operatingExpenses": 81800000,
        "costAndExpenses": 81800000,
        "interestIncome": 153900000,
        "interestExpense": 119900000,
        "depreciationAndAmortization": 7800000,
        "ebitda": 128400000,
        "ebitdaratio": 3.3092783505,
        "operatingIncome": 120600000,
        "operatingIncomeRatio": 3.1082474227,
        "totalOtherIncomeExpensesNet": -119900000,
        "incomeBeforeTax": 700000,
        "incomeBeforeTaxRatio": 0.0180412371,
        "incomeTaxExpense": 500000,
        "netIncome": 200000,
        "netIncomeRatio": 0.0051546392,
        "eps": 0.04,
        "epsdiluted": 0.04,
        "weightedAverageShsOut": 5651000,
        "weightedAverageShsOutDil": 5651000,
        "link": "",
        "finalLink": ""
    },
    {
        "date": "1989-09-30",
        "symbol": "COOP",
        "reportedCurrency": "USD",
        "cik": "0000933136",
        "fillingDate": "1989-09-30",
        "acceptedDate": "1989-09-29 20:00:00",
        "calendarYear": "1989",
        "period": "Q3",
        "revenue": 46500000,
        "costOfRevenue": 0,
        "grossProfit": 46500000,
        "grossProfitRatio": 1,
        "researchAndDevelopmentExpenses": 0,
        "generalAndAdministrativeExpenses": 17700000,
        "sellingAndMarketingExpenses": 0,
        "sellingGeneralAndAdministrativeExpenses": 17700000,
        "otherExpenses": 65400000,
        "operatingExpenses": 83100000,
        "costAndExpenses": 46500000,
        "interestIncome": 152200000,
        "interestExpense": 119500000,
        "depreciationAndAmortization": 3100000,
        "ebitda": 132700000,
        "ebitdaratio": 2.8537634409,
        "operatingIncome": 0,
        "operatingIncomeRatio": 0,
        "totalOtherIncomeExpensesNet": -119500000,
        "incomeBeforeTax": 10100000,
        "incomeBeforeTaxRatio": 0.2172043011,
        "incomeTaxExpense": 2800000,
        "netIncome": 7300000,
        "netIncomeRatio": 0.1569892473,
        "eps": 1.52,
        "epsdiluted": 1.52,
        "weightedAverageShsOut": 6403000,
        "weightedAverageShsOutDil": 6403000,
        "link": "",
        "finalLink": ""
    },
    {
        "date": "1989-06-30",
        "symbol": "COOP",
        "reportedCurrency": "USD",
        "cik": "0000933136",
        "fillingDate": "1989-06-30",
        "acceptedDate": "1989-06-29 20:00:00",
        "calendarYear": "1989",
        "period": "Q2",
        "revenue": 47500000,
        "costOfRevenue": 0,
        "grossProfit": 47500000,
        "grossProfitRatio": 1,
        "researchAndDevelopmentExpenses": 0,
        "generalAndAdministrativeExpenses": 16800000,
        "sellingAndMarketingExpenses": 0,
        "sellingGeneralAndAdministrativeExpenses": 16800000,
        "otherExpenses": 64000000,
        "operatingExpenses": 80800000,
        "costAndExpenses": 47500000,
        "interestIncome": 150600000,
        "interestExpense": 118300000,
        "depreciationAndAmortization": 0,
        "ebitda": 128300000,
        "ebitdaratio": 2.7010526316,
        "operatingIncome": 0,
        "operatingIncomeRatio": 0,
        "totalOtherIncomeExpensesNet": -118300000,
        "incomeBeforeTax": 10000000,
        "incomeBeforeTaxRatio": 0.2105263158,
        "incomeTaxExpense": 2500000,
        "netIncome": 7500000,
        "netIncomeRatio": 0.1578947368,
        "eps": 1.6,
        "epsdiluted": 1.6,
        "weightedAverageShsOut": 6247000,
        "weightedAverageShsOutDil": 6247000,
        "link": "",
        "finalLink": ""
    },
    {
        "date": "1989-03-31",
        "symbol": "COOP",
        "reportedCurrency": "USD",
        "cik": "0000933136",
        "fillingDate": "1989-03-31",
        "acceptedDate": "1989-03-30 19:00:00",
        "calendarYear": "1989",
        "period": "Q1",
        "revenue": 0,
        "costOfRevenue": 0,
        "grossProfit": 0,
        "grossProfitRatio": 0,
        "researchAndDevelopmentExpenses": 0,
        "generalAndAdministrativeExpenses": 0,
        "sellingAndMarketingExpenses": 0,
        "sellingGeneralAndAdministrativeExpenses": 0,
        "otherExpenses": 0,
        "operatingExpenses": 0,
        "costAndExpenses": 0,
        "interestIncome": 0,
        "interestExpense": 0,
        "depreciationAndAmortization": 0,
        "ebitda": 0,
        "ebitdaratio": 0,
        "operatingIncome": 0,
        "operatingIncomeRatio": 0,
        "totalOtherIncomeExpensesNet": 0,
        "incomeBeforeTax": 0,
        "incomeBeforeTaxRatio": 0,
        "incomeTaxExpense": 0,
        "netIncome": 4800000,
        "netIncomeRatio": 0,
        "eps": 0.72,
        "epsdiluted": 0.72,
        "weightedAverageShsOut": 4765000,
        "weightedAverageShsOutDil": 4765000,
        "link": "",
        "finalLink": ""
    },
    {
        "date": "1988-12-31",
        "symbol": "COOP",
        "reportedCurrency": "USD",
        "cik": "0000933136",
        "fillingDate": "1988-12-31",
        "acceptedDate": "1988-12-30 19:00:00",
        "calendarYear": "1988",
        "period": "Q4",
        "revenue": 0,
        "costOfRevenue": 0,
        "grossProfit": 0,
        "grossProfitRatio": 0,
        "researchAndDevelopmentExpenses": 0,
        "generalAndAdministrativeExpenses": 0,
        "sellingAndMarketingExpenses": 0,
        "sellingGeneralAndAdministrativeExpenses": 0,
        "otherExpenses": 0,
        "operatingExpenses": 0,
        "costAndExpenses": 0,
        "interestIncome": 0,
        "interestExpense": 0,
        "depreciationAndAmortization": 0,
        "ebitda": 0,
        "ebitdaratio": 0,
        "operatingIncome": 0,
        "operatingIncomeRatio": 0,
        "totalOtherIncomeExpensesNet": 0,
        "incomeBeforeTax": 0,
        "incomeBeforeTaxRatio": 0,
        "incomeTaxExpense": 0,
        "netIncome": 9800000,
        "netIncomeRatio": 0,
        "eps": 0.13,
        "epsdiluted": 0.13,
        "weightedAverageShsOut": 6354000,
        "weightedAverageShsOutDil": 6354000,
        "link": null,
        "finalLink": null
    },
    {
        "date": "1988-09-30",
        "symbol": "COOP",
        "reportedCurrency": "USD",
        "cik": "0000933136",
        "fillingDate": "1988-09-30",
        "acceptedDate": "1988-09-29 20:00:00",
        "calendarYear": "1988",
        "period": "Q3",
        "revenue": 0,
        "costOfRevenue": 0,
        "grossProfit": 0,
        "grossProfitRatio": 0,
        "researchAndDevelopmentExpenses": 0,
        "generalAndAdministrativeExpenses": 0,
        "sellingAndMarketingExpenses": 0,
        "sellingGeneralAndAdministrativeExpenses": 0,
        "otherExpenses": 0,
        "operatingExpenses": 0,
        "costAndExpenses": 0,
        "interestIncome": 0,
        "interestExpense": 0,
        "depreciationAndAmortization": 0,
        "ebitda": 0,
        "ebitdaratio": 0,
        "operatingIncome": 0,
        "operatingIncomeRatio": 0,
        "totalOtherIncomeExpensesNet": 0,
        "incomeBeforeTax": 0,
        "incomeBeforeTaxRatio": 0,
        "incomeTaxExpense": 0,
        "netIncome": 13600000,
        "netIncomeRatio": 0,
        "eps": 2.16,
        "epsdiluted": 2.16,
        "weightedAverageShsOut": 6342000,
        "weightedAverageShsOutDil": 6342000,
        "link": null,
        "finalLink": null
    },
    {
        "date": "1988-06-30",
        "symbol": "COOP",
        "reportedCurrency": "USD",
        "cik": "0000933136",
        "fillingDate": "1988-06-30",
        "acceptedDate": "1988-06-29 20:00:00",
        "calendarYear": "1988",
        "period": "Q2",
        "revenue": 0,
        "costOfRevenue": 0,
        "grossProfit": 0,
        "grossProfitRatio": 0,
        "researchAndDevelopmentExpenses": 0,
        "generalAndAdministrativeExpenses": 0,
        "sellingAndMarketingExpenses": 0,
        "sellingGeneralAndAdministrativeExpenses": 0,
        "otherExpenses": 0,
        "operatingExpenses": 0,
        "costAndExpenses": 0,
        "interestIncome": 0,
        "interestExpense": 0,
        "depreciationAndAmortization": 0,
        "ebitda": 0,
        "ebitdaratio": 0,
        "operatingIncome": 0,
        "operatingIncomeRatio": 0,
        "totalOtherIncomeExpensesNet": 0,
        "incomeBeforeTax": 0,
        "incomeBeforeTaxRatio": 0,
        "incomeTaxExpense": 0,
        "netIncome": 5500000,
        "netIncomeRatio": 0,
        "eps": 0.88,
        "epsdiluted": 0.88,
        "weightedAverageShsOut": 6315000,
        "weightedAverageShsOutDil": 6315000,
        "link": null,
        "finalLink": null
    },
    {
        "date": "1988-03-31",
        "symbol": "COOP",
        "reportedCurrency": "USD",
        "cik": "0000933136",
        "fillingDate": "1988-03-31",
        "acceptedDate": "1988-03-30 19:00:00",
        "calendarYear": "1988",
        "period": "Q1",
        "revenue": 0,
        "costOfRevenue": 0,
        "grossProfit": 0,
        "grossProfitRatio": 0,
        "researchAndDevelopmentExpenses": 0,
        "generalAndAdministrativeExpenses": 0,
        "sellingAndMarketingExpenses": 0,
        "sellingGeneralAndAdministrativeExpenses": 0,
        "otherExpenses": 0,
        "operatingExpenses": 0,
        "costAndExpenses": 0,
        "interestIncome": 0,
        "interestExpense": 0,
        "depreciationAndAmortization": 0,
        "ebitda": 0,
        "ebitdaratio": 0,
        "operatingIncome": 0,
        "operatingIncomeRatio": 0,
        "totalOtherIncomeExpensesNet": 0,
        "incomeBeforeTax": 0,
        "incomeBeforeTaxRatio": 0,
        "incomeTaxExpense": 0,
        "netIncome": 8500000,
        "netIncomeRatio": 0,
        "eps": 1.36,
        "epsdiluted": 1.36,
        "weightedAverageShsOut": 4736000,
        "weightedAverageShsOutDil": 4736000,
        "link": "",
        "finalLink": ""
    },
    {
        "date": "1987-12-31",
        "symbol": "COOP",
        "reportedCurrency": "USD",
        "cik": "0000933136",
        "fillingDate": "1987-12-31",
        "acceptedDate": "1987-12-30 19:00:00",
        "calendarYear": "1987",
        "period": "Q4",
        "revenue": 0,
        "costOfRevenue": 0,
        "grossProfit": 0,
        "grossProfitRatio": 0,
        "researchAndDevelopmentExpenses": 0,
        "generalAndAdministrativeExpenses": 0,
        "sellingAndMarketingExpenses": 0,
        "sellingGeneralAndAdministrativeExpenses": 0,
        "otherExpenses": 0,
        "operatingExpenses": 0,
        "costAndExpenses": 0,
        "interestIncome": 0,
        "interestExpense": 0,
        "depreciationAndAmortization": 0,
        "ebitda": 0,
        "ebitdaratio": 0,
        "operatingIncome": 0,
        "operatingIncomeRatio": 0,
        "totalOtherIncomeExpensesNet": 0,
        "incomeBeforeTax": 0,
        "incomeBeforeTaxRatio": 0,
        "incomeTaxExpense": 0,
        "netIncome": 7200000,
        "netIncomeRatio": 0,
        "eps": 0.1,
        "epsdiluted": 0.1,
        "weightedAverageShsOut": 6315000,
        "weightedAverageShsOutDil": 6315000,
        "link": null,
        "finalLink": null
    },
    {
        "date": "1987-09-30",
        "symbol": "COOP",
        "reportedCurrency": "USD",
        "cik": "0000933136",
        "fillingDate": "1987-09-30",
        "acceptedDate": "1987-09-29 20:00:00",
        "calendarYear": "1987",
        "period": "Q3",
        "revenue": 0,
        "costOfRevenue": 0,
        "grossProfit": 0,
        "grossProfitRatio": 0,
        "researchAndDevelopmentExpenses": 0,
        "generalAndAdministrativeExpenses": 0,
        "sellingAndMarketingExpenses": 0,
        "sellingGeneralAndAdministrativeExpenses": 0,
        "otherExpenses": 0,
        "operatingExpenses": 0,
        "costAndExpenses": 0,
        "interestIncome": 0,
        "interestExpense": 0,
        "depreciationAndAmortization": 0,
        "ebitda": 0,
        "ebitdaratio": 0,
        "operatingIncome": 0,
        "operatingIncomeRatio": 0,
        "totalOtherIncomeExpensesNet": 0,
        "incomeBeforeTax": 0,
        "incomeBeforeTaxRatio": 0,
        "incomeTaxExpense": 0,
        "netIncome": 8300000,
        "netIncomeRatio": 0,
        "eps": 1.36,
        "epsdiluted": 1.36,
        "weightedAverageShsOut": 6289000,
        "weightedAverageShsOutDil": 6289000,
        "link": null,
        "finalLink": null
    },
    {
        "date": "1987-06-30",
        "symbol": "COOP",
        "reportedCurrency": "USD",
        "cik": "0000933136",
        "fillingDate": "1987-06-30",
        "acceptedDate": "1987-06-29 20:00:00",
        "calendarYear": "1987",
        "period": "Q2",
        "revenue": 0,
        "costOfRevenue": 0,
        "grossProfit": 0,
        "grossProfitRatio": 0,
        "researchAndDevelopmentExpenses": 0,
        "generalAndAdministrativeExpenses": 0,
        "sellingAndMarketingExpenses": 0,
        "sellingGeneralAndAdministrativeExpenses": 0,
        "otherExpenses": 0,
        "operatingExpenses": 0,
        "costAndExpenses": 0,
        "interestIncome": 0,
        "interestExpense": 0,
        "depreciationAndAmortization": 0,
        "ebitda": 0,
        "ebitdaratio": 0,
        "operatingIncome": 0,
        "operatingIncomeRatio": 0,
        "totalOtherIncomeExpensesNet": 0,
        "incomeBeforeTax": 0,
        "incomeBeforeTaxRatio": 0,
        "incomeTaxExpense": 0,
        "netIncome": 11800000,
        "netIncomeRatio": 0,
        "eps": 1.84,
        "epsdiluted": 1.84,
        "weightedAverageShsOut": 6282000,
        "weightedAverageShsOutDil": 6282000,
        "link": null,
        "finalLink": null
    },
    {
        "date": "1987-03-31",
        "symbol": "COOP",
        "reportedCurrency": "USD",
        "cik": "0000933136",
        "fillingDate": "1987-03-31",
        "acceptedDate": "1987-03-30 19:00:00",
        "calendarYear": "1987",
        "period": "Q1",
        "revenue": 0,
        "costOfRevenue": 0,
        "grossProfit": 0,
        "grossProfitRatio": 0,
        "researchAndDevelopmentExpenses": 0,
        "generalAndAdministrativeExpenses": 0,
        "sellingAndMarketingExpenses": 0,
        "sellingGeneralAndAdministrativeExpenses": 0,
        "otherExpenses": 0,
        "operatingExpenses": 0,
        "costAndExpenses": 0,
        "interestIncome": 0,
        "interestExpense": 0,
        "depreciationAndAmortization": 0,
        "ebitda": 0,
        "ebitdaratio": 0,
        "operatingIncome": 0,
        "operatingIncomeRatio": 0,
        "totalOtherIncomeExpensesNet": 0,
        "incomeBeforeTax": 0,
        "incomeBeforeTaxRatio": 0,
        "incomeTaxExpense": 0,
        "netIncome": 15100000,
        "netIncomeRatio": 0,
        "eps": 2.4,
        "epsdiluted": 2.4,
        "weightedAverageShsOut": 4711000,
        "weightedAverageShsOutDil": 4711000,
        "link": "",
        "finalLink": ""
    },
    {
        "date": "1986-12-31",
        "symbol": "COOP",
        "reportedCurrency": "USD",
        "cik": "0000933136",
        "fillingDate": "1986-12-31",
        "acceptedDate": "1986-12-30 19:00:00",
        "calendarYear": "1986",
        "period": "Q4",
        "revenue": 0,
        "costOfRevenue": 0,
        "grossProfit": 0,
        "grossProfitRatio": 0,
        "researchAndDevelopmentExpenses": 0,
        "generalAndAdministrativeExpenses": 0,
        "sellingAndMarketingExpenses": 0,
        "sellingGeneralAndAdministrativeExpenses": 0,
        "otherExpenses": 0,
        "operatingExpenses": 0,
        "costAndExpenses": 0,
        "interestIncome": 0,
        "interestExpense": 0,
        "depreciationAndAmortization": 0,
        "ebitda": 0,
        "ebitdaratio": 0,
        "operatingIncome": 0,
        "operatingIncomeRatio": 0,
        "totalOtherIncomeExpensesNet": 0,
        "incomeBeforeTax": 0,
        "incomeBeforeTaxRatio": 0,
        "incomeTaxExpense": 0,
        "netIncome": 45000000,
        "netIncomeRatio": 0,
        "eps": 0.6,
        "epsdiluted": 0.6,
        "weightedAverageShsOut": 6285000,
        "weightedAverageShsOutDil": 6285000,
        "link": null,
        "finalLink": null
    },
    {
        "date": "1986-09-30",
        "symbol": "COOP",
        "reportedCurrency": "USD",
        "cik": "0000933136",
        "fillingDate": "1986-09-30",
        "acceptedDate": "1986-09-29 20:00:00",
        "calendarYear": "1986",
        "period": "Q3",
        "revenue": 0,
        "costOfRevenue": 0,
        "grossProfit": 0,
        "grossProfitRatio": 0,
        "researchAndDevelopmentExpenses": 0,
        "generalAndAdministrativeExpenses": 0,
        "sellingAndMarketingExpenses": 0,
        "sellingGeneralAndAdministrativeExpenses": 0,
        "otherExpenses": 0,
        "operatingExpenses": 0,
        "costAndExpenses": 0,
        "interestIncome": 0,
        "interestExpense": 0,
        "depreciationAndAmortization": 0,
        "ebitda": 0,
        "ebitdaratio": 0,
        "operatingIncome": 0,
        "operatingIncomeRatio": 0,
        "totalOtherIncomeExpensesNet": 0,
        "incomeBeforeTax": 0,
        "incomeBeforeTaxRatio": 0,
        "incomeTaxExpense": 0,
        "netIncome": 10600000,
        "netIncomeRatio": 0,
        "eps": 1.68,
        "epsdiluted": 1.68,
        "weightedAverageShsOut": 6276000,
        "weightedAverageShsOutDil": 6276000,
        "link": null,
        "finalLink": null
    },
    {
        "date": "1986-06-30",
        "symbol": "COOP",
        "reportedCurrency": "USD",
        "cik": "0000933136",
        "fillingDate": "1986-06-30",
        "acceptedDate": "1986-06-29 20:00:00",
        "calendarYear": "1986",
        "period": "Q2",
        "revenue": 0,
        "costOfRevenue": 0,
        "grossProfit": 0,
        "grossProfitRatio": 0,
        "researchAndDevelopmentExpenses": 0,
        "generalAndAdministrativeExpenses": 0,
        "sellingAndMarketingExpenses": 0,
        "sellingGeneralAndAdministrativeExpenses": 0,
        "otherExpenses": 0,
        "operatingExpenses": 0,
        "costAndExpenses": 0,
        "interestIncome": 0,
        "interestExpense": 0,
        "depreciationAndAmortization": 0,
        "ebitda": 0,
        "ebitdaratio": 0,
        "operatingIncome": 0,
        "operatingIncomeRatio": 0,
        "totalOtherIncomeExpensesNet": 0,
        "incomeBeforeTax": 0,
        "incomeBeforeTaxRatio": 0,
        "incomeTaxExpense": 0,
        "netIncome": 7200000,
        "netIncomeRatio": 0,
        "eps": 1.2,
        "epsdiluted": 1.2,
        "weightedAverageShsOut": 6276000,
        "weightedAverageShsOutDil": 6276000,
        "link": null,
        "finalLink": null
    },
    {
        "date": "1986-03-31",
        "symbol": "COOP",
        "reportedCurrency": "USD",
        "cik": "0000933136",
        "fillingDate": "1986-03-31",
        "acceptedDate": "1986-03-30 19:00:00",
        "calendarYear": "1986",
        "period": "Q1",
        "revenue": 0,
        "costOfRevenue": 0,
        "grossProfit": 0,
        "grossProfitRatio": 0,
        "researchAndDevelopmentExpenses": 0,
        "generalAndAdministrativeExpenses": 0,
        "sellingAndMarketingExpenses": 0,
        "sellingGeneralAndAdministrativeExpenses": 0,
        "otherExpenses": 0,
        "operatingExpenses": 0,
        "costAndExpenses": 0,
        "interestIncome": 0,
        "interestExpense": 0,
        "depreciationAndAmortization": 0,
        "ebitda": 0,
        "ebitdaratio": 0,
        "operatingIncome": 0,
        "operatingIncomeRatio": 0,
        "totalOtherIncomeExpensesNet": 0,
        "incomeBeforeTax": 0,
        "incomeBeforeTaxRatio": 0,
        "incomeTaxExpense": 0,
        "netIncome": 9000000,
        "netIncomeRatio": 0,
        "eps": 1.44,
        "epsdiluted": 1.44,
        "weightedAverageShsOut": 4704000,
        "weightedAverageShsOutDil": 4704000,
        "link": "",
        "finalLink": ""
    },
    {
        "date": "1985-12-31",
        "symbol": "COOP",
        "reportedCurrency": "USD",
        "cik": "0000933136",
        "fillingDate": "1985-12-31",
        "acceptedDate": "1985-12-30 19:00:00",
        "calendarYear": "1985",
        "period": "Q4",
        "revenue": 0,
        "costOfRevenue": 0,
        "grossProfit": 0,
        "grossProfitRatio": 0,
        "researchAndDevelopmentExpenses": 0,
        "generalAndAdministrativeExpenses": 0,
        "sellingAndMarketingExpenses": 0,
        "sellingGeneralAndAdministrativeExpenses": 0,
        "otherExpenses": 0,
        "operatingExpenses": 0,
        "costAndExpenses": 0,
        "interestIncome": 0,
        "interestExpense": 0,
        "depreciationAndAmortization": 0,
        "ebitda": 0,
        "ebitdaratio": 0,
        "operatingIncome": 0,
        "operatingIncomeRatio": 0,
        "totalOtherIncomeExpensesNet": 0,
        "incomeBeforeTax": 0,
        "incomeBeforeTaxRatio": 0,
        "incomeTaxExpense": 0,
        "netIncome": 6500000,
        "netIncomeRatio": 0,
        "eps": 0.08,
        "epsdiluted": 0.08,
        "weightedAverageShsOut": 6280000,
        "weightedAverageShsOutDil": 6280000,
        "link": null,
        "finalLink": null
    },
    {
        "date": "1985-09-30",
        "symbol": "COOP",
        "reportedCurrency": "USD",
        "cik": "0000933136",
        "fillingDate": "1985-09-30",
        "acceptedDate": "1985-09-29 20:00:00",
        "calendarYear": "1985",
        "period": "Q3",
        "revenue": 0,
        "costOfRevenue": 0,
        "grossProfit": 0,
        "grossProfitRatio": 0,
        "researchAndDevelopmentExpenses": 0,
        "generalAndAdministrativeExpenses": 0,
        "sellingAndMarketingExpenses": 0,
        "sellingGeneralAndAdministrativeExpenses": 0,
        "otherExpenses": 0,
        "operatingExpenses": 0,
        "costAndExpenses": 0,
        "interestIncome": 0,
        "interestExpense": 0,
        "depreciationAndAmortization": 0,
        "ebitda": 0,
        "ebitdaratio": 0,
        "operatingIncome": 0,
        "operatingIncomeRatio": 0,
        "totalOtherIncomeExpensesNet": 0,
        "incomeBeforeTax": 0,
        "incomeBeforeTaxRatio": 0,
        "incomeTaxExpense": 0,
        "netIncome": 4300000,
        "netIncomeRatio": 0,
        "eps": 0.72,
        "epsdiluted": 0.72,
        "weightedAverageShsOut": 6193000,
        "weightedAverageShsOutDil": 6193000,
        "link": null,
        "finalLink": null
    }
]