[
    {
        "date": "2019-09-28",
        "symbol": "COT",
        "reportedCurrency": "USD",
        "cik": "0000000000",
        "fillingDate": "2019-09-28",
        "acceptedDate": "2019-09-27 20:00:00",
        "calendarYear": "2019",
        "period": "Q3",
        "revenue": 616100000,
        "costOfRevenue": 289900000,
        "grossProfit": 326200000,
        "grossProfitRatio": 0.5294595033,
        "researchAndDevelopmentExpenses": 0,
        "generalAndAdministrativeExpenses": 280800000,
        "sellingAndMarketingExpenses": 0,
        "sellingGeneralAndAdministrativeExpenses": 280800000,
        "otherExpenses": 0,
        "operatingExpenses": 280800000,
        "costAndExpenses": 570700000,
        "interestIncome": 0,
        "interestExpense": 20200000,
        "depreciationAndAmortization": 48900000,
        "ebitda": 88200000,
        "ebitdaratio": 0.1431585782,
        "operatingIncome": 41600000,
        "operatingIncomeRatio": 0.0675215062,
        "totalOtherIncomeExpensesNet": -24000000,
        "incomeBeforeTax": 17600000,
        "incomeBeforeTaxRatio": 0.0285667911,
        "incomeTaxExpense": 9000000,
        "netIncome": 10100000,
        "netIncomeRatio": 0.0163934426,
        "eps": 0.0746,
        "epsdiluted": 0.0746,
        "weightedAverageShsOut": 135395000,
        "weightedAverageShsOutDil": 135395000,
        "link": "updating...",
        "finalLink": "processing..."
    },
    {
        "date": "2019-06-29",
        "symbol": "COT",
        "reportedCurrency": "USD",
        "cik": "0000000000",
        "fillingDate": "2019-06-29",
        "acceptedDate": "2019-06-28 20:00:00",
        "calendarYear": "2019",
        "period": "Q2",
        "revenue": 604100000,
        "costOfRevenue": 291000000,
        "grossProfit": 313100000,
        "grossProfitRatio": 0.5182916736,
        "researchAndDevelopmentExpenses": 0,
        "generalAndAdministrativeExpenses": 284200000,
        "sellingAndMarketingExpenses": 0,
        "sellingGeneralAndAdministrativeExpenses": 284200000,
        "otherExpenses": 0,
        "operatingExpenses": 284200000,
        "costAndExpenses": 575200000,
        "interestIncome": 0,
        "interestExpense": 19100000,
        "depreciationAndAmortization": 49800000,
        "ebitda": 76800000,
        "ebitdaratio": 0.1271312697,
        "operatingIncome": 24600000,
        "operatingIncomeRatio": 0.0407217348,
        "totalOtherIncomeExpensesNet": -16700000,
        "incomeBeforeTax": 7900000,
        "incomeBeforeTaxRatio": 0.0130773051,
        "incomeTaxExpense": 3500000,
        "netIncome": 4400000,
        "netIncomeRatio": 0.0072835623,
        "eps": 0.0324,
        "epsdiluted": 0.0324,
        "weightedAverageShsOut": 135758000,
        "weightedAverageShsOutDil": 135758000,
        "link": "updating...",
        "finalLink": "processing..."
    },
    {
        "date": "2019-03-30",
        "symbol": "COT",
        "reportedCurrency": "USD",
        "cik": "0000000000",
        "fillingDate": "2019-03-30",
        "acceptedDate": "2019-03-29 20:00:00",
        "calendarYear": "2019",
        "period": "Q1",
        "revenue": 574100000,
        "costOfRevenue": 291200000,
        "grossProfit": 282900000,
        "grossProfitRatio": 0.4927712942,
        "researchAndDevelopmentExpenses": 0,
        "generalAndAdministrativeExpenses": 272100000,
        "sellingAndMarketingExpenses": 0,
        "sellingGeneralAndAdministrativeExpenses": 272100000,
        "otherExpenses": 0,
        "operatingExpenses": 272100000,
        "costAndExpenses": 563300000,
        "interestIncome": 0,
        "interestExpense": 19300000,
        "depreciationAndAmortization": 46000000,
        "ebitda": 44600000,
        "ebitdaratio": 0.0776868141,
        "operatingIncome": 4100000,
        "operatingIncomeRatio": 0.007141613,
        "totalOtherIncomeExpensesNet": -24800000,
        "incomeBeforeTax": -20700000,
        "incomeBeforeTaxRatio": -0.0360564362,
        "incomeTaxExpense": -1000000,
        "netIncome": -19700000,
        "netIncomeRatio": -0.0343145793,
        "eps": -0.14,
        "epsdiluted": -0.14,
        "weightedAverageShsOut": 135948000,
        "weightedAverageShsOutDil": 135948000,
        "link": "",
        "finalLink": "processing..."
    },
    {
        "date": "2018-12-29",
        "symbol": "COT",
        "reportedCurrency": "USD",
        "cik": "0000000000",
        "fillingDate": "2018-12-29",
        "acceptedDate": "2018-12-28 19:00:00",
        "calendarYear": "2018",
        "period": "Q4",
        "revenue": 599200000,
        "costOfRevenue": 309000000,
        "grossProfit": 290200000,
        "grossProfitRatio": 0.4843124166,
        "researchAndDevelopmentExpenses": 0,
        "generalAndAdministrativeExpenses": 275900000,
        "sellingAndMarketingExpenses": 0,
        "sellingGeneralAndAdministrativeExpenses": 275900000,
        "otherExpenses": 0,
        "operatingExpenses": 275900000,
        "costAndExpenses": 584900000,
        "interestIncome": 0,
        "interestExpense": 19300000,
        "depreciationAndAmortization": 49800000,
        "ebitda": 61000000,
        "ebitdaratio": 0.1018024032,
        "operatingIncome": 4200000,
        "operatingIncomeRatio": 0.0070093458,
        "totalOtherIncomeExpensesNet": -9400000,
        "incomeBeforeTax": -5200000,
        "incomeBeforeTaxRatio": -0.0086782377,
        "incomeTaxExpense": -8800000,
        "netIncome": 700000,
        "netIncomeRatio": 0.0011682243,
        "eps": 0.005,
        "epsdiluted": 0.0049,
        "weightedAverageShsOut": 139097000,
        "weightedAverageShsOutDil": 141436000,
        "link": "",
        "finalLink": "processing..."
    },
    {
        "date": "2018-09-29",
        "symbol": "COT",
        "reportedCurrency": "USD",
        "cik": "0000000000",
        "fillingDate": "2018-09-29",
        "acceptedDate": "2018-09-28 20:00:00",
        "calendarYear": "2018",
        "period": "Q3",
        "revenue": 609300000,
        "costOfRevenue": 298800000,
        "grossProfit": 310500000,
        "grossProfitRatio": 0.5096011817,
        "researchAndDevelopmentExpenses": 0,
        "generalAndAdministrativeExpenses": 279900000,
        "sellingAndMarketingExpenses": 0,
        "sellingGeneralAndAdministrativeExpenses": 279900000,
        "otherExpenses": 0,
        "operatingExpenses": 279900000,
        "costAndExpenses": 578700000,
        "interestIncome": 0,
        "interestExpense": 18900000,
        "depreciationAndAmortization": 50500000,
        "ebitda": 80400000,
        "ebitdaratio": 0.1319547021,
        "operatingIncome": 27800000,
        "operatingIncomeRatio": 0.0456261283,
        "totalOtherIncomeExpensesNet": -18300000,
        "incomeBeforeTax": 9500000,
        "incomeBeforeTaxRatio": 0.0155916626,
        "incomeTaxExpense": 1000000,
        "netIncome": 10000000,
        "netIncomeRatio": 0.0164122764,
        "eps": 0.0717,
        "epsdiluted": 0.0704,
        "weightedAverageShsOut": 139503000,
        "weightedAverageShsOutDil": 141963000,
        "link": "",
        "finalLink": "processing..."
    },
    {
        "date": "2018-06-30",
        "symbol": "COT",
        "reportedCurrency": "USD",
        "cik": "0000000000",
        "fillingDate": "2018-06-30",
        "acceptedDate": "2018-06-29 20:00:00",
        "calendarYear": "2018",
        "period": "Q2",
        "revenue": 603600000,
        "costOfRevenue": 302200000,
        "grossProfit": 301400000,
        "grossProfitRatio": 0.4993373095,
        "researchAndDevelopmentExpenses": 0,
        "generalAndAdministrativeExpenses": 275200000,
        "sellingAndMarketingExpenses": 0,
        "sellingGeneralAndAdministrativeExpenses": 275200000,
        "otherExpenses": 0,
        "operatingExpenses": 275200000,
        "costAndExpenses": 577400000,
        "interestIncome": 0,
        "interestExpense": 18600000,
        "depreciationAndAmortization": 49500000,
        "ebitda": 81000000,
        "ebitdaratio": 0.134194831,
        "operatingIncome": 20700000,
        "operatingIncomeRatio": 0.0342942346,
        "totalOtherIncomeExpensesNet": -5500000,
        "incomeBeforeTax": 15200000,
        "incomeBeforeTaxRatio": 0.0251822399,
        "incomeTaxExpense": 2100000,
        "netIncome": 10800000,
        "netIncomeRatio": 0.0178926441,
        "eps": 0.0772,
        "epsdiluted": 0.076,
        "weightedAverageShsOut": 139860000,
        "weightedAverageShsOutDil": 142120000,
        "link": "",
        "finalLink": "processing..."
    },
    {
        "date": "2018-03-31",
        "symbol": "COT",
        "reportedCurrency": "USD",
        "cik": "0000000000",
        "fillingDate": "2018-03-31",
        "acceptedDate": "2018-03-30 20:00:00",
        "calendarYear": "2018",
        "period": "Q1",
        "revenue": 560800000,
        "costOfRevenue": 287300000,
        "grossProfit": 273500000,
        "grossProfitRatio": 0.4876961484,
        "researchAndDevelopmentExpenses": 0,
        "generalAndAdministrativeExpenses": 261100000,
        "sellingAndMarketingExpenses": 0,
        "sellingGeneralAndAdministrativeExpenses": 261100000,
        "otherExpenses": 0,
        "operatingExpenses": 261100000,
        "costAndExpenses": 548400000,
        "interestIncome": 0,
        "interestExpense": 20800000,
        "depreciationAndAmortization": 47900000,
        "ebitda": 431000000,
        "ebitdaratio": 0.7685449358,
        "operatingIncome": 6100000,
        "operatingIncomeRatio": 0.0108773181,
        "totalOtherIncomeExpensesNet": -1500000,
        "incomeBeforeTax": 4600000,
        "incomeBeforeTaxRatio": 0.0082025678,
        "incomeTaxExpense": 900000,
        "netIncome": 361400000,
        "netIncomeRatio": 0.6444365193,
        "eps": 2.58,
        "epsdiluted": 2.54,
        "weightedAverageShsOut": 139953000,
        "weightedAverageShsOutDil": 142335000,
        "link": "",
        "finalLink": "processing..."
    },
    {
        "date": "2017-12-30",
        "symbol": "COT",
        "reportedCurrency": "USD",
        "cik": "0000000000",
        "fillingDate": "2017-12-30",
        "acceptedDate": "2017-12-29 19:00:00",
        "calendarYear": "2017",
        "period": "Q4",
        "revenue": 571300000,
        "costOfRevenue": 292300000,
        "grossProfit": 279000000,
        "grossProfitRatio": 0.488359881,
        "researchAndDevelopmentExpenses": 0,
        "generalAndAdministrativeExpenses": 264900000,
        "sellingAndMarketingExpenses": 0,
        "sellingGeneralAndAdministrativeExpenses": 264900000,
        "otherExpenses": 0,
        "operatingExpenses": 264900000,
        "costAndExpenses": 557200000,
        "interestIncome": 0,
        "interestExpense": 23400000,
        "depreciationAndAmortization": 46100000,
        "ebitda": 55600000,
        "ebitdaratio": 0.0973218974,
        "operatingIncome": 9500000,
        "operatingIncomeRatio": 0.0166287415,
        "totalOtherIncomeExpensesNet": 0,
        "incomeBeforeTax": 9500000,
        "incomeBeforeTaxRatio": 0.0166287415,
        "incomeTaxExpense": -31000000,
        "netIncome": 17100000,
        "netIncomeRatio": 0.0299317346,
        "eps": 0.12,
        "epsdiluted": 0.12,
        "weightedAverageShsOut": 139078000,
        "weightedAverageShsOutDil": 139078000,
        "link": "",
        "finalLink": "processing..."
    },
    {
        "date": "2017-09-30",
        "symbol": "COT",
        "reportedCurrency": "USD",
        "cik": "0000000000",
        "fillingDate": "2017-09-30",
        "acceptedDate": "2017-09-29 20:00:00",
        "calendarYear": "2017",
        "period": "Q3",
        "revenue": -212100000,
        "costOfRevenue": 407900000,
        "grossProfit": -620000000,
        "grossProfitRatio": 2.9231494578,
        "researchAndDevelopmentExpenses": 0,
        "generalAndAdministrativeExpenses": 187000000,
        "sellingAndMarketingExpenses": 0,
        "sellingGeneralAndAdministrativeExpenses": 187000000,
        "otherExpenses": 0,
        "operatingExpenses": 187000000,
        "costAndExpenses": -219600000,
        "interestIncome": 0,
        "interestExpense": -6900000,
        "depreciationAndAmortization": 5100000,
        "ebitda": 39200000,
        "ebitdaratio": -0.1848184818,
        "operatingIncome": 7500000,
        "operatingIncomeRatio": -0.0353606789,
        "totalOtherIncomeExpensesNet": 15100000,
        "incomeBeforeTax": 22600000,
        "incomeBeforeTaxRatio": -0.1065535125,
        "incomeTaxExpense": -1500000,
        "netIncome": 42500000,
        "netIncomeRatio": -0.2003771806,
        "eps": 0.31,
        "epsdiluted": 0.31,
        "weightedAverageShsOut": 138980000,
        "weightedAverageShsOutDil": 138980000,
        "link": "",
        "finalLink": "processing..."
    },
    {
        "date": "2017-07-01",
        "symbol": "COT",
        "reportedCurrency": "USD",
        "cik": "0000000000",
        "fillingDate": "2017-07-01",
        "acceptedDate": "2017-06-30 20:00:00",
        "calendarYear": "2017",
        "period": "Q2",
        "revenue": 1014100000,
        "costOfRevenue": 671800000,
        "grossProfit": 342300000,
        "grossProfitRatio": 0.3375406765,
        "researchAndDevelopmentExpenses": 0,
        "generalAndAdministrativeExpenses": 299700000,
        "sellingAndMarketingExpenses": 0,
        "sellingGeneralAndAdministrativeExpenses": 299700000,
        "otherExpenses": 0,
        "operatingExpenses": 299700000,
        "costAndExpenses": 971500000,
        "interestIncome": 0,
        "interestExpense": 33300000,
        "depreciationAndAmortization": 69800000,
        "ebitda": 79900000,
        "ebitdaratio": 0.0787890741,
        "operatingIncome": 30600000,
        "operatingIncomeRatio": 0.030174539,
        "totalOtherIncomeExpensesNet": -44100000,
        "incomeBeforeTax": -13500000,
        "incomeBeforeTaxRatio": -0.0133122966,
        "incomeTaxExpense": 1400000,
        "netIncome": -24600000,
        "netIncomeRatio": -0.0242579627,
        "eps": -0.18,
        "epsdiluted": -0.18,
        "weightedAverageShsOut": 138867000,
        "weightedAverageShsOutDil": 138867000,
        "link": "",
        "finalLink": "processing..."
    },
    {
        "date": "2017-04-01",
        "symbol": "COT",
        "reportedCurrency": "USD",
        "cik": "0000000000",
        "fillingDate": "2017-04-01",
        "acceptedDate": "2017-03-31 20:00:00",
        "calendarYear": "2017",
        "period": "Q1",
        "revenue": 896400000,
        "costOfRevenue": 585800000,
        "grossProfit": 310600000,
        "grossProfitRatio": 0.3464970995,
        "researchAndDevelopmentExpenses": 0,
        "generalAndAdministrativeExpenses": 291100000,
        "sellingAndMarketingExpenses": 0,
        "sellingGeneralAndAdministrativeExpenses": 291100000,
        "otherExpenses": 0,
        "operatingExpenses": 291100000,
        "costAndExpenses": 876900000,
        "interestIncome": 0,
        "interestExpense": 35700000,
        "depreciationAndAmortization": 64400000,
        "ebitda": 64800000,
        "ebitdaratio": 0.0722891566,
        "operatingIncome": 10800000,
        "operatingIncomeRatio": 0.0120481928,
        "totalOtherIncomeExpensesNet": -33000000,
        "incomeBeforeTax": -22200000,
        "incomeBeforeTaxRatio": -0.0247657296,
        "incomeTaxExpense": 1100000,
        "netIncome": -36400000,
        "netIncomeRatio": -0.0406068719,
        "eps": -0.26,
        "epsdiluted": -0.26,
        "weightedAverageShsOut": 138735000,
        "weightedAverageShsOutDil": 138735000,
        "link": "",
        "finalLink": "processing..."
    },
    {
        "date": "2016-12-31",
        "symbol": "COT",
        "reportedCurrency": "USD",
        "cik": "0000000000",
        "fillingDate": "2016-12-31",
        "acceptedDate": "2016-12-30 19:00:00",
        "calendarYear": "2016",
        "period": "Q4",
        "revenue": 887400000,
        "costOfRevenue": 585600000,
        "grossProfit": 301800000,
        "grossProfitRatio": 0.3400946586,
        "researchAndDevelopmentExpenses": 0,
        "generalAndAdministrativeExpenses": 296000000,
        "sellingAndMarketingExpenses": 0,
        "sellingGeneralAndAdministrativeExpenses": 296000000,
        "otherExpenses": 0,
        "operatingExpenses": 296000000,
        "costAndExpenses": 881600000,
        "interestIncome": 0,
        "interestExpense": 35000000,
        "depreciationAndAmortization": 69600000,
        "ebitda": 57700000,
        "ebitdaratio": 0.0650214109,
        "operatingIncome": -3700000,
        "operatingIncomeRatio": -0.0041694839,
        "totalOtherIncomeExpensesNet": -94300000,
        "incomeBeforeTax": -98000000,
        "incomeBeforeTaxRatio": -0.1104349786,
        "incomeTaxExpense": 31100000,
        "netIncome": -78000000,
        "netIncomeRatio": -0.0878972279,
        "eps": -0.61,
        "epsdiluted": -0.61,
        "weightedAverageShsOut": 128290000,
        "weightedAverageShsOutDil": 128290000,
        "link": "",
        "finalLink": "processing..."
    },
    {
        "date": "2016-10-01",
        "symbol": "COT",
        "reportedCurrency": "USD",
        "cik": "0000000000",
        "fillingDate": "2016-10-01",
        "acceptedDate": "2016-09-30 20:00:00",
        "calendarYear": "2016",
        "period": "Q3",
        "revenue": 885100000,
        "costOfRevenue": 579300000,
        "grossProfit": 305800000,
        "grossProfitRatio": 0.3454976839,
        "researchAndDevelopmentExpenses": 0,
        "generalAndAdministrativeExpenses": 263000000,
        "sellingAndMarketingExpenses": 0,
        "sellingGeneralAndAdministrativeExpenses": 263000000,
        "otherExpenses": 0,
        "operatingExpenses": 263000000,
        "costAndExpenses": 842300000,
        "interestIncome": 0,
        "interestExpense": 34400000,
        "depreciationAndAmortization": 63200000,
        "ebitda": 99500000,
        "ebitdaratio": 0.1124166761,
        "operatingIncome": 34600000,
        "operatingIncomeRatio": 0.0390916281,
        "totalOtherIncomeExpensesNet": -42200000,
        "incomeBeforeTax": -7600000,
        "incomeBeforeTaxRatio": -0.0085866004,
        "incomeTaxExpense": 5800000,
        "netIncome": -3900000,
        "netIncomeRatio": -0.0044062818,
        "eps": -0.0312,
        "epsdiluted": -0.031,
        "weightedAverageShsOut": 124900000,
        "weightedAverageShsOutDil": 125967000,
        "link": "",
        "finalLink": "processing..."
    },
    {
        "date": "2016-07-02",
        "symbol": "COT",
        "reportedCurrency": "USD",
        "cik": "0000000000",
        "fillingDate": "2016-07-02",
        "acceptedDate": "2016-07-01 20:00:00",
        "calendarYear": "2016",
        "period": "Q2",
        "revenue": 765000000,
        "costOfRevenue": 512400000,
        "grossProfit": 252600000,
        "grossProfitRatio": 0.3301960784,
        "researchAndDevelopmentExpenses": 0,
        "generalAndAdministrativeExpenses": 202100000,
        "sellingAndMarketingExpenses": 0,
        "sellingGeneralAndAdministrativeExpenses": 202100000,
        "otherExpenses": 0,
        "operatingExpenses": 202100000,
        "costAndExpenses": 714500000,
        "interestIncome": 0,
        "interestExpense": 27000000,
        "depreciationAndAmortization": 53300000,
        "ebitda": 85400000,
        "ebitdaratio": 0.1116339869,
        "operatingIncome": 36600000,
        "operatingIncomeRatio": 0.0478431373,
        "totalOtherIncomeExpensesNet": -39700000,
        "incomeBeforeTax": -3100000,
        "incomeBeforeTaxRatio": -0.0040522876,
        "incomeTaxExpense": -2300000,
        "netIncome": 7400000,
        "netIncomeRatio": 0.0096732026,
        "eps": 0.0626,
        "epsdiluted": 0.0622,
        "weightedAverageShsOut": 118253000,
        "weightedAverageShsOutDil": 119038000,
        "link": "",
        "finalLink": "processing..."
    },
    {
        "date": "2016-04-02",
        "symbol": "COT",
        "reportedCurrency": "USD",
        "cik": "0000000000",
        "fillingDate": "2016-04-02",
        "acceptedDate": "2016-04-01 20:00:00",
        "calendarYear": "2016",
        "period": "Q1",
        "revenue": 698400000,
        "costOfRevenue": 484400000,
        "grossProfit": 214000000,
        "grossProfitRatio": 0.3064146621,
        "researchAndDevelopmentExpenses": 0,
        "generalAndAdministrativeExpenses": 197000000,
        "sellingAndMarketingExpenses": 0,
        "sellingGeneralAndAdministrativeExpenses": 197000000,
        "otherExpenses": 0,
        "operatingExpenses": 197000000,
        "costAndExpenses": 681400000,
        "interestIncome": 0,
        "interestExpense": 27800000,
        "depreciationAndAmortization": 52300000,
        "ebitda": 67800000,
        "ebitdaratio": 0.0970790378,
        "operatingIncome": 14700000,
        "operatingIncomeRatio": 0.02104811,
        "totalOtherIncomeExpensesNet": -19200000,
        "incomeBeforeTax": -4500000,
        "incomeBeforeTaxRatio": -0.006443299,
        "incomeTaxExpense": -9000000,
        "netIncome": -3300000,
        "netIncomeRatio": -0.0047250859,
        "eps": -0.0291,
        "epsdiluted": -0.0291,
        "weightedAverageShsOut": 113267000,
        "weightedAverageShsOutDil": 113267000,
        "link": "",
        "finalLink": "processing..."
    },
    {
        "date": "2016-01-02",
        "symbol": "COT",
        "reportedCurrency": "USD",
        "cik": "0000000000",
        "fillingDate": "2016-01-02",
        "acceptedDate": "2016-01-01 19:00:00",
        "calendarYear": "2015",
        "period": "Q4",
        "revenue": 698800000,
        "costOfRevenue": 477700000,
        "grossProfit": 221100000,
        "grossProfitRatio": 0.3163995421,
        "researchAndDevelopmentExpenses": 0,
        "generalAndAdministrativeExpenses": 193700000,
        "sellingAndMarketingExpenses": 0,
        "sellingGeneralAndAdministrativeExpenses": 193700000,
        "otherExpenses": 0,
        "operatingExpenses": 193700000,
        "costAndExpenses": 671400000,
        "interestIncome": 0,
        "interestExpense": 111000000,
        "depreciationAndAmortization": 49900000,
        "ebitda": 150100000,
        "ebitdaratio": 0.2147967945,
        "operatingIncome": 18000000,
        "operatingIncomeRatio": 0.025758443,
        "totalOtherIncomeExpensesNet": -29500000,
        "incomeBeforeTax": -11500000,
        "incomeBeforeTaxRatio": -0.0164567831,
        "incomeTaxExpense": -6400000,
        "netIncome": -4400000,
        "netIncomeRatio": -0.0062965083,
        "eps": -0.0427,
        "epsdiluted": -0.0427,
        "weightedAverageShsOut": 103037000,
        "weightedAverageShsOutDil": 103037000,
        "link": "",
        "finalLink": ""
    },
    {
        "date": "2015-10-03",
        "symbol": "COT",
        "reportedCurrency": "USD",
        "cik": "0000000000",
        "fillingDate": "2015-10-03",
        "acceptedDate": "2015-10-02 20:00:00",
        "calendarYear": "2015",
        "period": "Q3",
        "revenue": 755600000,
        "costOfRevenue": 523100000,
        "grossProfit": 232500000,
        "grossProfitRatio": 0.3077024881,
        "researchAndDevelopmentExpenses": 0,
        "generalAndAdministrativeExpenses": 196200000,
        "sellingAndMarketingExpenses": 0,
        "sellingGeneralAndAdministrativeExpenses": 196200000,
        "otherExpenses": 0,
        "operatingExpenses": 196200000,
        "costAndExpenses": 719300000,
        "interestIncome": 0,
        "interestExpense": 0,
        "depreciationAndAmortization": 58000000,
        "ebitda": 57000000,
        "ebitdaratio": 0.075436739,
        "operatingIncome": 28600000,
        "operatingIncomeRatio": 0.0378507147,
        "totalOtherIncomeExpensesNet": -35600000,
        "incomeBeforeTax": -7000000,
        "incomeBeforeTaxRatio": -0.0092641609,
        "incomeTaxExpense": -5800000,
        "netIncome": 4800000,
        "netIncomeRatio": 0.0063525675,
        "eps": 0.0476,
        "epsdiluted": 0.0473,
        "weightedAverageShsOut": 100818000,
        "weightedAverageShsOutDil": 101387000,
        "link": "",
        "finalLink": ""
    },
    {
        "date": "2015-07-04",
        "symbol": "COT",
        "reportedCurrency": "USD",
        "cik": "0000000000",
        "fillingDate": "2015-07-04",
        "acceptedDate": "2015-07-03 20:00:00",
        "calendarYear": "2015",
        "period": "Q2",
        "revenue": 779800000,
        "costOfRevenue": 539200000,
        "grossProfit": 240600000,
        "grossProfitRatio": 0.3085406514,
        "researchAndDevelopmentExpenses": 0,
        "generalAndAdministrativeExpenses": 190200000,
        "sellingAndMarketingExpenses": 0,
        "sellingGeneralAndAdministrativeExpenses": 190200000,
        "otherExpenses": 0,
        "operatingExpenses": 190200000,
        "costAndExpenses": 729400000,
        "interestIncome": 0,
        "interestExpense": -27700000,
        "depreciationAndAmortization": 57900000,
        "ebitda": 31300000,
        "ebitdaratio": 0.0401384971,
        "operatingIncome": 46100000,
        "operatingIncomeRatio": 0.0591177225,
        "totalOtherIncomeExpensesNet": -5600000,
        "incomeBeforeTax": 40500000,
        "incomeBeforeTaxRatio": 0.0519363939,
        "incomeTaxExpense": -1100000,
        "netIncome": 2200000,
        "netIncomeRatio": 0.0028212362,
        "eps": 0.0228,
        "epsdiluted": 0.0228,
        "weightedAverageShsOut": 96384000,
        "weightedAverageShsOutDil": 96384000,
        "link": "",
        "finalLink": ""
    },
    {
        "date": "2015-04-04",
        "symbol": "COT",
        "reportedCurrency": "USD",
        "cik": "0000000000",
        "fillingDate": "2015-04-04",
        "acceptedDate": "2015-04-03 20:00:00",
        "calendarYear": "2015",
        "period": "Q1",
        "revenue": 709800000,
        "costOfRevenue": 508500000,
        "grossProfit": 201300000,
        "grossProfitRatio": 0.2836010144,
        "researchAndDevelopmentExpenses": 0,
        "generalAndAdministrativeExpenses": 188500000,
        "sellingAndMarketingExpenses": 0,
        "sellingGeneralAndAdministrativeExpenses": 188500000,
        "otherExpenses": 0,
        "operatingExpenses": 188500000,
        "costAndExpenses": 697000000,
        "interestIncome": 0,
        "interestExpense": 27700000,
        "depreciationAndAmortization": 57200000,
        "ebitda": 69500000,
        "ebitdaratio": 0.0979149056,
        "operatingIncome": 6700000,
        "operatingIncomeRatio": 0.0094392787,
        "totalOtherIncomeExpensesNet": -33700000,
        "incomeBeforeTax": -27000000,
        "incomeBeforeTaxRatio": -0.0380388842,
        "incomeTaxExpense": -9400000,
        "netIncome": -6000000,
        "netIncomeRatio": -0.0084530854,
        "eps": -0.0644,
        "epsdiluted": -0.0644,
        "weightedAverageShsOut": 93196000,
        "weightedAverageShsOutDil": 93196000,
        "link": "",
        "finalLink": ""
    },
    {
        "date": "2015-01-03",
        "symbol": "COT",
        "reportedCurrency": "USD",
        "cik": "0000000000",
        "fillingDate": "2015-01-03",
        "acceptedDate": "2015-01-02 19:00:00",
        "calendarYear": "2014",
        "period": "Q4",
        "revenue": 541800000,
        "costOfRevenue": 452900000,
        "grossProfit": 88900000,
        "grossProfitRatio": 0.1640826873,
        "researchAndDevelopmentExpenses": 0,
        "generalAndAdministrativeExpenses": 120800000,
        "sellingAndMarketingExpenses": 0,
        "sellingGeneralAndAdministrativeExpenses": 120800000,
        "otherExpenses": 0,
        "operatingExpenses": 120800000,
        "costAndExpenses": 573700000,
        "interestIncome": 0,
        "interestExpense": 12500000,
        "depreciationAndAmortization": 32400000,
        "ebitda": -400000,
        "ebitdaratio": -0.0007382798,
        "operatingIncome": -32400000,
        "operatingIncomeRatio": -0.0598006645,
        "totalOtherIncomeExpensesNet": 29400000,
        "incomeBeforeTax": -3000000,
        "incomeBeforeTaxRatio": -0.0055370986,
        "incomeTaxExpense": -64800000,
        "netIncome": 19500000,
        "netIncomeRatio": 0.0359911406,
        "eps": 0.21,
        "epsdiluted": 0.2,
        "weightedAverageShsOut": 93777000,
        "weightedAverageShsOutDil": 95900000,
        "link": "",
        "finalLink": ""
    },
    {
        "date": "2014-09-27",
        "symbol": "COT",
        "reportedCurrency": "USD",
        "cik": "0000000000",
        "fillingDate": "2014-09-27",
        "acceptedDate": "2014-09-26 20:00:00",
        "calendarYear": "2014",
        "period": "Q3",
        "revenue": 535000000,
        "costOfRevenue": 471500000,
        "grossProfit": 63500000,
        "grossProfitRatio": 0.1186915888,
        "researchAndDevelopmentExpenses": 0,
        "generalAndAdministrativeExpenses": 45000000,
        "sellingAndMarketingExpenses": 0,
        "sellingGeneralAndAdministrativeExpenses": 45000000,
        "otherExpenses": 0,
        "operatingExpenses": 45000000,
        "costAndExpenses": 516500000,
        "interestIncome": 0,
        "interestExpense": 9000000,
        "depreciationAndAmortization": 27900000,
        "ebitda": 39100000,
        "ebitdaratio": 0.0730841121,
        "operatingIncome": 17900000,
        "operatingIncomeRatio": 0.0334579439,
        "totalOtherIncomeExpensesNet": -32000000,
        "incomeBeforeTax": -14100000,
        "incomeBeforeTaxRatio": -0.0263551402,
        "incomeTaxExpense": 1800000,
        "netIncome": 400000,
        "netIncomeRatio": 0.0007476636,
        "eps": 0.0043,
        "epsdiluted": 0.0043,
        "weightedAverageShsOut": 94053000,
        "weightedAverageShsOutDil": 94053000,
        "link": "",
        "finalLink": ""
    },
    {
        "date": "2014-06-28",
        "symbol": "COT",
        "reportedCurrency": "USD",
        "cik": "0000000000",
        "fillingDate": "2014-06-28",
        "acceptedDate": "2014-06-27 20:00:00",
        "calendarYear": "2014",
        "period": "Q2",
        "revenue": 550900000,
        "costOfRevenue": 477100000,
        "grossProfit": 73800000,
        "grossProfitRatio": 0.1339626066,
        "researchAndDevelopmentExpenses": 0,
        "generalAndAdministrativeExpenses": 46900000,
        "sellingAndMarketingExpenses": 0,
        "sellingGeneralAndAdministrativeExpenses": 46900000,
        "otherExpenses": 0,
        "operatingExpenses": 46900000,
        "costAndExpenses": 524000000,
        "interestIncome": 0,
        "interestExpense": 8400000,
        "depreciationAndAmortization": 26600000,
        "ebitda": 31500000,
        "ebitdaratio": 0.0571791614,
        "operatingIncome": 26100000,
        "operatingIncomeRatio": 0.0473770194,
        "totalOtherIncomeExpensesNet": -22300000,
        "incomeBeforeTax": 3800000,
        "incomeBeforeTaxRatio": 0.0068978036,
        "incomeTaxExpense": 2500000,
        "netIncome": -6000000,
        "netIncomeRatio": -0.0108912688,
        "eps": -0.0636,
        "epsdiluted": -0.0636,
        "weightedAverageShsOut": 94276000,
        "weightedAverageShsOutDil": 94276000,
        "link": "",
        "finalLink": ""
    },
    {
        "date": "2014-03-29",
        "symbol": "COT",
        "reportedCurrency": "USD",
        "cik": "0000000000",
        "fillingDate": "2014-03-29",
        "acceptedDate": "2014-03-28 20:00:00",
        "calendarYear": "2014",
        "period": "Q1",
        "revenue": 475100000,
        "costOfRevenue": 424800000,
        "grossProfit": 50300000,
        "grossProfitRatio": 0.1058724479,
        "researchAndDevelopmentExpenses": 0,
        "generalAndAdministrativeExpenses": 42300000,
        "sellingAndMarketingExpenses": 0,
        "sellingGeneralAndAdministrativeExpenses": 42300000,
        "otherExpenses": 0,
        "operatingExpenses": 42300000,
        "costAndExpenses": 467100000,
        "interestIncome": 0,
        "interestExpense": 9800000,
        "depreciationAndAmortization": 25900000,
        "ebitda": 30900000,
        "ebitdaratio": 0.0650389392,
        "operatingIncome": 4100000,
        "operatingIncomeRatio": 0.0086297622,
        "totalOtherIncomeExpensesNet": -8300000,
        "incomeBeforeTax": -4200000,
        "incomeBeforeTaxRatio": -0.0088402442,
        "incomeTaxExpense": -900000,
        "netIncome": -3900000,
        "netIncomeRatio": -0.0082087981,
        "eps": -0.0413,
        "epsdiluted": -0.0413,
        "weightedAverageShsOut": 94319000,
        "weightedAverageShsOutDil": 94319000,
        "link": "",
        "finalLink": ""
    },
    {
        "date": "2013-12-28",
        "symbol": "COT",
        "reportedCurrency": "USD",
        "cik": "0000000000",
        "fillingDate": "2013-12-28",
        "acceptedDate": "2013-12-27 19:00:00",
        "calendarYear": "2013",
        "period": "Q4",
        "revenue": 481600000,
        "costOfRevenue": 427600000,
        "grossProfit": 54000000,
        "grossProfitRatio": 0.1121262458,
        "researchAndDevelopmentExpenses": 0,
        "generalAndAdministrativeExpenses": 39500000,
        "sellingAndMarketingExpenses": 0,
        "sellingGeneralAndAdministrativeExpenses": 39500000,
        "otherExpenses": 0,
        "operatingExpenses": 39500000,
        "costAndExpenses": 467100000,
        "interestIncome": 0,
        "interestExpense": 12200000,
        "depreciationAndAmortization": 26700000,
        "ebitda": 27300000,
        "ebitdaratio": 0.0566860465,
        "operatingIncome": 14900000,
        "operatingIncomeRatio": 0.0309385382,
        "totalOtherIncomeExpensesNet": -25100000,
        "incomeBeforeTax": -10200000,
        "incomeBeforeTaxRatio": -0.021179402,
        "incomeTaxExpense": -100000,
        "netIncome": -11500000,
        "netIncomeRatio": -0.0238787375,
        "eps": -0.12,
        "epsdiluted": -0.12,
        "weightedAverageShsOut": 94750000,
        "weightedAverageShsOutDil": 95633000,
        "link": "",
        "finalLink": ""
    },
    {
        "date": "2013-09-28",
        "symbol": "COT",
        "reportedCurrency": "USD",
        "cik": "0000000000",
        "fillingDate": "2013-09-28",
        "acceptedDate": "2013-09-27 20:00:00",
        "calendarYear": "2013",
        "period": "Q3",
        "revenue": 543200000,
        "costOfRevenue": 478200000,
        "grossProfit": 65000000,
        "grossProfitRatio": 0.1196612666,
        "researchAndDevelopmentExpenses": 0,
        "generalAndAdministrativeExpenses": 37900000,
        "sellingAndMarketingExpenses": 0,
        "sellingGeneralAndAdministrativeExpenses": 37900000,
        "otherExpenses": 0,
        "operatingExpenses": 37900000,
        "costAndExpenses": 516100000,
        "interestIncome": 0,
        "interestExpense": 13300000,
        "depreciationAndAmortization": 25800000,
        "ebitda": 51200000,
        "ebitdaratio": 0.0942562592,
        "operatingIncome": 26000000,
        "operatingIncomeRatio": 0.0478645066,
        "totalOtherIncomeExpensesNet": -900000,
        "incomeBeforeTax": 25100000,
        "incomeBeforeTaxRatio": 0.0462076583,
        "incomeTaxExpense": 100000,
        "netIncome": 12000000,
        "netIncomeRatio": 0.0220913108,
        "eps": 0.13,
        "epsdiluted": 0.13,
        "weightedAverageShsOut": 94922000,
        "weightedAverageShsOutDil": 95755000,
        "link": "updating...",
        "finalLink": ""
    },
    {
        "date": "2013-06-29",
        "symbol": "COT",
        "reportedCurrency": "USD",
        "cik": "0000000000",
        "fillingDate": "2013-06-29",
        "acceptedDate": "2013-06-28 20:00:00",
        "calendarYear": "2013",
        "period": "Q2",
        "revenue": 563800000,
        "costOfRevenue": 487200000,
        "grossProfit": 76600000,
        "grossProfitRatio": 0.1358637815,
        "researchAndDevelopmentExpenses": 0,
        "generalAndAdministrativeExpenses": 41700000,
        "sellingAndMarketingExpenses": 0,
        "sellingGeneralAndAdministrativeExpenses": 41700000,
        "otherExpenses": 0,
        "operatingExpenses": 41700000,
        "costAndExpenses": 528900000,
        "interestIncome": 0,
        "interestExpense": 12800000,
        "depreciationAndAmortization": 25700000,
        "ebitda": 56400000,
        "ebitdaratio": 0.1000354736,
        "operatingIncome": 32600000,
        "operatingIncomeRatio": 0.0578219227,
        "totalOtherIncomeExpensesNet": -31400000,
        "incomeBeforeTax": 1200000,
        "incomeBeforeTaxRatio": 0.0021284143,
        "incomeTaxExpense": 1700000,
        "netIncome": 16200000,
        "netIncomeRatio": 0.0287335935,
        "eps": 0.17,
        "epsdiluted": 0.17,
        "weightedAverageShsOut": 95265000,
        "weightedAverageShsOutDil": 96048000,
        "link": "updating...",
        "finalLink": ""
    },
    {
        "date": "2013-03-30",
        "symbol": "COT",
        "reportedCurrency": "USD",
        "cik": "0000000000",
        "fillingDate": "2013-03-30",
        "acceptedDate": "2013-03-29 20:00:00",
        "calendarYear": "2013",
        "period": "Q1",
        "revenue": 505400000,
        "costOfRevenue": 449000000,
        "grossProfit": 56400000,
        "grossProfitRatio": 0.1115947764,
        "researchAndDevelopmentExpenses": 0,
        "generalAndAdministrativeExpenses": 41300000,
        "sellingAndMarketingExpenses": 0,
        "sellingGeneralAndAdministrativeExpenses": 41300000,
        "otherExpenses": 0,
        "operatingExpenses": 41300000,
        "costAndExpenses": 490300000,
        "interestIncome": 0,
        "interestExpense": 13300000,
        "depreciationAndAmortization": 25400000,
        "ebitda": 39500000,
        "ebitdaratio": 0.0781559161,
        "operatingIncome": 15100000,
        "operatingIncomeRatio": 0.0298773249,
        "totalOtherIncomeExpensesNet": -13600000,
        "incomeBeforeTax": 1500000,
        "incomeBeforeTaxRatio": 0.0029679462,
        "incomeTaxExpense": 500000,
        "netIncome": 300000,
        "netIncomeRatio": 0.0005935892,
        "eps": 0.0031,
        "epsdiluted": 0.0031,
        "weightedAverageShsOut": 95371000,
        "weightedAverageShsOutDil": 95801000,
        "link": "updating...",
        "finalLink": ""
    },
    {
        "date": "2012-12-29",
        "symbol": "COT",
        "reportedCurrency": "USD",
        "cik": "0000000000",
        "fillingDate": "2012-12-29",
        "acceptedDate": "2012-12-28 19:00:00",
        "calendarYear": "2012",
        "period": "Q4",
        "revenue": 517200000,
        "costOfRevenue": 456600000,
        "grossProfit": 60600000,
        "grossProfitRatio": 0.1171693735,
        "researchAndDevelopmentExpenses": 0,
        "generalAndAdministrativeExpenses": 43600000,
        "sellingAndMarketingExpenses": 0,
        "sellingGeneralAndAdministrativeExpenses": 43600000,
        "otherExpenses": 0,
        "operatingExpenses": 43600000,
        "costAndExpenses": 500200000,
        "interestIncome": 0,
        "interestExpense": 13600000,
        "depreciationAndAmortization": 26300000,
        "ebitda": 41300000,
        "ebitdaratio": 0.0798530549,
        "operatingIncome": 16900000,
        "operatingIncomeRatio": 0.0326759474,
        "totalOtherIncomeExpensesNet": -14400000,
        "incomeBeforeTax": 2500000,
        "incomeBeforeTaxRatio": 0.00483372,
        "incomeTaxExpense": -900000,
        "netIncome": 2300000,
        "netIncomeRatio": 0.0044470224,
        "eps": 0.0243,
        "epsdiluted": 0.0243,
        "weightedAverageShsOut": 94553000,
        "weightedAverageShsOutDil": 94775000,
        "link": "updating...",
        "finalLink": ""
    },
    {
        "date": "2012-09-29",
        "symbol": "COT",
        "reportedCurrency": "USD",
        "cik": "0000000000",
        "fillingDate": "2012-09-29",
        "acceptedDate": "2012-09-28 20:00:00",
        "calendarYear": "2012",
        "period": "Q3",
        "revenue": 583800000,
        "costOfRevenue": 510600000,
        "grossProfit": 73200000,
        "grossProfitRatio": 0.125385406,
        "researchAndDevelopmentExpenses": 0,
        "generalAndAdministrativeExpenses": 43800000,
        "sellingAndMarketingExpenses": 0,
        "sellingGeneralAndAdministrativeExpenses": 43800000,
        "otherExpenses": 0,
        "operatingExpenses": 43800000,
        "costAndExpenses": 554400000,
        "interestIncome": 0,
        "interestExpense": 13100000,
        "depreciationAndAmortization": 25500000,
        "ebitda": 54300000,
        "ebitdaratio": 0.0930113052,
        "operatingIncome": 28600000,
        "operatingIncomeRatio": 0.0489893799,
        "totalOtherIncomeExpensesNet": -11600000,
        "incomeBeforeTax": 17000000,
        "incomeBeforeTaxRatio": 0.0291195615,
        "incomeTaxExpense": 1200000,
        "netIncome": 14500000,
        "netIncomeRatio": 0.024837273,
        "eps": 0.15,
        "epsdiluted": 0.15,
        "weightedAverageShsOut": 94461000,
        "weightedAverageShsOutDil": 95591000,
        "link": "updating...",
        "finalLink": ""
    },
    {
        "date": "2012-06-30",
        "symbol": "COT",
        "reportedCurrency": "USD",
        "cik": "0000000000",
        "fillingDate": "2012-06-30",
        "acceptedDate": "2012-06-29 20:00:00",
        "calendarYear": "2012",
        "period": "Q2",
        "revenue": 625800000,
        "costOfRevenue": 533500000,
        "grossProfit": 92300000,
        "grossProfitRatio": 0.1474912112,
        "researchAndDevelopmentExpenses": 0,
        "generalAndAdministrativeExpenses": 48800000,
        "sellingAndMarketingExpenses": 0,
        "sellingGeneralAndAdministrativeExpenses": 48800000,
        "otherExpenses": 0,
        "operatingExpenses": 48800000,
        "costAndExpenses": 582300000,
        "interestIncome": 0,
        "interestExpense": 13500000,
        "depreciationAndAmortization": 24600000,
        "ebitda": 67100000,
        "ebitdaratio": 0.1072227549,
        "operatingIncome": 43200000,
        "operatingIncomeRatio": 0.0690316395,
        "totalOtherIncomeExpensesNet": -13000000,
        "incomeBeforeTax": 30200000,
        "incomeBeforeTaxRatio": 0.0482582295,
        "incomeTaxExpense": 3900000,
        "netIncome": 25100000,
        "netIncomeRatio": 0.0401086609,
        "eps": 0.27,
        "epsdiluted": 0.26,
        "weightedAverageShsOut": 94448000,
        "weightedAverageShsOutDil": 95479000,
        "link": "updating...",
        "finalLink": ""
    },
    {
        "date": "2012-03-31",
        "symbol": "COT",
        "reportedCurrency": "USD",
        "cik": "0000000000",
        "fillingDate": "2012-03-31",
        "acceptedDate": "2012-03-30 20:00:00",
        "calendarYear": "2012",
        "period": "Q1",
        "revenue": 523800000,
        "costOfRevenue": 460400000,
        "grossProfit": 63400000,
        "grossProfitRatio": 0.1210385643,
        "researchAndDevelopmentExpenses": 0,
        "generalAndAdministrativeExpenses": 41800000,
        "sellingAndMarketingExpenses": 0,
        "sellingGeneralAndAdministrativeExpenses": 41800000,
        "otherExpenses": 0,
        "operatingExpenses": 41800000,
        "costAndExpenses": 502200000,
        "interestIncome": 0,
        "interestExpense": 14000000,
        "depreciationAndAmortization": 25000000,
        "ebitda": 45300000,
        "ebitdaratio": 0.0864833906,
        "operatingIncome": 21000000,
        "operatingIncomeRatio": 0.040091638,
        "totalOtherIncomeExpensesNet": -13800000,
        "incomeBeforeTax": 7200000,
        "incomeBeforeTaxRatio": 0.0137457045,
        "incomeTaxExpense": 400000,
        "netIncome": 5900000,
        "netIncomeRatio": 0.0112638412,
        "eps": 0.0625,
        "epsdiluted": 0.0616,
        "weightedAverageShsOut": 94427000,
        "weightedAverageShsOutDil": 95702000,
        "link": "updating...",
        "finalLink": ""
    },
    {
        "date": "2011-12-31",
        "symbol": "COT",
        "reportedCurrency": "USD",
        "cik": "0000000000",
        "fillingDate": "2011-12-31",
        "acceptedDate": "2011-12-30 19:00:00",
        "calendarYear": "2011",
        "period": "Q4",
        "revenue": 549200000,
        "costOfRevenue": 497800000,
        "grossProfit": 51400000,
        "grossProfitRatio": 0.0935906773,
        "researchAndDevelopmentExpenses": 0,
        "generalAndAdministrativeExpenses": 44400000,
        "sellingAndMarketingExpenses": 0,
        "sellingGeneralAndAdministrativeExpenses": 44400000,
        "otherExpenses": 0,
        "operatingExpenses": 44400000,
        "costAndExpenses": 542200000,
        "interestIncome": 0,
        "interestExpense": 13700000,
        "depreciationAndAmortization": 24900000,
        "ebitda": 27700000,
        "ebitdaratio": 0.0504369993,
        "operatingIncome": 4300000,
        "operatingIncomeRatio": 0.0078295703,
        "totalOtherIncomeExpensesNet": -14700000,
        "incomeBeforeTax": -10400000,
        "incomeBeforeTaxRatio": -0.0189366351,
        "incomeTaxExpense": 1000000,
        "netIncome": -11900000,
        "netIncomeRatio": -0.0216678806,
        "eps": -0.13,
        "epsdiluted": -0.13,
        "weightedAverageShsOut": 94241000,
        "weightedAverageShsOutDil": 95001000,
        "link": "updating...",
        "finalLink": ""
    },
    {
        "date": "2011-10-01",
        "symbol": "COT",
        "reportedCurrency": "USD",
        "cik": "0000000000",
        "fillingDate": "2011-10-01",
        "acceptedDate": "2011-09-30 20:00:00",
        "calendarYear": "2011",
        "period": "Q3",
        "revenue": 611300000,
        "costOfRevenue": 543700000,
        "grossProfit": 67600000,
        "grossProfitRatio": 0.1105840013,
        "researchAndDevelopmentExpenses": 0,
        "generalAndAdministrativeExpenses": 38100000,
        "sellingAndMarketingExpenses": 0,
        "sellingGeneralAndAdministrativeExpenses": 38100000,
        "otherExpenses": 0,
        "operatingExpenses": 38100000,
        "costAndExpenses": 581800000,
        "interestIncome": 0,
        "interestExpense": 14400000,
        "depreciationAndAmortization": 25100000,
        "ebitda": 51700000,
        "ebitdaratio": 0.084573859,
        "operatingIncome": 29000000,
        "operatingIncomeRatio": 0.0474398822,
        "totalOtherIncomeExpensesNet": -15700000,
        "incomeBeforeTax": 13300000,
        "incomeBeforeTaxRatio": 0.0217569115,
        "incomeTaxExpense": -4000000,
        "netIncome": 16200000,
        "netIncomeRatio": 0.0265008997,
        "eps": 0.17,
        "epsdiluted": 0.17,
        "weightedAverageShsOut": 94179000,
        "weightedAverageShsOutDil": 94899000,
        "link": "updating...",
        "finalLink": ""
    },
    {
        "date": "2011-07-02",
        "symbol": "COT",
        "reportedCurrency": "USD",
        "cik": "0000000000",
        "fillingDate": "2011-07-02",
        "acceptedDate": "2011-07-01 20:00:00",
        "calendarYear": "2011",
        "period": "Q2",
        "revenue": -768700000,
        "costOfRevenue": 278100000,
        "grossProfit": -1046800000,
        "grossProfitRatio": 1.3617796279,
        "researchAndDevelopmentExpenses": 0,
        "generalAndAdministrativeExpenses": -982400000,
        "sellingAndMarketingExpenses": 0,
        "sellingGeneralAndAdministrativeExpenses": -1066700000,
        "otherExpenses": 0,
        "operatingExpenses": -1066700000,
        "costAndExpenses": -710100000,
        "interestIncome": 0,
        "interestExpense": -46500000,
        "depreciationAndAmortization": -156100000,
        "ebitda": -209400000,
        "ebitdaratio": 0.2724079615,
        "operatingIncome": -58600000,
        "operatingIncomeRatio": 0.0762326005,
        "totalOtherIncomeExpensesNet": 49800000,
        "incomeBeforeTax": -8800000,
        "incomeBeforeTaxRatio": 0.0114478991,
        "incomeTaxExpense": 12200000,
        "netIncome": -19000000,
        "netIncomeRatio": 0.0247170548,
        "eps": -0.2,
        "epsdiluted": -0.2,
        "weightedAverageShsOut": 94107000,
        "weightedAverageShsOutDil": 95424000,
        "link": "updating...",
        "finalLink": ""
    }
]