[
    {
        "date": "2025-06-30",
        "symbol": "COTY",
        "reportedCurrency": "USD",
        "cik": "0001024305",
        "fillingDate": "2025-08-21",
        "acceptedDate": "2025-08-21 16:43:00",
        "calendarYear": "2025",
        "period": "Q4",
        "revenue": 1252400000,
        "costOfRevenue": 472700000,
        "grossProfit": 779700000,
        "grossProfitRatio": 0.6225646758,
        "researchAndDevelopmentExpenses": 0,
        "generalAndAdministrativeExpenses": 0,
        "sellingAndMarketingExpenses": 0,
        "sellingGeneralAndAdministrativeExpenses": 720600000,
        "otherExpenses": 43600000,
        "operatingExpenses": 764200000,
        "costAndExpenses": 1236900000,
        "interestIncome": 5400000,
        "interestExpense": 59700000,
        "depreciationAndAmortization": 104700000,
        "ebitda": 90900000,
        "ebitdaratio": 0.0725806452,
        "operatingIncome": 15500000,
        "operatingIncomeRatio": 0.0123762376,
        "totalOtherIncomeExpensesNet": -89000000,
        "incomeBeforeTax": -73500000,
        "incomeBeforeTaxRatio": -0.0586873203,
        "incomeTaxExpense": -4200000,
        "netIncome": -68800000,
        "netIncomeRatio": -0.0549345257,
        "eps": -0.0827,
        "epsdiluted": -0.0827,
        "weightedAverageShsOut": 872100000,
        "weightedAverageShsOutDil": 872100000,
        "link": "https://www.sec.gov/Archives/edgar/data/1024305/000102430525000030/0001024305-25-000030-index.htm",
        "finalLink": "https://www.sec.gov/Archives/edgar/data/1024305/000102430525000030/coty-20250630.htm"
    },
    {
        "date": "2025-03-31",
        "symbol": "COTY",
        "reportedCurrency": "USD",
        "cik": "0001024305",
        "fillingDate": "2025-05-07",
        "acceptedDate": "2025-05-07 16:03:05",
        "calendarYear": "2025",
        "period": "Q3",
        "revenue": 1299100000,
        "costOfRevenue": 466700000,
        "grossProfit": 832400000,
        "grossProfitRatio": 0.6407512894,
        "researchAndDevelopmentExpenses": 0,
        "generalAndAdministrativeExpenses": 0,
        "sellingAndMarketingExpenses": 0,
        "sellingGeneralAndAdministrativeExpenses": 777500000,
        "otherExpenses": 335300000,
        "operatingExpenses": 1112800000,
        "costAndExpenses": 1579500000,
        "interestIncome": 4200000,
        "interestExpense": 50200000,
        "depreciationAndAmortization": 105100000,
        "ebitda": -305300000,
        "ebitdaratio": -0.2350088523,
        "operatingIncome": -280400000,
        "operatingIncomeRatio": -0.2158417366,
        "totalOtherIncomeExpensesNet": -180200000,
        "incomeBeforeTax": -460600000,
        "incomeBeforeTaxRatio": -0.3545531522,
        "incomeTaxExpense": -58400000,
        "netIncome": -405700000,
        "netIncomeRatio": -0.312293126,
        "eps": -0.47,
        "epsdiluted": -0.47,
        "weightedAverageShsOut": 872100000,
        "weightedAverageShsOutDil": 872100000,
        "link": "https://www.sec.gov/Archives/edgar/data/1024305/000102430525000018/0001024305-25-000018-index.htm",
        "finalLink": "https://www.sec.gov/Archives/edgar/data/1024305/000102430525000018/coty-20250331.htm"
    },
    {
        "date": "2024-12-31",
        "symbol": "COTY",
        "reportedCurrency": "USD",
        "cik": "0001024305",
        "fillingDate": "2025-02-10",
        "acceptedDate": "2025-02-10 16:14:51",
        "calendarYear": "2025",
        "period": "Q2",
        "revenue": 1669900000,
        "costOfRevenue": 555700000,
        "grossProfit": 1114200000,
        "grossProfitRatio": 0.6672255824,
        "researchAndDevelopmentExpenses": 0,
        "generalAndAdministrativeExpenses": 0,
        "sellingAndMarketingExpenses": 0,
        "sellingGeneralAndAdministrativeExpenses": 797300000,
        "otherExpenses": 48700000,
        "operatingExpenses": 797000000,
        "costAndExpenses": 1401700000,
        "interestIncome": 3700000,
        "interestExpense": 56700000,
        "depreciationAndAmortization": 105600000,
        "ebitda": 218900000,
        "ebitdaratio": 0.1310856938,
        "operatingIncome": 268200000,
        "operatingIncomeRatio": 0.1606084197,
        "totalOtherIncomeExpensesNet": -211600000,
        "incomeBeforeTax": 56600000,
        "incomeBeforeTaxRatio": 0.0338942452,
        "incomeTaxExpense": 26000000,
        "netIncome": 23700000,
        "netIncomeRatio": 0.0141924666,
        "eps": 0.0234,
        "epsdiluted": 0.0233,
        "weightedAverageShsOut": 871400000,
        "weightedAverageShsOutDil": 875200000,
        "link": "https://www.sec.gov/Archives/edgar/data/1024305/000102430525000007/0001024305-25-000007-index.htm",
        "finalLink": "https://www.sec.gov/Archives/edgar/data/1024305/000102430525000007/coty-20241231.htm"
    },
    {
        "date": "2024-09-30",
        "symbol": "COTY",
        "reportedCurrency": "USD",
        "cik": "0001024305",
        "fillingDate": "2024-11-06",
        "acceptedDate": "2024-11-06 16:46:55",
        "calendarYear": "2025",
        "period": "Q1",
        "revenue": 1671500000,
        "costOfRevenue": 576900000,
        "grossProfit": 1094600000,
        "grossProfitRatio": 0.6548609034,
        "researchAndDevelopmentExpenses": 0,
        "generalAndAdministrativeExpenses": 0,
        "sellingAndMarketingExpenses": 0,
        "sellingGeneralAndAdministrativeExpenses": 808000000,
        "otherExpenses": 48800000,
        "operatingExpenses": 856800000,
        "costAndExpenses": 1433700000,
        "interestIncome": 3300000,
        "interestExpense": 60400000,
        "depreciationAndAmortization": 104600000,
        "ebitda": 297700000,
        "ebitdaratio": 0.1781034999,
        "operatingIncome": 237800000,
        "operatingIncomeRatio": 0.1422674245,
        "totalOtherIncomeExpensesNet": -105100000,
        "incomeBeforeTax": 132700000,
        "incomeBeforeTaxRatio": 0.0793897697,
        "incomeTaxExpense": 42000000,
        "netIncome": 82900000,
        "netIncomeRatio": 0.0495961711,
        "eps": 0.0917,
        "epsdiluted": 0.0909,
        "weightedAverageShsOut": 867900000,
        "weightedAverageShsOutDil": 875300000,
        "link": "https://www.sec.gov/Archives/edgar/data/1024305/000102430524000071/0001024305-24-000071-index.htm",
        "finalLink": "https://www.sec.gov/Archives/edgar/data/1024305/000102430524000071/coty-20240930.htm"
    },
    {
        "date": "2024-06-30",
        "symbol": "COTY",
        "reportedCurrency": "USD",
        "cik": "0001024305",
        "fillingDate": "2024-08-20",
        "acceptedDate": "2024-08-20 16:40:47",
        "calendarYear": "2024",
        "period": "Q4",
        "revenue": 1363400000,
        "costOfRevenue": 535800000,
        "grossProfit": 827600000,
        "grossProfitRatio": 0.6070118821,
        "researchAndDevelopmentExpenses": 126800000,
        "generalAndAdministrativeExpenses": -841300000,
        "sellingAndMarketingExpenses": 1625500000,
        "sellingGeneralAndAdministrativeExpenses": 791200000,
        "otherExpenses": -80400000,
        "operatingExpenses": 791200000,
        "costAndExpenses": 1327000000,
        "interestIncome": 4000000,
        "interestExpense": 64300000,
        "depreciationAndAmortization": 104500000,
        "ebitda": 52100000,
        "ebitdaratio": 0.0382132903,
        "operatingIncome": 36400000,
        "operatingIncomeRatio": 0.026697961,
        "totalOtherIncomeExpensesNet": -142100000,
        "incomeBeforeTax": -107400000,
        "incomeBeforeTaxRatio": -0.0787736541,
        "incomeTaxExpense": -11800000,
        "netIncome": -96900000,
        "netIncomeRatio": -0.0710723192,
        "eps": -0.12,
        "epsdiluted": -0.12,
        "weightedAverageShsOut": 867900000,
        "weightedAverageShsOutDil": 867900000,
        "link": "https://www.sec.gov/Archives/edgar/data/1024305/000102430524000035/0001024305-24-000035-index.htm",
        "finalLink": "https://www.sec.gov/Archives/edgar/data/1024305/000102430524000035/coty-20240630.htm"
    },
    {
        "date": "2024-03-31",
        "symbol": "COTY",
        "reportedCurrency": "USD",
        "cik": "0001024305",
        "fillingDate": "2024-05-07",
        "acceptedDate": "2024-05-07 16:22:14",
        "calendarYear": "2024",
        "period": "Q3",
        "revenue": 1385600000,
        "costOfRevenue": 487800000,
        "grossProfit": 897800000,
        "grossProfitRatio": 0.6479503464,
        "researchAndDevelopmentExpenses": 0,
        "generalAndAdministrativeExpenses": 0,
        "sellingAndMarketingExpenses": 0,
        "sellingGeneralAndAdministrativeExpenses": 770600000,
        "otherExpenses": -14000000,
        "operatingExpenses": 819100000,
        "costAndExpenses": 1306900000,
        "interestIncome": 3000000,
        "interestExpense": 58800000,
        "depreciationAndAmortization": 104400000,
        "ebitda": 180000000,
        "ebitdaratio": 0.1299076212,
        "operatingIncome": 77800000,
        "operatingIncomeRatio": 0.0561489607,
        "totalOtherIncomeExpensesNet": -74400000,
        "incomeBeforeTax": 3400000,
        "incomeBeforeTaxRatio": 0.0024538106,
        "incomeTaxExpense": -5400000,
        "netIncome": 3800000,
        "netIncomeRatio": 0.0027424942,
        "eps": 0.0043,
        "epsdiluted": 0.0043,
        "weightedAverageShsOut": 883100000,
        "weightedAverageShsOutDil": 892000000,
        "link": "https://www.sec.gov/Archives/edgar/data/1024305/000102430524000023/0001024305-24-000023-index.htm",
        "finalLink": "https://www.sec.gov/Archives/edgar/data/1024305/000102430524000023/coty-20240331.htm"
    },
    {
        "date": "2023-12-31",
        "symbol": "COTY",
        "reportedCurrency": "USD",
        "cik": "0001024305",
        "fillingDate": "2024-02-08",
        "acceptedDate": "2024-02-08 16:01:59",
        "calendarYear": "2024",
        "period": "Q2",
        "revenue": 1727600000,
        "costOfRevenue": 603500000,
        "grossProfit": 1124100000,
        "grossProfitRatio": 0.6506714517,
        "researchAndDevelopmentExpenses": 0,
        "generalAndAdministrativeExpenses": 0,
        "sellingAndMarketingExpenses": 0,
        "sellingGeneralAndAdministrativeExpenses": 833400000,
        "otherExpenses": 80800000,
        "operatingExpenses": 881700000,
        "costAndExpenses": 1485200000,
        "interestIncome": 3900000,
        "interestExpense": 61700000,
        "depreciationAndAmortization": 105400000,
        "ebitda": 345500000,
        "ebitdaratio": 0.1999884232,
        "operatingIncome": 236700000,
        "operatingIncomeRatio": 0.1370108821,
        "totalOtherIncomeExpensesNet": 20700000,
        "incomeBeforeTax": 257400000,
        "incomeBeforeTaxRatio": 0.1489928224,
        "incomeTaxExpense": 71400000,
        "netIncome": 180900000,
        "netIncomeRatio": 0.1047117388,
        "eps": 0.2,
        "epsdiluted": 0.19,
        "weightedAverageShsOut": 892800000,
        "weightedAverageShsOutDil": 922800000,
        "link": "https://www.sec.gov/Archives/edgar/data/1024305/000102430524000007/0001024305-24-000007-index.htm",
        "finalLink": "https://www.sec.gov/Archives/edgar/data/1024305/000102430524000007/coty-20231231.htm"
    },
    {
        "date": "2023-09-30",
        "symbol": "COTY",
        "reportedCurrency": "USD",
        "cik": "0001024305",
        "fillingDate": "2023-11-08",
        "acceptedDate": "2023-11-08 16:01:47",
        "calendarYear": "2024",
        "period": "Q1",
        "revenue": 1641400000,
        "costOfRevenue": 599500000,
        "grossProfit": 1041900000,
        "grossProfitRatio": 0.6347630072,
        "researchAndDevelopmentExpenses": 0,
        "generalAndAdministrativeExpenses": 0,
        "sellingAndMarketingExpenses": 0,
        "sellingGeneralAndAdministrativeExpenses": 767400000,
        "otherExpenses": -76600000,
        "operatingExpenses": 816000000,
        "costAndExpenses": 1415500000,
        "interestIncome": 5200000,
        "interestExpense": 66800000,
        "depreciationAndAmortization": 106800000,
        "ebitda": 330900000,
        "ebitdaratio": 0.2015961984,
        "operatingIncome": 197500000,
        "operatingIncomeRatio": 0.1203241136,
        "totalOtherIncomeExpensesNet": -146400000,
        "incomeBeforeTax": 51100000,
        "incomeBeforeTaxRatio": 0.0311319605,
        "incomeTaxExpense": 40900000,
        "netIncome": 1600000,
        "netIncomeRatio": 0.0009747776,
        "eps": 0.0019,
        "epsdiluted": 0.0019,
        "weightedAverageShsOut": 854300000,
        "weightedAverageShsOutDil": 854300000,
        "link": "https://www.sec.gov/Archives/edgar/data/1024305/000102430523000102/0001024305-23-000102-index.htm",
        "finalLink": "https://www.sec.gov/Archives/edgar/data/1024305/000102430523000102/coty-20230930.htm"
    },
    {
        "date": "2023-06-30",
        "symbol": "COTY",
        "reportedCurrency": "USD",
        "cik": "0001024305",
        "fillingDate": "2023-08-22",
        "acceptedDate": "2023-08-22 16:01:53",
        "calendarYear": "2023",
        "period": "Q4",
        "revenue": 1351600000,
        "costOfRevenue": 502100000,
        "grossProfit": 849500000,
        "grossProfitRatio": 0.6285143534,
        "researchAndDevelopmentExpenses": 105200000,
        "generalAndAdministrativeExpenses": -806700000,
        "sellingAndMarketingExpenses": 1479600000,
        "sellingGeneralAndAdministrativeExpenses": 672900000,
        "otherExpenses": 22000000,
        "operatingExpenses": 721600000,
        "costAndExpenses": 1223700000,
        "interestIncome": 2800000,
        "interestExpense": 73300000,
        "depreciationAndAmortization": 108900000,
        "ebitda": 241000000,
        "ebitdaratio": 0.1783071915,
        "operatingIncome": 129000000,
        "operatingIncomeRatio": 0.0954424386,
        "totalOtherIncomeExpensesNet": -50200000,
        "incomeBeforeTax": 78800000,
        "incomeBeforeTaxRatio": 0.0583012726,
        "incomeTaxExpense": 43300000,
        "netIncome": 32900000,
        "netIncomeRatio": 0.0243415212,
        "eps": 0.0347,
        "epsdiluted": 0.0342,
        "weightedAverageShsOut": 852000000,
        "weightedAverageShsOutDil": 864700000,
        "link": "https://www.sec.gov/Archives/edgar/data/1024305/000102430523000060/0001024305-23-000060-index.htm",
        "finalLink": "https://www.sec.gov/Archives/edgar/data/1024305/000102430523000060/coty-20230630.htm"
    },
    {
        "date": "2023-03-31",
        "symbol": "COTY",
        "reportedCurrency": "USD",
        "cik": "0001024305",
        "fillingDate": "2023-05-09",
        "acceptedDate": "2023-05-09 16:46:28",
        "calendarYear": "2023",
        "period": "Q3",
        "revenue": 1288900000,
        "costOfRevenue": 478100000,
        "grossProfit": 810800000,
        "grossProfitRatio": 0.6290635426,
        "researchAndDevelopmentExpenses": 0,
        "generalAndAdministrativeExpenses": 0,
        "sellingAndMarketingExpenses": 0,
        "sellingGeneralAndAdministrativeExpenses": 720400000,
        "otherExpenses": 48200000,
        "operatingExpenses": 768600000,
        "costAndExpenses": 1246700000,
        "interestIncome": 2900000,
        "interestExpense": 65200000,
        "depreciationAndAmortization": 107400000,
        "ebitda": 148500000,
        "ebitdaratio": 0.115214524,
        "operatingIncome": 199100000,
        "operatingIncomeRatio": 0.1544728063,
        "totalOtherIncomeExpensesNet": 98100000,
        "incomeBeforeTax": 141600000,
        "incomeBeforeTaxRatio": 0.1098611219,
        "incomeTaxExpense": 29800000,
        "netIncome": 108400000,
        "netIncomeRatio": 0.0841027233,
        "eps": 0.12,
        "epsdiluted": 0.12,
        "weightedAverageShsOut": 851600000,
        "weightedAverageShsOutDil": 865200000,
        "link": "https://www.sec.gov/Archives/edgar/data/1024305/000102430523000036/0001024305-23-000036-index.htm",
        "finalLink": "https://www.sec.gov/Archives/edgar/data/1024305/000102430523000036/coty-20230331.htm"
    },
    {
        "date": "2022-12-31",
        "symbol": "COTY",
        "reportedCurrency": "USD",
        "cik": "0001024305",
        "fillingDate": "2023-02-08",
        "acceptedDate": "2023-02-08 16:02:00",
        "calendarYear": "2023",
        "period": "Q2",
        "revenue": 1523600000,
        "costOfRevenue": 525300000,
        "grossProfit": 998300000,
        "grossProfitRatio": 0.6552244684,
        "researchAndDevelopmentExpenses": 0,
        "generalAndAdministrativeExpenses": 0,
        "sellingAndMarketingExpenses": 0,
        "sellingGeneralAndAdministrativeExpenses": 754300000,
        "otherExpenses": 47600000,
        "operatingExpenses": 801900000,
        "costAndExpenses": 1327200000,
        "interestIncome": 6100000,
        "interestExpense": 65000000,
        "depreciationAndAmortization": 103800000,
        "ebitda": 299200000,
        "ebitdaratio": 0.1963770018,
        "operatingIncome": 338300000,
        "operatingIncomeRatio": 0.2220399055,
        "totalOtherIncomeExpensesNet": 80900000,
        "incomeBeforeTax": 280200000,
        "incomeBeforeTaxRatio": 0.1839065371,
        "incomeTaxExpense": 38800000,
        "netIncome": 238300000,
        "netIncomeRatio": 0.1564058808,
        "eps": 0.28,
        "epsdiluted": 0.27,
        "weightedAverageShsOut": 850800000,
        "weightedAverageShsOutDil": 886800000,
        "link": "https://www.sec.gov/Archives/edgar/data/1024305/000102430523000012/0001024305-23-000012-index.htm",
        "finalLink": "https://www.sec.gov/Archives/edgar/data/1024305/000102430523000012/coty-20221231.htm"
    },
    {
        "date": "2022-09-30",
        "symbol": "COTY",
        "reportedCurrency": "USD",
        "cik": "0001024305",
        "fillingDate": "2022-11-08",
        "acceptedDate": "2022-11-08 16:02:14",
        "calendarYear": "2023",
        "period": "Q1",
        "revenue": 1390000000,
        "costOfRevenue": 501300000,
        "grossProfit": 888700000,
        "grossProfitRatio": 0.639352518,
        "researchAndDevelopmentExpenses": 0,
        "generalAndAdministrativeExpenses": 0,
        "sellingAndMarketingExpenses": 0,
        "sellingGeneralAndAdministrativeExpenses": 670700000,
        "otherExpenses": 47300000,
        "operatingExpenses": 718000000,
        "costAndExpenses": 1219300000,
        "interestIncome": 3600000,
        "interestExpense": 57600000,
        "depreciationAndAmortization": 106600000,
        "ebitda": 276000000,
        "ebitdaratio": 0.1985611511,
        "operatingIncome": 268900000,
        "operatingIncomeRatio": 0.1934532374,
        "totalOtherIncomeExpensesNet": 32300000,
        "incomeBeforeTax": 204200000,
        "incomeBeforeTaxRatio": 0.1469064748,
        "incomeTaxExpense": 69700000,
        "netIncome": 128600000,
        "netIncomeRatio": 0.0925179856,
        "eps": 0.15,
        "epsdiluted": 0.15,
        "weightedAverageShsOut": 842000000,
        "weightedAverageShsOutDil": 882200000,
        "link": "https://www.sec.gov/Archives/edgar/data/1024305/000102430522000083/0001024305-22-000083-index.htm",
        "finalLink": "https://www.sec.gov/Archives/edgar/data/1024305/000102430522000083/coty-20220930.htm"
    },
    {
        "date": "2022-06-30",
        "symbol": "COTY",
        "reportedCurrency": "USD",
        "cik": "0001024305",
        "fillingDate": "2022-08-25",
        "acceptedDate": "2022-08-25 16:02:20",
        "calendarYear": "2022",
        "period": "Q4",
        "revenue": 1168300000,
        "costOfRevenue": 446200000,
        "grossProfit": 722100000,
        "grossProfitRatio": 0.6180775486,
        "researchAndDevelopmentExpenses": 97300000,
        "generalAndAdministrativeExpenses": -738300000,
        "sellingAndMarketingExpenses": 1465100000,
        "sellingGeneralAndAdministrativeExpenses": 726800000,
        "otherExpenses": -163000000,
        "operatingExpenses": 775600000,
        "costAndExpenses": 1221800000,
        "interestIncome": 4400000,
        "interestExpense": 55800000,
        "depreciationAndAmortization": 126900000,
        "ebitda": -115100000,
        "ebitdaratio": -0.098519216,
        "operatingIncome": -77400000,
        "operatingIncomeRatio": -0.066250107,
        "totalOtherIncomeExpensesNet": -203400000,
        "incomeBeforeTax": -280800000,
        "incomeBeforeTaxRatio": -0.2403492254,
        "incomeTaxExpense": 300000,
        "netIncome": -281500000,
        "netIncomeRatio": -0.2409483865,
        "eps": -0.34,
        "epsdiluted": -0.33,
        "weightedAverageShsOut": 838000000,
        "weightedAverageShsOutDil": 853900000,
        "link": "https://www.sec.gov/Archives/edgar/data/1024305/000102430522000053/0001024305-22-000053-index.htm",
        "finalLink": "https://www.sec.gov/Archives/edgar/data/1024305/000102430522000053/coty-20220630.htm"
    },
    {
        "date": "2022-03-31",
        "symbol": "COTY",
        "reportedCurrency": "USD",
        "cik": "0001024305",
        "fillingDate": "2022-05-09",
        "acceptedDate": "2022-05-09 16:04:46",
        "calendarYear": "2022",
        "period": "Q3",
        "revenue": 1186200000,
        "costOfRevenue": 423100000,
        "grossProfit": 763100000,
        "grossProfitRatio": 0.6433147867,
        "researchAndDevelopmentExpenses": 0,
        "generalAndAdministrativeExpenses": 0,
        "sellingAndMarketingExpenses": 0,
        "sellingGeneralAndAdministrativeExpenses": 659300000,
        "otherExpenses": 50200000,
        "operatingExpenses": 709500000,
        "costAndExpenses": 1132600000,
        "interestIncome": 1400000,
        "interestExpense": 60900000,
        "depreciationAndAmortization": 121900000,
        "ebitda": 177600000,
        "ebitdaratio": 0.1497218007,
        "operatingIncome": 114200000,
        "operatingIncomeRatio": 0.0962738155,
        "totalOtherIncomeExpensesNet": -2300000,
        "incomeBeforeTax": 54800000,
        "incomeBeforeTaxRatio": 0.046197943,
        "incomeTaxExpense": 500000,
        "netIncome": 53600000,
        "netIncomeRatio": 0.0451863092,
        "eps": 0.0639,
        "epsdiluted": 0.0628,
        "weightedAverageShsOut": 838400000,
        "weightedAverageShsOutDil": 852900000,
        "link": "https://www.sec.gov/Archives/edgar/data/1024305/000102430522000028/0001024305-22-000028-index.htm",
        "finalLink": "https://www.sec.gov/Archives/edgar/data/1024305/000102430522000028/coty-20220331.htm"
    },
    {
        "date": "2021-12-31",
        "symbol": "COTY",
        "reportedCurrency": "USD",
        "cik": "0001024305",
        "fillingDate": "2022-02-08",
        "acceptedDate": "2022-02-08 16:02:05",
        "calendarYear": "2022",
        "period": "Q2",
        "revenue": 1578200000,
        "costOfRevenue": 561100000,
        "grossProfit": 1017100000,
        "grossProfitRatio": 0.6444683817,
        "researchAndDevelopmentExpenses": 0,
        "generalAndAdministrativeExpenses": 0,
        "sellingAndMarketingExpenses": 0,
        "sellingGeneralAndAdministrativeExpenses": 718900000,
        "otherExpenses": 126200000,
        "operatingExpenses": 770300000,
        "costAndExpenses": 1331400000,
        "interestIncome": 600000,
        "interestExpense": 61700000,
        "depreciationAndAmortization": 129800000,
        "ebitda": 381900000,
        "ebitdaratio": 0.2419845393,
        "operatingIncome": 244000000,
        "operatingIncomeRatio": 0.1546065137,
        "totalOtherIncomeExpensesNet": 65300000,
        "incomeBeforeTax": 309300000,
        "incomeBeforeTaxRatio": 0.1959827652,
        "incomeTaxExpense": 49400000,
        "netIncome": 261400000,
        "netIncomeRatio": 0.1656317324,
        "eps": 0.23,
        "epsdiluted": 0.23,
        "weightedAverageShsOut": 829100000,
        "weightedAverageShsOutDil": 842700000,
        "link": "https://www.sec.gov/Archives/edgar/data/1024305/000102430522000009/0001024305-22-000009-index.htm",
        "finalLink": "https://www.sec.gov/Archives/edgar/data/1024305/000102430522000009/coty-20211231.htm"
    },
    {
        "date": "2021-09-30",
        "symbol": "COTY",
        "reportedCurrency": "USD",
        "cik": "0001024305",
        "fillingDate": "2021-11-08",
        "acceptedDate": "2021-11-08 16:09:15",
        "calendarYear": "2022",
        "period": "Q1",
        "revenue": 1371700000,
        "costOfRevenue": 504800000,
        "grossProfit": 866900000,
        "grossProfitRatio": 0.6319895021,
        "researchAndDevelopmentExpenses": 0,
        "generalAndAdministrativeExpenses": 0,
        "sellingAndMarketingExpenses": 0,
        "sellingGeneralAndAdministrativeExpenses": 776300000,
        "otherExpenses": 386100000,
        "operatingExpenses": 833300000,
        "costAndExpenses": 1338100000,
        "interestIncome": 700000,
        "interestExpense": 62800000,
        "depreciationAndAmortization": 137800000,
        "ebitda": 172500000,
        "ebitdaratio": 0.1257563607,
        "operatingIncome": 17200000,
        "operatingIncomeRatio": 0.012539185,
        "totalOtherIncomeExpensesNet": 326300000,
        "incomeBeforeTax": 343500000,
        "incomeBeforeTaxRatio": 0.2504191879,
        "incomeTaxExpense": 114600000,
        "netIncome": 226000000,
        "netIncomeRatio": 0.1647590581,
        "eps": 0.13,
        "epsdiluted": 0.13,
        "weightedAverageShsOut": 777600000,
        "weightedAverageShsOutDil": 787700000,
        "link": "https://www.sec.gov/Archives/edgar/data/1024305/000102430521000094/0001024305-21-000094-index.htm",
        "finalLink": "https://www.sec.gov/Archives/edgar/data/1024305/000102430521000094/coty-20210930.htm"
    },
    {
        "date": "2021-06-30",
        "symbol": "COTY",
        "reportedCurrency": "USD",
        "cik": "0001024305",
        "fillingDate": "2021-08-26",
        "acceptedDate": "2021-08-26 16:02:29",
        "calendarYear": "2021",
        "period": "Q4",
        "revenue": 1062400000,
        "costOfRevenue": 421100000,
        "grossProfit": 641300000,
        "grossProfitRatio": 0.6036332831,
        "researchAndDevelopmentExpenses": 96500000,
        "generalAndAdministrativeExpenses": -436700000,
        "sellingAndMarketingExpenses": 1029400000,
        "sellingGeneralAndAdministrativeExpenses": 592700000,
        "otherExpenses": -6800000,
        "operatingExpenses": 654500000,
        "costAndExpenses": 1075600000,
        "interestIncome": 700000,
        "interestExpense": 60500000,
        "depreciationAndAmortization": 168800000,
        "ebitda": 141200000,
        "ebitdaratio": 0.1329066265,
        "operatingIncome": 1800000,
        "operatingIncomeRatio": 0.0016942771,
        "totalOtherIncomeExpensesNet": -70300000,
        "incomeBeforeTax": -68500000,
        "incomeBeforeTaxRatio": -0.0644766566,
        "incomeTaxExpense": 132900000,
        "netIncome": -186000000,
        "netIncomeRatio": -0.1750753012,
        "eps": -0.24,
        "epsdiluted": -0.24,
        "weightedAverageShsOut": 763061079,
        "weightedAverageShsOutDil": 765400000,
        "link": "https://www.sec.gov/Archives/edgar/data/1024305/000102430521000063/0001024305-21-000063-index.htm",
        "finalLink": "https://www.sec.gov/Archives/edgar/data/1024305/000102430521000063/coty-20210630.htm"
    },
    {
        "date": "2021-03-31",
        "symbol": "COTY",
        "reportedCurrency": "USD",
        "cik": "0001024305",
        "fillingDate": "2021-05-10",
        "acceptedDate": "2021-05-10 16:01:29",
        "calendarYear": "2021",
        "period": "Q3",
        "revenue": 1027800000,
        "costOfRevenue": 391700000,
        "grossProfit": 636100000,
        "grossProfitRatio": 0.6188947266,
        "researchAndDevelopmentExpenses": 0,
        "generalAndAdministrativeExpenses": 0,
        "sellingAndMarketingExpenses": 0,
        "sellingGeneralAndAdministrativeExpenses": 545600000,
        "otherExpenses": 62500000,
        "operatingExpenses": 607800000,
        "costAndExpenses": 999500000,
        "interestIncome": 800000,
        "interestExpense": 51700000,
        "depreciationAndAmortization": 166800000,
        "ebitda": 179800000,
        "ebitdaratio": 0.1749367581,
        "operatingIncome": -1400000,
        "operatingIncomeRatio": -0.0013621327,
        "totalOtherIncomeExpensesNet": 12200000,
        "incomeBeforeTax": 10800000,
        "incomeBeforeTaxRatio": 0.0105078809,
        "incomeTaxExpense": -19200000,
        "netIncome": 15600000,
        "netIncomeRatio": 0.0151780502,
        "eps": -0.02,
        "epsdiluted": -0.02,
        "weightedAverageShsOut": 765400000,
        "weightedAverageShsOutDil": 765400000,
        "link": "https://www.sec.gov/Archives/edgar/data/1024305/000102430521000041/0001024305-21-000041-index.htm",
        "finalLink": "https://www.sec.gov/Archives/edgar/data/1024305/000102430521000041/coty-20210331.htm"
    },
    {
        "date": "2020-12-31",
        "symbol": "COTY",
        "reportedCurrency": "USD",
        "cik": "0001024305",
        "fillingDate": "2021-02-09",
        "acceptedDate": "2021-02-09 16:01:30",
        "calendarYear": "2021",
        "period": "Q2",
        "revenue": 1415600000,
        "costOfRevenue": 584000000,
        "grossProfit": 831600000,
        "grossProfitRatio": 0.5874540831,
        "researchAndDevelopmentExpenses": 0,
        "generalAndAdministrativeExpenses": 0,
        "sellingAndMarketingExpenses": 0,
        "sellingGeneralAndAdministrativeExpenses": 641500000,
        "otherExpenses": -17600000,
        "operatingExpenses": 703300000,
        "costAndExpenses": 1287300000,
        "interestIncome": 700000,
        "interestExpense": 60600000,
        "depreciationAndAmortization": 61800000,
        "ebitda": 269600000,
        "ebitdaratio": 0.1904492795,
        "operatingIncome": 17000000,
        "operatingIncomeRatio": 0.0120090421,
        "totalOtherIncomeExpensesNet": -76800000,
        "incomeBeforeTax": -59800000,
        "incomeBeforeTaxRatio": -0.0422435716,
        "incomeTaxExpense": -40800000,
        "netIncome": -252300000,
        "netIncomeRatio": -0.1782283131,
        "eps": -0.33,
        "epsdiluted": -0.33,
        "weightedAverageShsOut": 764600000,
        "weightedAverageShsOutDil": 764600000,
        "link": "https://www.sec.gov/Archives/edgar/data/1024305/000102430521000017/0001024305-21-000017-index.htm",
        "finalLink": "https://www.sec.gov/Archives/edgar/data/1024305/000102430521000017/coty-20201231.htm"
    },
    {
        "date": "2020-09-30",
        "symbol": "COTY",
        "reportedCurrency": "USD",
        "cik": "0001024305",
        "fillingDate": "2020-11-06",
        "acceptedDate": "2020-11-06 16:02:23",
        "calendarYear": "2021",
        "period": "Q1",
        "revenue": 1124100000,
        "costOfRevenue": 464900000,
        "grossProfit": 659200000,
        "grossProfitRatio": 0.5864246953,
        "researchAndDevelopmentExpenses": 0,
        "generalAndAdministrativeExpenses": 0,
        "sellingAndMarketingExpenses": 0,
        "sellingGeneralAndAdministrativeExpenses": 583400000,
        "otherExpenses": 5800000,
        "operatingExpenses": 648800000,
        "costAndExpenses": 1113700000,
        "interestIncome": 1300000,
        "interestExpense": 59000000,
        "depreciationAndAmortization": 146200000,
        "ebitda": 78400000,
        "ebitdaratio": 0.0697446846,
        "operatingIncome": -66000000,
        "operatingIncomeRatio": -0.0587136376,
        "totalOtherIncomeExpensesNet": -56300000,
        "incomeBeforeTax": -122300000,
        "incomeBeforeTaxRatio": -0.1087981496,
        "incomeTaxExpense": -244900000,
        "netIncome": 221400000,
        "netIncomeRatio": 0.1969575661,
        "eps": 0.26,
        "epsdiluted": 0.24,
        "weightedAverageShsOut": 763900000,
        "weightedAverageShsOutDil": 916700000,
        "link": "https://www.sec.gov/Archives/edgar/data/1024305/000102430520000110/0001024305-20-000110-index.htm",
        "finalLink": "https://www.sec.gov/Archives/edgar/data/1024305/000102430520000110/coty-20200930.htm"
    },
    {
        "date": "2020-06-30",
        "symbol": "COTY",
        "reportedCurrency": "USD",
        "cik": "0001024305",
        "fillingDate": "2020-08-27",
        "acceptedDate": "2020-08-27 15:28:48",
        "calendarYear": "2020",
        "period": "Q4",
        "revenue": 560400000,
        "costOfRevenue": 336200000,
        "grossProfit": 224200000,
        "grossProfitRatio": 0.4000713776,
        "researchAndDevelopmentExpenses": 0,
        "generalAndAdministrativeExpenses": 0,
        "sellingAndMarketingExpenses": 0,
        "sellingGeneralAndAdministrativeExpenses": 638900000,
        "otherExpenses": 15600000,
        "operatingExpenses": 701400000,
        "costAndExpenses": 1037600000,
        "interestIncome": 2200000,
        "interestExpense": 22800000,
        "depreciationAndAmortization": 62500000,
        "ebitda": -741500000,
        "ebitdaratio": -1.3231620271,
        "operatingIncome": -920500000,
        "operatingIncomeRatio": -1.6425767309,
        "totalOtherIncomeExpensesNet": -41800000,
        "incomeBeforeTax": -962300000,
        "incomeBeforeTaxRatio": -1.7171663098,
        "incomeTaxExpense": -260700000,
        "netIncome": -766300000,
        "netIncomeRatio": -1.3674161313,
        "eps": -1.01,
        "epsdiluted": -1,
        "weightedAverageShsOut": 759592556,
        "weightedAverageShsOutDil": 763300000,
        "link": "https://www.sec.gov/Archives/edgar/data/1024305/000102430520000084/0001024305-20-000084-index.htm",
        "finalLink": "https://www.sec.gov/Archives/edgar/data/1024305/000102430520000084/coty-20200630.htm"
    },
    {
        "date": "2020-03-31",
        "symbol": "COTY",
        "reportedCurrency": "USD",
        "cik": "0001024305",
        "fillingDate": "2020-05-11",
        "acceptedDate": "2020-05-11 17:07:53",
        "calendarYear": "2020",
        "period": "Q3",
        "revenue": 1528000000,
        "costOfRevenue": 617100000,
        "grossProfit": 910900000,
        "grossProfitRatio": 0.5961387435,
        "researchAndDevelopmentExpenses": 0,
        "generalAndAdministrativeExpenses": 0,
        "sellingAndMarketingExpenses": 0,
        "sellingGeneralAndAdministrativeExpenses": 999100000,
        "otherExpenses": -500000,
        "operatingExpenses": 1086700000,
        "costAndExpenses": 1703800000,
        "interestIncome": 1100000,
        "interestExpense": 58700000,
        "depreciationAndAmortization": 190400000,
        "ebitda": -91100000,
        "ebitdaratio": -0.0596204188,
        "operatingIncome": -258800000,
        "operatingIncomeRatio": -0.1693717277,
        "totalOtherIncomeExpensesNet": -74100000,
        "incomeBeforeTax": -332900000,
        "incomeBeforeTaxRatio": -0.2178664921,
        "incomeTaxExpense": -68500000,
        "netIncome": -271600000,
        "netIncomeRatio": -0.1777486911,
        "eps": -0.36,
        "epsdiluted": -0.36,
        "weightedAverageShsOut": 758536585,
        "weightedAverageShsOutDil": 760800000,
        "link": "https://www.sec.gov/Archives/edgar/data/1024305/000102430520000049/0001024305-20-000049-index.htm",
        "finalLink": "https://www.sec.gov/Archives/edgar/data/1024305/000102430520000049/coty-20200331.htm"
    },
    {
        "date": "2019-12-31",
        "symbol": "COTY",
        "reportedCurrency": "USD",
        "cik": "0001024305",
        "fillingDate": "2020-02-05",
        "acceptedDate": "2020-02-05 14:37:23",
        "calendarYear": "2020",
        "period": "Q2",
        "revenue": 2345000000,
        "costOfRevenue": 859300000,
        "grossProfit": 1485700000,
        "grossProfitRatio": 0.6335607676,
        "researchAndDevelopmentExpenses": 0,
        "generalAndAdministrativeExpenses": 0,
        "sellingAndMarketingExpenses": 0,
        "sellingGeneralAndAdministrativeExpenses": 1202600000,
        "otherExpenses": -1300000,
        "operatingExpenses": 1279400000,
        "costAndExpenses": 2138700000,
        "interestIncome": 0,
        "interestExpense": 53600000,
        "depreciationAndAmortization": 152000000,
        "ebitda": 35400000,
        "ebitdaratio": 0.0150959488,
        "operatingIncome": 35400000,
        "operatingIncomeRatio": 0.0150959488,
        "totalOtherIncomeExpensesNet": 43500000,
        "incomeBeforeTax": -37000000,
        "incomeBeforeTaxRatio": -0.0157782516,
        "incomeTaxExpense": -20600000,
        "netIncome": -21100000,
        "netIncomeRatio": -0.0089978678,
        "eps": -0.0279,
        "epsdiluted": -0.0278,
        "weightedAverageShsOut": 757142857,
        "weightedAverageShsOutDil": 758100000,
        "link": "https://www.sec.gov/Archives/edgar/data/1024305/000102430520000016/0001024305-20-000016-index.htm",
        "finalLink": "https://www.sec.gov/Archives/edgar/data/1024305/000102430520000016/coty-20191231.htm"
    },
    {
        "date": "2019-09-30",
        "symbol": "COTY",
        "reportedCurrency": "USD",
        "cik": "0001024305",
        "fillingDate": "2019-11-06",
        "acceptedDate": "2019-11-06 16:22:56",
        "calendarYear": "2020",
        "period": "Q1",
        "revenue": 1942800000,
        "costOfRevenue": 738400000,
        "grossProfit": 1204400000,
        "grossProfitRatio": 0.6199299979,
        "researchAndDevelopmentExpenses": 0,
        "generalAndAdministrativeExpenses": 0,
        "sellingAndMarketingExpenses": 0,
        "sellingGeneralAndAdministrativeExpenses": 1072600000,
        "otherExpenses": -2200000,
        "operatingExpenses": 1156900000,
        "costAndExpenses": 1895300000,
        "interestIncome": 1900000,
        "interestExpense": 61200000,
        "depreciationAndAmortization": 205300000,
        "ebitda": 306700000,
        "ebitdaratio": 0.1578649372,
        "operatingIncome": 126000000,
        "operatingIncomeRatio": 0.0648548487,
        "totalOtherIncomeExpensesNet": -79600000,
        "incomeBeforeTax": 46400000,
        "incomeBeforeTaxRatio": 0.0238830554,
        "incomeTaxExpense": -9900000,
        "netIncome": 52300000,
        "netIncomeRatio": 0.0269199094,
        "eps": 0.07,
        "epsdiluted": 0.07,
        "weightedAverageShsOut": 754200000,
        "weightedAverageShsOutDil": 758900000,
        "link": "https://www.sec.gov/Archives/edgar/data/1024305/000102430519000126/0001024305-19-000126-index.htm",
        "finalLink": "https://www.sec.gov/Archives/edgar/data/1024305/000102430519000126/coty093019-10q.htm"
    },
    {
        "date": "2019-06-30",
        "symbol": "COTY",
        "reportedCurrency": "USD",
        "cik": "0001024305",
        "fillingDate": "2019-08-28",
        "acceptedDate": "2019-08-28 16:30:50",
        "calendarYear": "2019",
        "period": "Q4",
        "revenue": 2115400000,
        "costOfRevenue": 799500000,
        "grossProfit": 1315900000,
        "grossProfitRatio": 0.6220572941,
        "researchAndDevelopmentExpenses": 0,
        "generalAndAdministrativeExpenses": 0,
        "sellingAndMarketingExpenses": 0,
        "sellingGeneralAndAdministrativeExpenses": 1087100000,
        "otherExpenses": -5900000,
        "operatingExpenses": 1172900000,
        "costAndExpenses": 1972400000,
        "interestIncome": 4400000,
        "interestExpense": 79200000,
        "depreciationAndAmortization": 85800000,
        "ebitda": -2536200000,
        "ebitdaratio": -1.1989221897,
        "operatingIncome": -2731700000,
        "operatingIncomeRatio": -1.2913396993,
        "totalOtherIncomeExpensesNet": -77200000,
        "incomeBeforeTax": -2808900000,
        "incomeBeforeTaxRatio": -1.3278339794,
        "incomeTaxExpense": -9400000,
        "netIncome": -2799400000,
        "netIncomeRatio": -1.323343103,
        "eps": -3.73,
        "epsdiluted": -3.72,
        "weightedAverageShsOut": 750966157,
        "weightedAverageShsOutDil": 751600000,
        "link": "https://www.sec.gov/Archives/edgar/data/1024305/000102430519000097/0001024305-19-000097-index.htm",
        "finalLink": "https://www.sec.gov/Archives/edgar/data/1024305/000102430519000097/coty-063019x10k.htm"
    },
    {
        "date": "2019-03-31",
        "symbol": "COTY",
        "reportedCurrency": "USD",
        "cik": "0001024305",
        "fillingDate": "2019-05-08",
        "acceptedDate": "2019-05-08 16:05:44",
        "calendarYear": "2019",
        "period": "Q3",
        "revenue": 1990600000,
        "costOfRevenue": 741200000,
        "grossProfit": 1249400000,
        "grossProfitRatio": 0.6276499548,
        "researchAndDevelopmentExpenses": 0,
        "generalAndAdministrativeExpenses": 0,
        "sellingAndMarketingExpenses": 0,
        "sellingGeneralAndAdministrativeExpenses": 1070500000,
        "otherExpenses": -17500000,
        "operatingExpenses": 1157200000,
        "costAndExpenses": 1898400000,
        "interestIncome": 4500000,
        "interestExpense": 76800000,
        "depreciationAndAmortization": 182600000,
        "ebitda": 325400000,
        "ebitdaratio": 0.163468301,
        "operatingIncome": 85500000,
        "operatingIncomeRatio": 0.0429518738,
        "totalOtherIncomeExpensesNet": -89500000,
        "incomeBeforeTax": -4000000,
        "incomeBeforeTaxRatio": -0.0020094444,
        "incomeTaxExpense": 0,
        "netIncome": -12100000,
        "netIncomeRatio": -0.0060785693,
        "eps": -0.0161,
        "epsdiluted": -0.0161,
        "weightedAverageShsOut": 751400000,
        "weightedAverageShsOutDil": 751400000,
        "link": "https://www.sec.gov/Archives/edgar/data/1024305/000102430519000052/0001024305-19-000052-index.htm",
        "finalLink": "https://www.sec.gov/Archives/edgar/data/1024305/000102430519000052/coty033119-10q.htm"
    },
    {
        "date": "2018-12-31",
        "symbol": "COTY",
        "reportedCurrency": "USD",
        "cik": "0001024305",
        "fillingDate": "2019-02-08",
        "acceptedDate": "2019-02-08 14:01:11",
        "calendarYear": "2019",
        "period": "Q2",
        "revenue": 2511200000,
        "costOfRevenue": 956700000,
        "grossProfit": 1554500000,
        "grossProfitRatio": 0.6190267601,
        "researchAndDevelopmentExpenses": 0,
        "generalAndAdministrativeExpenses": 0,
        "sellingAndMarketingExpenses": 0,
        "sellingGeneralAndAdministrativeExpenses": 1284000000,
        "otherExpenses": -4800000,
        "operatingExpenses": 1372500000,
        "costAndExpenses": 2329200000,
        "interestIncome": 5600000,
        "interestExpense": 74100000,
        "depreciationAndAmortization": 182100000,
        "ebitda": -623200000,
        "ebitdaratio": -0.2481682064,
        "operatingIncome": -804600000,
        "operatingIncomeRatio": -0.3204045874,
        "totalOtherIncomeExpensesNet": -73100000,
        "incomeBeforeTax": -877700000,
        "incomeBeforeTaxRatio": -0.3495141765,
        "incomeTaxExpense": 78300000,
        "netIncome": -960600000,
        "netIncomeRatio": -0.3825262823,
        "eps": -1.28,
        "epsdiluted": -1.28,
        "weightedAverageShsOut": 750468750,
        "weightedAverageShsOutDil": 751100000,
        "link": "https://www.sec.gov/Archives/edgar/data/1024305/000102430519000021/0001024305-19-000021-index.htm",
        "finalLink": "https://www.sec.gov/Archives/edgar/data/1024305/000102430519000021/coty123118-10q.htm"
    },
    {
        "date": "2018-09-30",
        "symbol": "COTY",
        "reportedCurrency": "USD",
        "cik": "0001024305",
        "fillingDate": "2018-11-07",
        "acceptedDate": "2018-11-07 16:00:57",
        "calendarYear": "2019",
        "period": "Q1",
        "revenue": 2031300000,
        "costOfRevenue": 809100000,
        "grossProfit": 1222200000,
        "grossProfitRatio": 0.6016836509,
        "researchAndDevelopmentExpenses": 0,
        "generalAndAdministrativeExpenses": 0,
        "sellingAndMarketingExpenses": 0,
        "sellingGeneralAndAdministrativeExpenses": 1122300000,
        "otherExpenses": -2700000,
        "operatingExpenses": 1214800000,
        "costAndExpenses": 2023900000,
        "interestIncome": 4700000,
        "interestExpense": 72400000,
        "depreciationAndAmortization": 185600000,
        "ebitda": 178300000,
        "ebitdaratio": 0.0877763009,
        "operatingIncome": -20700000,
        "operatingIncomeRatio": -0.0101905184,
        "totalOtherIncomeExpensesNet": -66800000,
        "incomeBeforeTax": -87500000,
        "incomeBeforeTaxRatio": -0.0430758627,
        "incomeTaxExpense": -77400000,
        "netIncome": -12100000,
        "netIncomeRatio": -0.0059567764,
        "eps": -0.0161,
        "epsdiluted": -0.0161,
        "weightedAverageShsOut": 750800000,
        "weightedAverageShsOutDil": 750800000,
        "link": "https://www.sec.gov/Archives/edgar/data/1024305/000102430518000068/0001024305-18-000068-index.htm",
        "finalLink": "https://www.sec.gov/Archives/edgar/data/1024305/000102430518000068/coty093018-10q.htm"
    },
    {
        "date": "2018-06-30",
        "symbol": "COTY",
        "reportedCurrency": "USD",
        "cik": "0001024305",
        "fillingDate": "2018-08-21",
        "acceptedDate": "2018-08-21 16:03:10",
        "calendarYear": "2018",
        "period": "Q4",
        "revenue": 2299400000,
        "costOfRevenue": 896700000,
        "grossProfit": 1402700000,
        "grossProfitRatio": 0.6100287031,
        "researchAndDevelopmentExpenses": 174600000,
        "generalAndAdministrativeExpenses": -960700000,
        "sellingAndMarketingExpenses": 2206300000,
        "sellingGeneralAndAdministrativeExpenses": 1245600000,
        "otherExpenses": -27900000,
        "operatingExpenses": 1337800000,
        "costAndExpenses": 2234500000,
        "interestIncome": 5700000,
        "interestExpense": 74600000,
        "depreciationAndAmortization": 92200000,
        "ebitda": 102000000,
        "ebitdaratio": 0.0443593981,
        "operatingIncome": -61800000,
        "operatingIncomeRatio": -0.0268765765,
        "totalOtherIncomeExpensesNet": -104300000,
        "incomeBeforeTax": -166100000,
        "incomeBeforeTaxRatio": -0.0722362355,
        "incomeTaxExpense": 4100000,
        "netIncome": -181300000,
        "netIncomeRatio": -0.0788466556,
        "eps": -0.25,
        "epsdiluted": -0.24,
        "weightedAverageShsOut": 725809680,
        "weightedAverageShsOutDil": 750600000,
        "link": "https://www.sec.gov/Archives/edgar/data/1024305/000102430518000026/0001024305-18-000026-index.htm",
        "finalLink": "https://www.sec.gov/Archives/edgar/data/1024305/000102430518000026/coty-063018x10k.htm"
    },
    {
        "date": "2018-03-31",
        "symbol": "COTY",
        "reportedCurrency": "USD",
        "cik": "0001024305",
        "fillingDate": "2018-05-09",
        "acceptedDate": "2018-05-09 16:57:16",
        "calendarYear": "2018",
        "period": "Q3",
        "revenue": 2222700000,
        "costOfRevenue": 812400000,
        "grossProfit": 1410300000,
        "grossProfitRatio": 0.6344985828,
        "researchAndDevelopmentExpenses": 0,
        "generalAndAdministrativeExpenses": 0,
        "sellingAndMarketingExpenses": 0,
        "sellingGeneralAndAdministrativeExpenses": 1252300000,
        "otherExpenses": -3000000,
        "operatingExpenses": 1345100000,
        "costAndExpenses": 2157500000,
        "interestIncome": 3500000,
        "interestExpense": 75500000,
        "depreciationAndAmortization": 193000000,
        "ebitda": 328000000,
        "ebitdaratio": 0.1475682728,
        "operatingIncome": 19900000,
        "operatingIncomeRatio": 0.0089530751,
        "totalOtherIncomeExpensesNet": -76400000,
        "incomeBeforeTax": -55700000,
        "incomeBeforeTaxRatio": -0.0250596122,
        "incomeTaxExpense": 4400000,
        "netIncome": -77000000,
        "netIncomeRatio": -0.0346425519,
        "eps": -0.1,
        "epsdiluted": -0.1,
        "weightedAverageShsOut": 750100000,
        "weightedAverageShsOutDil": 750100000,
        "link": "https://www.sec.gov/Archives/edgar/data/1024305/000102430518000015/0001024305-18-000015-index.htm",
        "finalLink": "https://www.sec.gov/Archives/edgar/data/1024305/000102430518000015/coty033118-10q.htm"
    },
    {
        "date": "2017-12-31",
        "symbol": "COTY",
        "reportedCurrency": "USD",
        "cik": "0001024305",
        "fillingDate": "2018-02-08",
        "acceptedDate": "2018-02-08 16:02:41",
        "calendarYear": "2018",
        "period": "Q2",
        "revenue": 2637600000,
        "costOfRevenue": 1025000000,
        "grossProfit": 1612600000,
        "grossProfitRatio": 0.6113891416,
        "researchAndDevelopmentExpenses": 0,
        "generalAndAdministrativeExpenses": 0,
        "sellingAndMarketingExpenses": 0,
        "sellingGeneralAndAdministrativeExpenses": 1319900000,
        "otherExpenses": -3400000,
        "operatingExpenses": 1409500000,
        "costAndExpenses": 2434500000,
        "interestIncome": 2400000,
        "interestExpense": 69600000,
        "depreciationAndAmortization": 89600000,
        "ebitda": 366500000,
        "ebitdaratio": 0.1389520776,
        "operatingIncome": 174400000,
        "operatingIncomeRatio": 0.0661207158,
        "totalOtherIncomeExpensesNet": -64500000,
        "incomeBeforeTax": 110700000,
        "incomeBeforeTaxRatio": 0.0419699727,
        "incomeTaxExpense": -7900000,
        "netIncome": 109200000,
        "netIncomeRatio": 0.0414012739,
        "eps": 0.15,
        "epsdiluted": 0.15,
        "weightedAverageShsOut": 749600000,
        "weightedAverageShsOutDil": 752700000,
        "link": "https://www.sec.gov/Archives/edgar/data/1024305/000102430518000006/0001024305-18-000006-index.htm",
        "finalLink": "https://www.sec.gov/Archives/edgar/data/1024305/000102430518000006/coty123117-10q.htm"
    },
    {
        "date": "2017-09-30",
        "symbol": "COTY",
        "reportedCurrency": "USD",
        "cik": "0001024305",
        "fillingDate": "2017-11-09",
        "acceptedDate": "2017-11-09 15:24:01",
        "calendarYear": "2018",
        "period": "Q1",
        "revenue": 2238300000,
        "costOfRevenue": 874300000,
        "grossProfit": 1364000000,
        "grossProfitRatio": 0.6093910557,
        "researchAndDevelopmentExpenses": 0,
        "generalAndAdministrativeExpenses": 0,
        "sellingAndMarketingExpenses": 0,
        "sellingGeneralAndAdministrativeExpenses": 1191800000,
        "otherExpenses": -3700000,
        "operatingExpenses": 1270000000,
        "costAndExpenses": 2144300000,
        "interestIncome": 2000000,
        "interestExpense": 67400000,
        "depreciationAndAmortization": 168700000,
        "ebitda": 285600000,
        "ebitdaratio": 0.1275968369,
        "operatingIncome": 28700000,
        "operatingIncomeRatio": 0.0128222312,
        "totalOtherIncomeExpensesNet": -70900000,
        "incomeBeforeTax": -41400000,
        "incomeBeforeTaxRatio": -0.0184961801,
        "incomeTaxExpense": -25300000,
        "netIncome": -19700000,
        "netIncomeRatio": -0.0088013224,
        "eps": -0.0263,
        "epsdiluted": -0.0263,
        "weightedAverageShsOut": 748600000,
        "weightedAverageShsOutDil": 748600000,
        "link": "https://www.sec.gov/Archives/edgar/data/1024305/000102430517000125/0001024305-17-000125-index.htm",
        "finalLink": "https://www.sec.gov/Archives/edgar/data/1024305/000102430517000125/coty093017-10q.htm"
    },
    {
        "date": "2017-06-30",
        "symbol": "COTY",
        "reportedCurrency": "USD",
        "cik": "0001024305",
        "fillingDate": "2017-08-23",
        "acceptedDate": "2017-08-23 15:41:04",
        "calendarYear": "2017",
        "period": "Q4",
        "revenue": 2241300000,
        "costOfRevenue": 875300000,
        "grossProfit": 1366000000,
        "grossProfitRatio": 0.6094677196,
        "researchAndDevelopmentExpenses": 139200000,
        "generalAndAdministrativeExpenses": -567900000,
        "sellingAndMarketingExpenses": 1883300000,
        "sellingGeneralAndAdministrativeExpenses": 1315400000,
        "otherExpenses": -1400000,
        "operatingExpenses": 1371500000,
        "costAndExpenses": 2246800000,
        "interestIncome": 1800000,
        "interestExpense": 61700000,
        "depreciationAndAmortization": 56100000,
        "ebitda": -140200000,
        "ebitdaratio": -0.0625529826,
        "operatingIncome": -279000000,
        "operatingIncomeRatio": -0.1244813278,
        "totalOtherIncomeExpensesNet": -60900000,
        "incomeBeforeTax": -339900000,
        "incomeBeforeTaxRatio": -0.1516530585,
        "incomeTaxExpense": -38900000,
        "netIncome": -304800000,
        "netIncomeRatio": -0.1359925044,
        "eps": -0.41,
        "epsdiluted": -0.41,
        "weightedAverageShsOut": 738143211,
        "weightedAverageShsOutDil": 747700000,
        "link": "https://www.sec.gov/Archives/edgar/data/1024305/000102430517000071/0001024305-17-000071-index.htm",
        "finalLink": "https://www.sec.gov/Archives/edgar/data/1024305/000102430517000071/coty-063017x10k.htm"
    },
    {
        "date": "2017-03-31",
        "symbol": "COTY",
        "reportedCurrency": "USD",
        "cik": "0001024305",
        "fillingDate": "2017-05-10",
        "acceptedDate": "2017-05-10 17:28:13",
        "calendarYear": "2017",
        "period": "Q3",
        "revenue": 2032100000,
        "costOfRevenue": 816100000,
        "grossProfit": 1216000000,
        "grossProfitRatio": 0.5983957482,
        "researchAndDevelopmentExpenses": 0,
        "generalAndAdministrativeExpenses": 0,
        "sellingAndMarketingExpenses": 0,
        "sellingGeneralAndAdministrativeExpenses": 1092400000,
        "otherExpenses": 500000,
        "operatingExpenses": 1195000000,
        "costAndExpenses": 2011100000,
        "interestIncome": 800000,
        "interestExpense": 59000000,
        "depreciationAndAmortization": 184600000,
        "ebitda": -11100000,
        "ebitdaratio": -0.0054623296,
        "operatingIncome": -192500000,
        "operatingIncomeRatio": -0.0947295901,
        "totalOtherIncomeExpensesNet": -60300000,
        "incomeBeforeTax": -252800000,
        "incomeBeforeTaxRatio": -0.1244033266,
        "incomeTaxExpense": -93400000,
        "netIncome": -164200000,
        "netIncomeRatio": -0.0808031101,
        "eps": -0.22,
        "epsdiluted": -0.22,
        "weightedAverageShsOut": 746363636,
        "weightedAverageShsOutDil": 747300000,
        "link": "https://www.sec.gov/Archives/edgar/data/1024305/000102430517000035/0001024305-17-000035-index.htm",
        "finalLink": "https://www.sec.gov/Archives/edgar/data/1024305/000102430517000035/coty33117-10q.htm"
    },
    {
        "date": "2016-12-31",
        "symbol": "COTY",
        "reportedCurrency": "USD",
        "cik": "0001024305",
        "fillingDate": "2017-02-09",
        "acceptedDate": "2017-02-09 15:46:16",
        "calendarYear": "2017",
        "period": "Q2",
        "revenue": 2296700000,
        "costOfRevenue": 892300000,
        "grossProfit": 1404400000,
        "grossProfitRatio": 0.6114860452,
        "researchAndDevelopmentExpenses": 0,
        "generalAndAdministrativeExpenses": 0,
        "sellingAndMarketingExpenses": 0,
        "sellingGeneralAndAdministrativeExpenses": 1170200000,
        "otherExpenses": 600000,
        "operatingExpenses": 1265400000,
        "costAndExpenses": 2157700000,
        "interestIncome": 1200000,
        "interestExpense": 59200000,
        "depreciationAndAmortization": 170400000,
        "ebitda": 156500000,
        "ebitdaratio": 0.0681412461,
        "operatingIncome": -12700000,
        "operatingIncomeRatio": -0.005529673,
        "totalOtherIncomeExpensesNet": -57300000,
        "incomeBeforeTax": -70000000,
        "incomeBeforeTaxRatio": -0.0304785126,
        "incomeTaxExpense": -122100000,
        "netIncome": 46800000,
        "netIncomeRatio": 0.0203770627,
        "eps": 0.06,
        "epsdiluted": 0.06,
        "weightedAverageShsOut": 746600000,
        "weightedAverageShsOutDil": 752400000,
        "link": "https://www.sec.gov/Archives/edgar/data/1024305/000102430517000005/0001024305-17-000005-index.htm",
        "finalLink": "https://www.sec.gov/Archives/edgar/data/1024305/000102430517000005/coty123116-10q.htm"
    },
    {
        "date": "2016-09-30",
        "symbol": "COTY",
        "reportedCurrency": "USD",
        "cik": "0001024305",
        "fillingDate": "2016-11-09",
        "acceptedDate": "2016-11-09 16:37:32",
        "calendarYear": "2017",
        "period": "Q1",
        "revenue": 1080200000,
        "costOfRevenue": 444800000,
        "grossProfit": 635400000,
        "grossProfitRatio": 0.5882244029,
        "researchAndDevelopmentExpenses": 0,
        "generalAndAdministrativeExpenses": 0,
        "sellingAndMarketingExpenses": 0,
        "sellingGeneralAndAdministrativeExpenses": 478900000,
        "otherExpenses": -1300000,
        "operatingExpenses": 500100000,
        "costAndExpenses": 944900000,
        "interestIncome": 600000,
        "interestExpense": 39700000,
        "depreciationAndAmortization": 59900000,
        "ebitda": 202000000,
        "ebitdaratio": 0.187002407,
        "operatingIncome": 46400000,
        "operatingIncomeRatio": 0.0429550083,
        "totalOtherIncomeExpensesNet": -41700000,
        "incomeBeforeTax": 4700000,
        "incomeBeforeTaxRatio": 0.0043510461,
        "incomeTaxExpense": -5100000,
        "netIncome": 4700000,
        "netIncomeRatio": 0.0043510461,
        "eps": 0.014,
        "epsdiluted": 0.014,
        "weightedAverageShsOut": 336300000,
        "weightedAverageShsOutDil": 336300000,
        "link": "https://www.sec.gov/Archives/edgar/data/1024305/000102430516000230/0001024305-16-000230-index.htm",
        "finalLink": "https://www.sec.gov/Archives/edgar/data/1024305/000102430516000230/coty93016-10q.htm"
    },
    {
        "date": "2016-06-30",
        "symbol": "COTY",
        "reportedCurrency": "USD",
        "cik": "0001024305",
        "fillingDate": "2016-08-18",
        "acceptedDate": "2016-08-18 17:08:24",
        "calendarYear": "2016",
        "period": "Q4",
        "revenue": 1075600000,
        "costOfRevenue": 465600000,
        "grossProfit": 610000000,
        "grossProfitRatio": 0.5671253254,
        "researchAndDevelopmentExpenses": 47700000,
        "generalAndAdministrativeExpenses": -433700000,
        "sellingAndMarketingExpenses": 967600000,
        "sellingGeneralAndAdministrativeExpenses": 533900000,
        "otherExpenses": 20500000,
        "operatingExpenses": 554400000,
        "costAndExpenses": 1020000000,
        "interestIncome": 1300000,
        "interestExpense": 39500000,
        "depreciationAndAmortization": 20500000,
        "ebitda": 71400000,
        "ebitdaratio": 0.0663815545,
        "operatingIncome": -2900000,
        "operatingIncomeRatio": -0.0026961696,
        "totalOtherIncomeExpensesNet": -26200000,
        "incomeBeforeTax": -29100000,
        "incomeBeforeTaxRatio": -0.0270546672,
        "incomeTaxExpense": 2100000,
        "netIncome": -31000000,
        "netIncomeRatio": -0.0288211231,
        "eps": -0.0915,
        "epsdiluted": -0.0915,
        "weightedAverageShsOut": 338800000,
        "weightedAverageShsOutDil": 338800000,
        "link": "https://www.sec.gov/Archives/edgar/data/1024305/000102430516000181/0001024305-16-000181-index.htm",
        "finalLink": "https://www.sec.gov/Archives/edgar/data/1024305/000102430516000181/coty-063016x10k.htm"
    },
    {
        "date": "2016-03-31",
        "symbol": "COTY",
        "reportedCurrency": "USD",
        "cik": "0001024305",
        "fillingDate": "2016-05-03",
        "acceptedDate": "2016-05-03 17:09:19",
        "calendarYear": "2016",
        "period": "Q3",
        "revenue": 950700000,
        "costOfRevenue": 369000000,
        "grossProfit": 581700000,
        "grossProfitRatio": 0.6118649416,
        "researchAndDevelopmentExpenses": 0,
        "generalAndAdministrativeExpenses": 0,
        "sellingAndMarketingExpenses": 0,
        "sellingGeneralAndAdministrativeExpenses": 494200000,
        "otherExpenses": -6600000,
        "operatingExpenses": 515100000,
        "costAndExpenses": 884100000,
        "interestIncome": 1800000,
        "interestExpense": 33100000,
        "depreciationAndAmortization": 58100000,
        "ebitda": 138800000,
        "ebitdaratio": 0.1459976859,
        "operatingIncome": 23000000,
        "operatingIncomeRatio": 0.0241927001,
        "totalOtherIncomeExpensesNet": -31700000,
        "incomeBeforeTax": -8700000,
        "incomeBeforeTaxRatio": -0.0091511518,
        "incomeTaxExpense": 11600000,
        "netIncome": -26800000,
        "netIncomeRatio": -0.0281897549,
        "eps": -0.08,
        "epsdiluted": -0.0793,
        "weightedAverageShsOut": 335000000,
        "weightedAverageShsOutDil": 337900000,
        "link": "https://www.sec.gov/Archives/edgar/data/1024305/000102430516000151/0001024305-16-000151-index.htm",
        "finalLink": "https://www.sec.gov/Archives/edgar/data/1024305/000102430516000151/coty33116-10q.htm"
    },
    {
        "date": "2015-12-31",
        "symbol": "COTY",
        "reportedCurrency": "USD",
        "cik": "0001024305",
        "fillingDate": "2016-02-04",
        "acceptedDate": "2016-02-04 16:55:31",
        "calendarYear": "2016",
        "period": "Q2",
        "revenue": 1210500000,
        "costOfRevenue": 467700000,
        "grossProfit": 742800000,
        "grossProfitRatio": 0.6136307311,
        "researchAndDevelopmentExpenses": 0,
        "generalAndAdministrativeExpenses": 0,
        "sellingAndMarketingExpenses": 0,
        "sellingGeneralAndAdministrativeExpenses": 515400000,
        "otherExpenses": -24100000,
        "operatingExpenses": 534300000,
        "costAndExpenses": 1002000000,
        "interestIncome": 500000,
        "interestExpense": 14600000,
        "depreciationAndAmortization": 18900000,
        "ebitda": 270600000,
        "ebitdaratio": 0.2235439901,
        "operatingIncome": 152400000,
        "operatingIncomeRatio": 0.1258983891,
        "totalOtherIncomeExpensesNet": -41800000,
        "incomeBeforeTax": 110600000,
        "incomeBeforeTaxRatio": 0.0913672036,
        "incomeTaxExpense": 13000000,
        "netIncome": 89000000,
        "netIncomeRatio": 0.0735233375,
        "eps": 0.26,
        "epsdiluted": 0.25,
        "weightedAverageShsOut": 345000000,
        "weightedAverageShsOutDil": 354300000,
        "link": "https://www.sec.gov/Archives/edgar/data/1024305/000102430516000140/0001024305-16-000140-index.htm",
        "finalLink": "https://www.sec.gov/Archives/edgar/data/1024305/000102430516000140/coty123115-10q.htm"
    },
    {
        "date": "2015-09-30",
        "symbol": "COTY",
        "reportedCurrency": "USD",
        "cik": "0001024305",
        "fillingDate": "2015-11-05",
        "acceptedDate": "2015-11-05 16:42:05",
        "calendarYear": "2016",
        "period": "Q1",
        "revenue": 1112300000,
        "costOfRevenue": 443700000,
        "grossProfit": 668600000,
        "grossProfitRatio": 0.6010968264,
        "researchAndDevelopmentExpenses": 0,
        "generalAndAdministrativeExpenses": 0,
        "sellingAndMarketingExpenses": 0,
        "sellingGeneralAndAdministrativeExpenses": 484300000,
        "otherExpenses": 300000,
        "operatingExpenses": 503500000,
        "costAndExpenses": 947200000,
        "interestIncome": 500000,
        "interestExpense": 15000000,
        "depreciationAndAmortization": 57500000,
        "ebitda": 230000000,
        "ebitdaratio": 0.2067787467,
        "operatingIncome": 81700000,
        "operatingIncomeRatio": 0.073451407,
        "totalOtherIncomeExpensesNet": -15700000,
        "incomeBeforeTax": 66000000,
        "incomeBeforeTaxRatio": 0.0593365099,
        "incomeTaxExpense": -67100000,
        "netIncome": 125700000,
        "netIncomeRatio": 0.1130090803,
        "eps": 0.35,
        "epsdiluted": 0.34,
        "weightedAverageShsOut": 360000000,
        "weightedAverageShsOutDil": 369900000,
        "link": "https://www.sec.gov/Archives/edgar/data/1024305/000102430515000103/0001024305-15-000103-index.htm",
        "finalLink": "https://www.sec.gov/Archives/edgar/data/1024305/000102430515000103/coty93015-10q.htm"
    },
    {
        "date": "2015-06-30",
        "symbol": "COTY",
        "reportedCurrency": "USD",
        "cik": "0001024305",
        "fillingDate": "2015-08-17",
        "acceptedDate": "2015-08-17 17:06:48",
        "calendarYear": "2015",
        "period": "Q4",
        "revenue": 1019500000,
        "costOfRevenue": 414100000,
        "grossProfit": 605400000,
        "grossProfitRatio": 0.5938205002,
        "researchAndDevelopmentExpenses": 47400000,
        "generalAndAdministrativeExpenses": -444000000,
        "sellingAndMarketingExpenses": 1007700000,
        "sellingGeneralAndAdministrativeExpenses": 563700000,
        "otherExpenses": 19200000,
        "operatingExpenses": 582900000,
        "costAndExpenses": 997000000,
        "interestIncome": 900000,
        "interestExpense": 16200000,
        "depreciationAndAmortization": 58300000,
        "ebitda": 34200000,
        "ebitdaratio": 0.0335458558,
        "operatingIncome": -23400000,
        "operatingIncomeRatio": -0.0229524277,
        "totalOtherIncomeExpensesNet": -16900000,
        "incomeBeforeTax": -40300000,
        "incomeBeforeTaxRatio": -0.039529181,
        "incomeTaxExpense": -65900000,
        "netIncome": 21000000,
        "netIncomeRatio": 0.0205983325,
        "eps": 0.0583,
        "epsdiluted": 0.0583,
        "weightedAverageShsOut": 360000000,
        "weightedAverageShsOutDil": 360000000,
        "link": "https://www.sec.gov/Archives/edgar/data/1024305/000102430515000058/0001024305-15-000058-index.htm",
        "finalLink": "https://www.sec.gov/Archives/edgar/data/1024305/000102430515000058/coty-063015x10k.htm"
    },
    {
        "date": "2015-03-31",
        "symbol": "COTY",
        "reportedCurrency": "USD",
        "cik": "0001024305",
        "fillingDate": "2015-05-07",
        "acceptedDate": "2015-05-07 17:05:26",
        "calendarYear": "2015",
        "period": "Q3",
        "revenue": 933800000,
        "costOfRevenue": 351800000,
        "grossProfit": 582000000,
        "grossProfitRatio": 0.6232597987,
        "researchAndDevelopmentExpenses": 0,
        "generalAndAdministrativeExpenses": 0,
        "sellingAndMarketingExpenses": 0,
        "sellingGeneralAndAdministrativeExpenses": 445300000,
        "otherExpenses": 500000,
        "operatingExpenses": 463400000,
        "costAndExpenses": 815200000,
        "interestIncome": 700000,
        "interestExpense": 18400000,
        "depreciationAndAmortization": 55900000,
        "ebitda": 165400000,
        "ebitdaratio": 0.1771257229,
        "operatingIncome": 114700000,
        "operatingIncomeRatio": 0.1228314414,
        "totalOtherIncomeExpensesNet": -17100000,
        "incomeBeforeTax": 97600000,
        "incomeBeforeTaxRatio": 0.104519169,
        "incomeTaxExpense": 15400000,
        "netIncome": 75500000,
        "netIncomeRatio": 0.0808524309,
        "eps": 0.22,
        "epsdiluted": 0.21,
        "weightedAverageShsOut": 344700000,
        "weightedAverageShsOutDil": 354800000,
        "link": "https://www.sec.gov/Archives/edgar/data/1024305/000102430515000032/0001024305-15-000032-index.htm",
        "finalLink": "https://www.sec.gov/Archives/edgar/data/1024305/000102430515000032/coty-33115x10q.htm"
    },
    {
        "date": "2014-12-31",
        "symbol": "COTY",
        "reportedCurrency": "USD",
        "cik": "0001024305",
        "fillingDate": "2015-02-05",
        "acceptedDate": "2015-02-05 16:04:44",
        "calendarYear": "2015",
        "period": "Q2",
        "revenue": 1259600000,
        "costOfRevenue": 508900000,
        "grossProfit": 750700000,
        "grossProfitRatio": 0.5959828517,
        "researchAndDevelopmentExpenses": 0,
        "generalAndAdministrativeExpenses": 0,
        "sellingAndMarketingExpenses": 0,
        "sellingGeneralAndAdministrativeExpenses": 536500000,
        "otherExpenses": -300000,
        "operatingExpenses": 555000000,
        "costAndExpenses": 1063900000,
        "interestIncome": 700000,
        "interestExpense": 17400000,
        "depreciationAndAmortization": 57900000,
        "ebitda": 256300000,
        "ebitdaratio": 0.2034772944,
        "operatingIncome": 183700000,
        "operatingIncomeRatio": 0.1458399492,
        "totalOtherIncomeExpensesNet": -19400000,
        "incomeBeforeTax": 164300000,
        "incomeBeforeTaxRatio": 0.1304382344,
        "incomeTaxExpense": 29400000,
        "netIncome": 125400000,
        "netIncomeRatio": 0.0995554144,
        "eps": 0.35,
        "epsdiluted": 0.35,
        "weightedAverageShsOut": 353400000,
        "weightedAverageShsOutDil": 362600000,
        "link": "https://www.sec.gov/Archives/edgar/data/1024305/000102430515000002/0001024305-15-000002-index.htm",
        "finalLink": "https://www.sec.gov/Archives/edgar/data/1024305/000102430515000002/coty-123114x10q.htm"
    },
    {
        "date": "2014-09-30",
        "symbol": "COTY",
        "reportedCurrency": "USD",
        "cik": "0001024305",
        "fillingDate": "2014-11-06",
        "acceptedDate": "2014-11-06 16:58:30",
        "calendarYear": "2015",
        "period": "Q1",
        "revenue": 1182300000,
        "costOfRevenue": 482200000,
        "grossProfit": 700100000,
        "grossProfitRatio": 0.5921508923,
        "researchAndDevelopmentExpenses": 0,
        "generalAndAdministrativeExpenses": 0,
        "sellingAndMarketingExpenses": 0,
        "sellingGeneralAndAdministrativeExpenses": 520600000,
        "otherExpenses": 18900000,
        "operatingExpenses": 539500000,
        "costAndExpenses": 1021700000,
        "interestIncome": 1100000,
        "interestExpense": 19400000,
        "depreciationAndAmortization": 58800000,
        "ebitda": 224900000,
        "ebitdaratio": 0.1902224478,
        "operatingIncome": 120100000,
        "operatingIncomeRatio": 0.1015816629,
        "totalOtherIncomeExpensesNet": -108400000,
        "incomeBeforeTax": 11700000,
        "incomeBeforeTaxRatio": 0.0098959655,
        "incomeTaxExpense": -5000000,
        "netIncome": 10600000,
        "netIncomeRatio": 0.0089655756,
        "eps": 0.03,
        "epsdiluted": 0.03,
        "weightedAverageShsOut": 354200000,
        "weightedAverageShsOutDil": 364300000,
        "link": "https://www.sec.gov/Archives/edgar/data/1024305/000102430514000041/0001024305-14-000041-index.htm",
        "finalLink": "https://www.sec.gov/Archives/edgar/data/1024305/000102430514000041/coty-093014x10q.htm"
    },
    {
        "date": "2014-06-30",
        "symbol": "COTY",
        "reportedCurrency": "USD",
        "cik": "0001024305",
        "fillingDate": "2014-08-28",
        "acceptedDate": "2014-08-28 17:09:21",
        "calendarYear": "2014",
        "period": "Q4",
        "revenue": 1041500000,
        "costOfRevenue": 448800000,
        "grossProfit": 592700000,
        "grossProfitRatio": 0.5690830533,
        "researchAndDevelopmentExpenses": 46500000,
        "generalAndAdministrativeExpenses": 283200000,
        "sellingAndMarketingExpenses": 274500000,
        "sellingGeneralAndAdministrativeExpenses": 557700000,
        "otherExpenses": -3600000,
        "operatingExpenses": 577000000,
        "costAndExpenses": 1025800000,
        "interestIncome": 1000000,
        "interestExpense": 17800000,
        "depreciationAndAmortization": 62500000,
        "ebitda": 48200000,
        "ebitdaratio": 0.0462794047,
        "operatingIncome": -11400000,
        "operatingIncomeRatio": -0.0109457513,
        "totalOtherIncomeExpensesNet": -20700000,
        "incomeBeforeTax": -32100000,
        "incomeBeforeTaxRatio": -0.0308209313,
        "incomeTaxExpense": -19300000,
        "netIncome": -20100000,
        "netIncomeRatio": -0.0192990879,
        "eps": -0.0567,
        "epsdiluted": -0.0567,
        "weightedAverageShsOut": 354200000,
        "weightedAverageShsOutDil": 354200000,
        "link": "https://www.sec.gov/Archives/edgar/data/1024305/000102430514000029/0001024305-14-000029-index.htm",
        "finalLink": "https://www.sec.gov/Archives/edgar/data/1024305/000102430514000029/coty-063014x10k.htm"
    },
    {
        "date": "2014-03-31",
        "symbol": "COTY",
        "reportedCurrency": "USD",
        "cik": "0001024305",
        "fillingDate": "2014-05-14",
        "acceptedDate": "2014-05-14 16:10:21",
        "calendarYear": "2014",
        "period": "Q3",
        "revenue": 1008700000,
        "costOfRevenue": 395600000,
        "grossProfit": 613100000,
        "grossProfitRatio": 0.6078120353,
        "researchAndDevelopmentExpenses": 0,
        "generalAndAdministrativeExpenses": 286400000,
        "sellingAndMarketingExpenses": 256800000,
        "sellingGeneralAndAdministrativeExpenses": 543200000,
        "otherExpenses": 2100000,
        "operatingExpenses": 564300000,
        "costAndExpenses": 959900000,
        "interestIncome": 1200000,
        "interestExpense": 17100000,
        "depreciationAndAmortization": 61600000,
        "ebitda": -272000000,
        "ebitdaratio": -0.2696540101,
        "operatingIncome": -272000000,
        "operatingIncomeRatio": -0.2696540101,
        "totalOtherIncomeExpensesNet": -15200000,
        "incomeBeforeTax": -287200000,
        "incomeBeforeTaxRatio": -0.2847229107,
        "incomeTaxExpense": -40500000,
        "netIncome": -253300000,
        "netIncomeRatio": -0.2511152969,
        "eps": -0.66,
        "epsdiluted": -0.66,
        "weightedAverageShsOut": 383787878,
        "weightedAverageShsOutDil": 384000000,
        "link": "https://www.sec.gov/Archives/edgar/data/1024305/000102430514000005/0001024305-14-000005-index.htm",
        "finalLink": "https://www.sec.gov/Archives/edgar/data/1024305/000102430514000005/coty-033114x10q.htm"
    },
    {
        "date": "2013-12-31",
        "symbol": "COTY",
        "reportedCurrency": "USD",
        "cik": "0001024305",
        "fillingDate": "2014-02-14",
        "acceptedDate": "2014-02-14 16:38:37",
        "calendarYear": "2014",
        "period": "Q2",
        "revenue": 1323200000,
        "costOfRevenue": 549300000,
        "grossProfit": 773900000,
        "grossProfitRatio": 0.5848700121,
        "researchAndDevelopmentExpenses": 0,
        "generalAndAdministrativeExpenses": 309300000,
        "sellingAndMarketingExpenses": 293700000,
        "sellingGeneralAndAdministrativeExpenses": 603000000,
        "otherExpenses": 22700000,
        "operatingExpenses": 625700000,
        "costAndExpenses": 1175000000,
        "interestIncome": 1000000,
        "interestExpense": 17500000,
        "depreciationAndAmortization": 61800000,
        "ebitda": 206100000,
        "ebitdaratio": 0.1557587666,
        "operatingIncome": 143500000,
        "operatingIncomeRatio": 0.108449214,
        "totalOtherIncomeExpensesNet": -16700000,
        "incomeBeforeTax": 126800000,
        "incomeBeforeTaxRatio": 0.095828295,
        "incomeTaxExpense": 33700000,
        "netIncome": 82500000,
        "netIncomeRatio": 0.0623488513,
        "eps": 0.21,
        "epsdiluted": 0.21,
        "weightedAverageShsOut": 384400000,
        "weightedAverageShsOutDil": 393300000,
        "link": "https://www.sec.gov/Archives/edgar/data/1024305/000093041314000709/0000930413-14-000709-index.htm",
        "finalLink": "https://www.sec.gov/Archives/edgar/data/1024305/000093041314000709/c76313_10q.htm"
    },
    {
        "date": "2013-09-30",
        "symbol": "COTY",
        "reportedCurrency": "USD",
        "cik": "0001024305",
        "fillingDate": "2013-11-08",
        "acceptedDate": "2013-11-07 17:35:32",
        "calendarYear": "2014",
        "period": "Q1",
        "revenue": 1178200000,
        "costOfRevenue": 472000000,
        "grossProfit": 706200000,
        "grossProfitRatio": 0.5993888983,
        "researchAndDevelopmentExpenses": 0,
        "generalAndAdministrativeExpenses": 271400000,
        "sellingAndMarketingExpenses": 245000000,
        "sellingGeneralAndAdministrativeExpenses": 516400000,
        "otherExpenses": 200000,
        "operatingExpenses": 539000000,
        "costAndExpenses": 1011000000,
        "interestIncome": 900000,
        "interestExpense": 17400000,
        "depreciationAndAmortization": 64800000,
        "ebitda": 230600000,
        "ebitdaratio": 0.1957222882,
        "operatingIncome": 165600000,
        "operatingIncomeRatio": 0.1405533865,
        "totalOtherIncomeExpensesNet": -17200000,
        "incomeBeforeTax": 148400000,
        "incomeBeforeTaxRatio": 0.1259548464,
        "incomeTaxExpense": 46200000,
        "netIncome": 93500000,
        "netIncomeRatio": 0.0793583432,
        "eps": 0.24,
        "epsdiluted": 0.24,
        "weightedAverageShsOut": 384000000,
        "weightedAverageShsOutDil": 393500000,
        "link": "https://www.sec.gov/Archives/edgar/data/1024305/000093041313005258/0000930413-13-005258-index.htm",
        "finalLink": "https://www.sec.gov/Archives/edgar/data/1024305/000093041313005258/c75086_10q.htm"
    },
    {
        "date": "2013-06-30",
        "symbol": "COTY",
        "reportedCurrency": "USD",
        "cik": "0001024305",
        "fillingDate": "2013-09-17",
        "acceptedDate": "2013-09-17 11:08:50",
        "calendarYear": "2013",
        "period": "Q4",
        "revenue": 1058800000,
        "costOfRevenue": 438400000,
        "grossProfit": 620400000,
        "grossProfitRatio": 0.5859463544,
        "researchAndDevelopmentExpenses": 44600000,
        "generalAndAdministrativeExpenses": 322200000,
        "sellingAndMarketingExpenses": 271800000,
        "sellingGeneralAndAdministrativeExpenses": 594000000,
        "otherExpenses": 200000,
        "operatingExpenses": 617800000,
        "costAndExpenses": 1056200000,
        "interestIncome": 1100000,
        "interestExpense": 17700000,
        "depreciationAndAmortization": 68700000,
        "ebitda": 41700000,
        "ebitdaratio": 0.0393842085,
        "operatingIncome": -23900000,
        "operatingIncomeRatio": -0.0225727238,
        "totalOtherIncomeExpensesNet": -20800000,
        "incomeBeforeTax": -44700000,
        "incomeBeforeTaxRatio": -0.0422176048,
        "incomeTaxExpense": 11500000,
        "netIncome": -62300000,
        "netIncomeRatio": -0.0588401964,
        "eps": -0.17,
        "epsdiluted": -0.16,
        "weightedAverageShsOut": 375183677,
        "weightedAverageShsOutDil": 382830520,
        "link": "https://www.sec.gov/Archives/edgar/data/1024305/000093041313004596/0000930413-13-004596-index.htm",
        "finalLink": "https://www.sec.gov/Archives/edgar/data/1024305/000093041313004596/c74967_10k.htm"
    },
    {
        "date": "2013-03-31",
        "symbol": "COTY",
        "reportedCurrency": "USD",
        "cik": "0001024305",
        "fillingDate": "2013-03-31",
        "acceptedDate": "2013-03-30 20:00:00",
        "calendarYear": "2013",
        "period": "Q3",
        "revenue": 997700000,
        "costOfRevenue": 382600000,
        "grossProfit": 615100000,
        "grossProfitRatio": 0.6165179914,
        "researchAndDevelopmentExpenses": 0,
        "generalAndAdministrativeExpenses": 319500000,
        "sellingAndMarketingExpenses": 240600000,
        "sellingGeneralAndAdministrativeExpenses": 560100000,
        "otherExpenses": 200000,
        "operatingExpenses": 582300000,
        "costAndExpenses": 964900000,
        "interestIncome": 800000,
        "interestExpense": 20100000,
        "depreciationAndAmortization": 65900000,
        "ebitda": 96100000,
        "ebitdaratio": 0.0963215395,
        "operatingIncome": 30100000,
        "operatingIncomeRatio": 0.0301693896,
        "totalOtherIncomeExpensesNet": -20000000,
        "incomeBeforeTax": 10100000,
        "incomeBeforeTaxRatio": 0.0101232836,
        "incomeTaxExpense": -19800000,
        "netIncome": 20400000,
        "netIncomeRatio": 0.0204470282,
        "eps": 0.0533,
        "epsdiluted": 0.0533,
        "weightedAverageShsOut": 382830520,
        "weightedAverageShsOutDil": 382830520,
        "link": "",
        "finalLink": ""
    },
    {
        "date": "2012-12-31",
        "symbol": "COTY",
        "reportedCurrency": "USD",
        "cik": "0001024305",
        "fillingDate": "2012-12-31",
        "acceptedDate": "2012-12-30 19:00:00",
        "calendarYear": "2013",
        "period": "Q2",
        "revenue": 1379500000,
        "costOfRevenue": 562900000,
        "grossProfit": 816600000,
        "grossProfitRatio": 0.5919536064,
        "researchAndDevelopmentExpenses": 0,
        "generalAndAdministrativeExpenses": 286100000,
        "sellingAndMarketingExpenses": 304800000,
        "sellingGeneralAndAdministrativeExpenses": 590900000,
        "otherExpenses": 200000,
        "operatingExpenses": 613200000,
        "costAndExpenses": 1176100000,
        "interestIncome": 900000,
        "interestExpense": 19300000,
        "depreciationAndAmortization": 63600000,
        "ebitda": 287000000,
        "ebitdaratio": 0.2080463936,
        "operatingIncome": 222300000,
        "operatingIncomeRatio": 0.1611453425,
        "totalOtherIncomeExpensesNet": -8800000,
        "incomeBeforeTax": 204100000,
        "incomeBeforeTaxRatio": 0.1479521566,
        "incomeTaxExpense": 70700000,
        "netIncome": 123200000,
        "netIncomeRatio": 0.0893077202,
        "eps": 0.32,
        "epsdiluted": 0.32,
        "weightedAverageShsOut": 382830520,
        "weightedAverageShsOutDil": 382830520,
        "link": "",
        "finalLink": ""
    },
    {
        "date": "2012-09-30",
        "symbol": "COTY",
        "reportedCurrency": "USD",
        "cik": "0001024305",
        "fillingDate": "2012-09-30",
        "acceptedDate": "2012-09-29 20:00:00",
        "calendarYear": "2013",
        "period": "Q1",
        "revenue": 1213100000,
        "costOfRevenue": 476400000,
        "grossProfit": 736700000,
        "grossProfitRatio": 0.6072871157,
        "researchAndDevelopmentExpenses": 0,
        "generalAndAdministrativeExpenses": 0,
        "sellingAndMarketingExpenses": 0,
        "sellingGeneralAndAdministrativeExpenses": 548900000,
        "otherExpenses": 200000,
        "operatingExpenses": 570800000,
        "costAndExpenses": 1047200000,
        "interestIncome": 1100000,
        "interestExpense": 20200000,
        "depreciationAndAmortization": 61400000,
        "ebitda": 230800000,
        "ebitdaratio": 0.190256368,
        "operatingIncome": 165900000,
        "operatingIncomeRatio": 0.1367570687,
        "totalOtherIncomeExpensesNet": -22600000,
        "incomeBeforeTax": 149200000,
        "incomeBeforeTaxRatio": 0.122990685,
        "incomeTaxExpense": 54400000,
        "netIncome": 86700000,
        "netIncomeRatio": 0.0714697881,
        "eps": 0.23,
        "epsdiluted": 0.23,
        "weightedAverageShsOut": 382830520,
        "weightedAverageShsOutDil": 382830520,
        "link": "",
        "finalLink": ""
    },
    {
        "date": "2012-06-30",
        "symbol": "COTY",
        "reportedCurrency": "USD",
        "cik": "0001024305",
        "fillingDate": "2012-06-30",
        "acceptedDate": "2012-06-29 20:00:00",
        "calendarYear": "2012",
        "period": "Q4",
        "revenue": 1023400000,
        "costOfRevenue": 400400000,
        "grossProfit": 623000000,
        "grossProfitRatio": 0.60875513,
        "researchAndDevelopmentExpenses": 0,
        "generalAndAdministrativeExpenses": 0,
        "sellingAndMarketingExpenses": 0,
        "sellingGeneralAndAdministrativeExpenses": 602000000,
        "otherExpenses": 23400000,
        "operatingExpenses": 625400000,
        "costAndExpenses": 1025800000,
        "interestIncome": 2800000,
        "interestExpense": 19100000,
        "depreciationAndAmortization": 67300000,
        "ebitda": -417200000,
        "ebitdaratio": -0.4076607387,
        "operatingIncome": -485400000,
        "operatingIncomeRatio": -0.4743013484,
        "totalOtherIncomeExpensesNet": -18200000,
        "incomeBeforeTax": -503600000,
        "incomeBeforeTaxRatio": -0.4920852062,
        "incomeTaxExpense": -152300000,
        "netIncome": -357300000,
        "netIncomeRatio": -0.3491303498,
        "eps": -0.93,
        "epsdiluted": -0.93,
        "weightedAverageShsOut": 382830520,
        "weightedAverageShsOutDil": 382830520,
        "link": "",
        "finalLink": ""
    },
    {
        "date": "2012-03-31",
        "symbol": "COTY",
        "reportedCurrency": "USD",
        "cik": "0001024305",
        "fillingDate": "2012-03-31",
        "acceptedDate": "2012-03-30 20:00:00",
        "calendarYear": "2012",
        "period": "Q3",
        "revenue": 1005200000,
        "costOfRevenue": 396200000,
        "grossProfit": 609000000,
        "grossProfitRatio": 0.6058495822,
        "researchAndDevelopmentExpenses": 0,
        "generalAndAdministrativeExpenses": 0,
        "sellingAndMarketingExpenses": 0,
        "sellingGeneralAndAdministrativeExpenses": 615300000,
        "otherExpenses": 23100000,
        "operatingExpenses": 638400000,
        "costAndExpenses": 1034600000,
        "interestIncome": 1400000,
        "interestExpense": 25100000,
        "depreciationAndAmortization": 58600000,
        "ebitda": -73800000,
        "ebitdaratio": -0.0734182252,
        "operatingIncome": -137100000,
        "operatingIncomeRatio": -0.136390768,
        "totalOtherIncomeExpensesNet": -20400000,
        "incomeBeforeTax": -157500000,
        "incomeBeforeTaxRatio": -0.1566852368,
        "incomeTaxExpense": 500000,
        "netIncome": -165400000,
        "netIncomeRatio": -0.1645443693,
        "eps": -0.43,
        "epsdiluted": -0.43,
        "weightedAverageShsOut": 382830520,
        "weightedAverageShsOutDil": 382830520,
        "link": "",
        "finalLink": ""
    },
    {
        "date": "2011-12-31",
        "symbol": "COTY",
        "reportedCurrency": "USD",
        "cik": "0001024305",
        "fillingDate": "2011-12-31",
        "acceptedDate": "2011-12-30 19:00:00",
        "calendarYear": "2012",
        "period": "Q2",
        "revenue": 1337900000,
        "costOfRevenue": 533900000,
        "grossProfit": 804000000,
        "grossProfitRatio": 0.6009417744,
        "researchAndDevelopmentExpenses": 0,
        "generalAndAdministrativeExpenses": 0,
        "sellingAndMarketingExpenses": 0,
        "sellingGeneralAndAdministrativeExpenses": 604300000,
        "otherExpenses": 2700000,
        "operatingExpenses": 631100000,
        "costAndExpenses": 1165000000,
        "interestIncome": 1100000,
        "interestExpense": 20500000,
        "depreciationAndAmortization": 60100000,
        "ebitda": 231300000,
        "ebitdaratio": 0.1728828761,
        "operatingIncome": 170700000,
        "operatingIncomeRatio": 0.1275880111,
        "totalOtherIncomeExpensesNet": -7000000,
        "incomeBeforeTax": 163700000,
        "incomeBeforeTaxRatio": 0.1223559309,
        "incomeTaxExpense": 62400000,
        "netIncome": 92400000,
        "netIncomeRatio": 0.0690634577,
        "eps": 0.24,
        "epsdiluted": 0.24,
        "weightedAverageShsOut": 382830520,
        "weightedAverageShsOutDil": 382830520,
        "link": "",
        "finalLink": ""
    },
    {
        "date": "2011-09-30",
        "symbol": "COTY",
        "reportedCurrency": "USD",
        "cik": "0001024305",
        "fillingDate": "2011-09-30",
        "acceptedDate": "2011-09-29 20:00:00",
        "calendarYear": "2012",
        "period": "Q1",
        "revenue": 1244800000,
        "costOfRevenue": 493500000,
        "grossProfit": 751300000,
        "grossProfitRatio": 0.6035507712,
        "researchAndDevelopmentExpenses": 0,
        "generalAndAdministrativeExpenses": 0,
        "sellingAndMarketingExpenses": 0,
        "sellingGeneralAndAdministrativeExpenses": 477800000,
        "otherExpenses": 100000,
        "operatingExpenses": 504600000,
        "costAndExpenses": 998100000,
        "interestIncome": 1100000,
        "interestExpense": 20800000,
        "depreciationAndAmortization": 60000000,
        "ebitda": 304100000,
        "ebitdaratio": 0.2442962725,
        "operatingIncome": 242300000,
        "operatingIncomeRatio": 0.1946497429,
        "totalOtherIncomeExpensesNet": -76000000,
        "incomeBeforeTax": 166300000,
        "incomeBeforeTaxRatio": 0.1335957584,
        "incomeTaxExpense": 51600000,
        "netIncome": 105900000,
        "netIncomeRatio": 0.0850739075,
        "eps": 0.28,
        "epsdiluted": 0.28,
        "weightedAverageShsOut": 382830520,
        "weightedAverageShsOutDil": 382830520,
        "link": "",
        "finalLink": ""
    },
    {
        "date": "2011-06-30",
        "symbol": "COTY",
        "reportedCurrency": "USD",
        "cik": "0001024305",
        "fillingDate": "2011-06-30",
        "acceptedDate": "2011-06-29 20:00:00",
        "calendarYear": "2011",
        "period": "Q4",
        "revenue": 1015500000,
        "costOfRevenue": 424000000,
        "grossProfit": 591500000,
        "grossProfitRatio": 0.5824716888,
        "researchAndDevelopmentExpenses": 0,
        "generalAndAdministrativeExpenses": 0,
        "sellingAndMarketingExpenses": 0,
        "sellingGeneralAndAdministrativeExpenses": 532900000,
        "otherExpenses": 25300000,
        "operatingExpenses": 558200000,
        "costAndExpenses": 982200000,
        "interestIncome": 1400000,
        "interestExpense": 20000000,
        "depreciationAndAmortization": 59600000,
        "ebitda": 94300000,
        "ebitdaratio": 0.0928606598,
        "operatingIncome": 28200000,
        "operatingIncomeRatio": 0.0277695716,
        "totalOtherIncomeExpensesNet": -24000000,
        "incomeBeforeTax": 4200000,
        "incomeBeforeTaxRatio": 0.0041358936,
        "incomeTaxExpense": 500000,
        "netIncome": -1400000,
        "netIncomeRatio": -0.0013786312,
        "eps": -0.0037,
        "epsdiluted": -0.0037,
        "weightedAverageShsOut": 382830520,
        "weightedAverageShsOutDil": 382830520,
        "link": "",
        "finalLink": ""
    }
]