[
    {
        "date": "2024-12-31",
        "symbol": "CPWR",
        "reportedCurrency": "USD",
        "cik": "0000827099",
        "fillingDate": "2025-10-27",
        "acceptedDate": "2025-10-24 18:37:01",
        "calendarYear": "2024",
        "period": "Q4",
        "revenue": 0,
        "costOfRevenue": 0,
        "grossProfit": 0,
        "grossProfitRatio": 0,
        "researchAndDevelopmentExpenses": 0,
        "generalAndAdministrativeExpenses": 0,
        "sellingAndMarketingExpenses": 0,
        "sellingGeneralAndAdministrativeExpenses": 403353,
        "otherExpenses": 0,
        "operatingExpenses": 403353,
        "costAndExpenses": 403353,
        "interestIncome": 0,
        "interestExpense": 650437,
        "depreciationAndAmortization": 0,
        "ebitda": 372823,
        "ebitdaratio": 0,
        "operatingIncome": -403353,
        "operatingIncomeRatio": 0,
        "totalOtherIncomeExpensesNet": 125740,
        "incomeBeforeTax": -277613,
        "incomeBeforeTaxRatio": 0,
        "incomeTaxExpense": 0,
        "netIncome": -277613,
        "netIncomeRatio": 0,
        "eps": -0.0015,
        "epsdiluted": -0.0015,
        "weightedAverageShsOut": 190012124,
        "weightedAverageShsOutDil": 190012124,
        "link": "https://www.sec.gov/Archives/edgar/data/827099/000165495425012217/0001654954-25-012217-index.htm",
        "finalLink": "https://www.sec.gov/Archives/edgar/data/827099/000165495425012217/cpwr_10k.htm"
    },
    {
        "date": "2024-09-30",
        "symbol": "CPWR",
        "reportedCurrency": "USD",
        "cik": "0000827099",
        "fillingDate": "2025-10-02",
        "acceptedDate": "2025-10-02 12:41:11",
        "calendarYear": "2024",
        "period": "Q3",
        "revenue": 0,
        "costOfRevenue": 0,
        "grossProfit": 0,
        "grossProfitRatio": 0,
        "researchAndDevelopmentExpenses": 0,
        "generalAndAdministrativeExpenses": 152889,
        "sellingAndMarketingExpenses": 225621,
        "sellingGeneralAndAdministrativeExpenses": 378510,
        "otherExpenses": 0,
        "operatingExpenses": 378510,
        "costAndExpenses": 378510,
        "interestIncome": 0,
        "interestExpense": 628141,
        "depreciationAndAmortization": 378510,
        "ebitda": 0,
        "ebitdaratio": 0,
        "operatingIncome": -378510,
        "operatingIncomeRatio": 0,
        "totalOtherIncomeExpensesNet": 4635953,
        "incomeBeforeTax": 4257443,
        "incomeBeforeTaxRatio": 0,
        "incomeTaxExpense": 0,
        "netIncome": 4257443,
        "netIncomeRatio": 0,
        "eps": 0.0226,
        "epsdiluted": 0.0226,
        "weightedAverageShsOut": 188290000,
        "weightedAverageShsOutDil": 188282000,
        "link": "https://www.sec.gov/Archives/edgar/data/827099/000165495425011385/0001654954-25-011385-index.htm",
        "finalLink": "https://www.sec.gov/Archives/edgar/data/827099/000165495425011385/cpwr_10q.htm"
    },
    {
        "date": "2024-06-30",
        "symbol": "CPWR",
        "reportedCurrency": "USD",
        "cik": "0000827099",
        "fillingDate": "2025-10-02",
        "acceptedDate": "2025-10-02 12:35:12",
        "calendarYear": "2024",
        "period": "Q2",
        "revenue": 0,
        "costOfRevenue": 0,
        "grossProfit": 0,
        "grossProfitRatio": 0,
        "researchAndDevelopmentExpenses": 0,
        "generalAndAdministrativeExpenses": 0,
        "sellingAndMarketingExpenses": 0,
        "sellingGeneralAndAdministrativeExpenses": 386383,
        "otherExpenses": 0,
        "operatingExpenses": 386383,
        "costAndExpenses": 386383,
        "interestIncome": 0,
        "interestExpense": 602833,
        "depreciationAndAmortization": 0,
        "ebitda": 6923563,
        "ebitdaratio": 0,
        "operatingIncome": -386383,
        "operatingIncomeRatio": 0,
        "totalOtherIncomeExpensesNet": 6707113,
        "incomeBeforeTax": 6320730,
        "incomeBeforeTaxRatio": 0,
        "incomeTaxExpense": 0,
        "netIncome": 6320730,
        "netIncomeRatio": 0,
        "eps": 0.0333,
        "epsdiluted": 0.0333,
        "weightedAverageShsOut": 190012124,
        "weightedAverageShsOutDil": 190012124,
        "link": "https://www.sec.gov/Archives/edgar/data/827099/000165495425011383/0001654954-25-011383-index.htm",
        "finalLink": "https://www.sec.gov/Archives/edgar/data/827099/000165495425011383/cpwr_10q.htm"
    },
    {
        "date": "2024-03-31",
        "symbol": "CPWR",
        "reportedCurrency": "USD",
        "cik": "0000827099",
        "fillingDate": "2025-10-02",
        "acceptedDate": "2025-10-01 21:23:28",
        "calendarYear": "2024",
        "period": "Q1",
        "revenue": 0,
        "costOfRevenue": 0,
        "grossProfit": 0,
        "grossProfitRatio": 0,
        "researchAndDevelopmentExpenses": 0,
        "generalAndAdministrativeExpenses": 0,
        "sellingAndMarketingExpenses": 0,
        "sellingGeneralAndAdministrativeExpenses": 408364,
        "otherExpenses": 0,
        "operatingExpenses": 408364,
        "costAndExpenses": 408364,
        "interestIncome": 0,
        "interestExpense": 625556,
        "depreciationAndAmortization": 0,
        "ebitda": -10860167,
        "ebitdaratio": 0,
        "operatingIncome": -408364,
        "operatingIncomeRatio": 0,
        "totalOtherIncomeExpensesNet": -11077359,
        "incomeBeforeTax": -11485723,
        "incomeBeforeTaxRatio": 0,
        "incomeTaxExpense": 0,
        "netIncome": -11485723,
        "netIncomeRatio": 0,
        "eps": -0.0622,
        "epsdiluted": -0.0622,
        "weightedAverageShsOut": 184804442,
        "weightedAverageShsOutDil": 184804442,
        "link": "https://www.sec.gov/Archives/edgar/data/827099/000165495425011351/0001654954-25-011351-index.htm",
        "finalLink": "https://www.sec.gov/Archives/edgar/data/827099/000165495425011351/cpwr_10q.htm"
    },
    {
        "date": "2023-12-31",
        "symbol": "CPWR",
        "reportedCurrency": "USD",
        "cik": "0000827099",
        "fillingDate": "2024-03-28",
        "acceptedDate": "2024-03-28 17:08:48",
        "calendarYear": "2023",
        "period": "Q4",
        "revenue": 0,
        "costOfRevenue": 0,
        "grossProfit": 0,
        "grossProfitRatio": 0,
        "researchAndDevelopmentExpenses": 0,
        "generalAndAdministrativeExpenses": 127365,
        "sellingAndMarketingExpenses": 223215,
        "sellingGeneralAndAdministrativeExpenses": 350580,
        "otherExpenses": 0,
        "operatingExpenses": 350580,
        "costAndExpenses": 350580,
        "interestIncome": 0,
        "interestExpense": 576920,
        "depreciationAndAmortization": 350.58,
        "ebitda": 330382275,
        "ebitdaratio": 0,
        "operatingIncome": -350580,
        "operatingIncomeRatio": 0,
        "totalOtherIncomeExpensesNet": 330155935,
        "incomeBeforeTax": 329805355,
        "incomeBeforeTaxRatio": 0,
        "incomeTaxExpense": 0,
        "netIncome": 329805355,
        "netIncomeRatio": 0,
        "eps": 1.79,
        "epsdiluted": 1.79,
        "weightedAverageShsOut": 184370469,
        "weightedAverageShsOutDil": 184370469,
        "link": "https://www.sec.gov/Archives/edgar/data/827099/000165495424003883/0001654954-24-003883-index.htm",
        "finalLink": "https://www.sec.gov/Archives/edgar/data/827099/000165495424003883/cpwr_10k.htm"
    },
    {
        "date": "2023-09-30",
        "symbol": "CPWR",
        "reportedCurrency": "USD",
        "cik": "0000827099",
        "fillingDate": "2023-11-14",
        "acceptedDate": "2023-11-14 12:49:19",
        "calendarYear": "2023",
        "period": "Q3",
        "revenue": 0,
        "costOfRevenue": 0,
        "grossProfit": 0,
        "grossProfitRatio": 0,
        "researchAndDevelopmentExpenses": 0,
        "generalAndAdministrativeExpenses": 401548,
        "sellingAndMarketingExpenses": 0,
        "sellingGeneralAndAdministrativeExpenses": 401548,
        "otherExpenses": 0,
        "operatingExpenses": 401548,
        "costAndExpenses": 401548,
        "interestIncome": 0,
        "interestExpense": 581085,
        "depreciationAndAmortization": 401.548,
        "ebitda": -335154229,
        "ebitdaratio": 0,
        "operatingIncome": -401548,
        "operatingIncomeRatio": 0,
        "totalOtherIncomeExpensesNet": -335333767,
        "incomeBeforeTax": -335735315,
        "incomeBeforeTaxRatio": 0,
        "incomeTaxExpense": 580683,
        "netIncome": -335735315,
        "netIncomeRatio": 0,
        "eps": -1.82,
        "epsdiluted": -1.82,
        "weightedAverageShsOut": 184370469,
        "weightedAverageShsOutDil": 184370469,
        "link": "https://www.sec.gov/Archives/edgar/data/827099/000165495423014298/0001654954-23-014298-index.htm",
        "finalLink": "https://www.sec.gov/Archives/edgar/data/827099/000165495423014298/cpwr_10q.htm"
    },
    {
        "date": "2023-06-30",
        "symbol": "CPWR",
        "reportedCurrency": "USD",
        "cik": "0000827099",
        "fillingDate": "2023-09-15",
        "acceptedDate": "2023-09-15 10:48:03",
        "calendarYear": "2023",
        "period": "Q2",
        "revenue": 0,
        "costOfRevenue": 0,
        "grossProfit": 0,
        "grossProfitRatio": 0,
        "researchAndDevelopmentExpenses": 0,
        "generalAndAdministrativeExpenses": 362602,
        "sellingAndMarketingExpenses": 0,
        "sellingGeneralAndAdministrativeExpenses": 362602,
        "otherExpenses": 0,
        "operatingExpenses": 362602,
        "costAndExpenses": 362602,
        "interestIncome": 569.59,
        "interestExpense": 569590,
        "depreciationAndAmortization": 362.602,
        "ebitda": -2018211,
        "ebitdaratio": 0,
        "operatingIncome": -362602,
        "operatingIncomeRatio": 0,
        "totalOtherIncomeExpensesNet": -2225199,
        "incomeBeforeTax": -2587801,
        "incomeBeforeTaxRatio": 0,
        "incomeTaxExpense": 0,
        "netIncome": -2587801,
        "netIncomeRatio": 0,
        "eps": -0.014,
        "epsdiluted": -0.014,
        "weightedAverageShsOut": 184370469,
        "weightedAverageShsOutDil": 184370469,
        "link": "https://www.sec.gov/Archives/edgar/data/827099/000165495423011917/0001654954-23-011917-index.htm",
        "finalLink": "https://www.sec.gov/Archives/edgar/data/827099/000165495423011917/cpwr_10q.htm"
    },
    {
        "date": "2023-03-31",
        "symbol": "CPWR",
        "reportedCurrency": "USD",
        "cik": "0000827099",
        "fillingDate": "2023-09-15",
        "acceptedDate": "2023-09-15 10:47:40",
        "calendarYear": "2023",
        "period": "Q1",
        "revenue": 0,
        "costOfRevenue": 0,
        "grossProfit": 0,
        "grossProfitRatio": 0,
        "researchAndDevelopmentExpenses": 0,
        "generalAndAdministrativeExpenses": 363825,
        "sellingAndMarketingExpenses": 0,
        "sellingGeneralAndAdministrativeExpenses": 363825,
        "otherExpenses": 0,
        "operatingExpenses": 363825,
        "costAndExpenses": 363825,
        "interestIncome": 547.5020000000001,
        "interestExpense": 547502,
        "depreciationAndAmortization": 363.825,
        "ebitda": -85414,
        "ebitdaratio": 0,
        "operatingIncome": -363825,
        "operatingIncomeRatio": 0,
        "totalOtherIncomeExpensesNet": -269091,
        "incomeBeforeTax": -632916,
        "incomeBeforeTaxRatio": 0,
        "incomeTaxExpense": 0,
        "netIncome": -632916,
        "netIncomeRatio": 0,
        "eps": -0.0034,
        "epsdiluted": -0.0034,
        "weightedAverageShsOut": 184370469,
        "weightedAverageShsOutDil": 184370469,
        "link": "https://www.sec.gov/Archives/edgar/data/827099/000165495423011916/0001654954-23-011916-index.htm",
        "finalLink": "https://www.sec.gov/Archives/edgar/data/827099/000165495423011916/cpwr_10q.htm"
    },
    {
        "date": "2022-12-31",
        "symbol": "CPWR",
        "reportedCurrency": "USD",
        "cik": "0000827099",
        "fillingDate": "2023-09-05",
        "acceptedDate": "2023-09-05 15:12:55",
        "calendarYear": "2022",
        "period": "Q4",
        "revenue": 0,
        "costOfRevenue": 0,
        "grossProfit": 0,
        "grossProfitRatio": 0,
        "researchAndDevelopmentExpenses": 0,
        "generalAndAdministrativeExpenses": 352074,
        "sellingAndMarketingExpenses": 0,
        "sellingGeneralAndAdministrativeExpenses": 352074,
        "otherExpenses": 0,
        "operatingExpenses": 352074,
        "costAndExpenses": 352074,
        "interestIncome": 504.486,
        "interestExpense": 504486,
        "depreciationAndAmortization": 352.074,
        "ebitda": -396880,
        "ebitdaratio": 0,
        "operatingIncome": -352074,
        "operatingIncomeRatio": 0,
        "totalOtherIncomeExpensesNet": -549292,
        "incomeBeforeTax": -901366,
        "incomeBeforeTaxRatio": 0,
        "incomeTaxExpense": 0,
        "netIncome": -901366,
        "netIncomeRatio": 0,
        "eps": -0.0049,
        "epsdiluted": -0.0049,
        "weightedAverageShsOut": 184370469,
        "weightedAverageShsOutDil": 184370469,
        "link": "https://www.sec.gov/Archives/edgar/data/827099/000165495423011543/0001654954-23-011543-index.htm",
        "finalLink": "https://www.sec.gov/Archives/edgar/data/827099/000165495423011543/cpwr_10k.htm"
    },
    {
        "date": "2022-09-30",
        "symbol": "CPWR",
        "reportedCurrency": "USD",
        "cik": "0000827099",
        "fillingDate": "2022-11-08",
        "acceptedDate": "2022-11-08 17:16:48",
        "calendarYear": "2022",
        "period": "Q3",
        "revenue": 0,
        "costOfRevenue": 0,
        "grossProfit": 0,
        "grossProfitRatio": 0,
        "researchAndDevelopmentExpenses": 0,
        "generalAndAdministrativeExpenses": 390190,
        "sellingAndMarketingExpenses": 0,
        "sellingGeneralAndAdministrativeExpenses": 390190,
        "otherExpenses": 0,
        "operatingExpenses": 390190,
        "costAndExpenses": 390190,
        "interestIncome": 515.027,
        "interestExpense": 515027,
        "depreciationAndAmortization": 390.19,
        "ebitda": -1925584,
        "ebitdaratio": 0,
        "operatingIncome": -390190,
        "operatingIncomeRatio": 0,
        "totalOtherIncomeExpensesNet": -2050421,
        "incomeBeforeTax": -2440611,
        "incomeBeforeTaxRatio": 0,
        "incomeTaxExpense": 2050421,
        "netIncome": -4491032,
        "netIncomeRatio": 0,
        "eps": -0.0249,
        "epsdiluted": -0.0249,
        "weightedAverageShsOut": 180566121,
        "weightedAverageShsOutDil": 180566121,
        "link": "https://www.sec.gov/Archives/edgar/data/827099/000165495422014828/0001654954-22-014828-index.htm",
        "finalLink": "https://www.sec.gov/Archives/edgar/data/827099/000165495422014828/cpwr_10q.htm"
    },
    {
        "date": "2022-06-30",
        "symbol": "CPWR",
        "reportedCurrency": "USD",
        "cik": "0000827099",
        "fillingDate": "2022-08-15",
        "acceptedDate": "2022-08-15 16:40:10",
        "calendarYear": "2022",
        "period": "Q2",
        "revenue": 0,
        "costOfRevenue": 0,
        "grossProfit": 0,
        "grossProfitRatio": 0,
        "researchAndDevelopmentExpenses": 0,
        "generalAndAdministrativeExpenses": 389763,
        "sellingAndMarketingExpenses": 0,
        "sellingGeneralAndAdministrativeExpenses": 389763,
        "otherExpenses": 0,
        "operatingExpenses": 389763,
        "costAndExpenses": 389763,
        "interestIncome": 0,
        "interestExpense": 509586,
        "depreciationAndAmortization": 389.76300000000003,
        "ebitda": -389763,
        "ebitdaratio": 0,
        "operatingIncome": -389763,
        "operatingIncomeRatio": 0,
        "totalOtherIncomeExpensesNet": -530343,
        "incomeBeforeTax": -920106,
        "incomeBeforeTaxRatio": 0,
        "incomeTaxExpense": 0,
        "netIncome": -920106,
        "netIncomeRatio": 0,
        "eps": -0.0058,
        "epsdiluted": -0.0058,
        "weightedAverageShsOut": 157502337,
        "weightedAverageShsOutDil": 157502337,
        "link": "https://www.sec.gov/Archives/edgar/data/827099/000165495422011379/0001654954-22-011379-index.htm",
        "finalLink": "https://www.sec.gov/Archives/edgar/data/827099/000165495422011379/cpwr_10q.htm"
    },
    {
        "date": "2022-03-31",
        "symbol": "CPWR",
        "reportedCurrency": "USD",
        "cik": "0000827099",
        "fillingDate": "2022-05-13",
        "acceptedDate": "2022-05-13 12:31:10",
        "calendarYear": "2022",
        "period": "Q1",
        "revenue": 0,
        "costOfRevenue": 0,
        "grossProfit": 0,
        "grossProfitRatio": 0,
        "researchAndDevelopmentExpenses": 0,
        "generalAndAdministrativeExpenses": 386580,
        "sellingAndMarketingExpenses": 0,
        "sellingGeneralAndAdministrativeExpenses": 386580,
        "otherExpenses": 0,
        "operatingExpenses": 386580,
        "costAndExpenses": 386580,
        "interestIncome": 0,
        "interestExpense": 497052,
        "depreciationAndAmortization": 386.58,
        "ebitda": -2152967,
        "ebitdaratio": 0,
        "operatingIncome": -2152967,
        "operatingIncomeRatio": 0,
        "totalOtherIncomeExpensesNet": -2263439,
        "incomeBeforeTax": -2650019,
        "incomeBeforeTaxRatio": 0,
        "incomeTaxExpense": 1766387,
        "netIncome": -4416406,
        "netIncomeRatio": 0,
        "eps": -0.0253,
        "epsdiluted": -0.0253,
        "weightedAverageShsOut": 174370469,
        "weightedAverageShsOutDil": 174370469,
        "link": "https://www.sec.gov/Archives/edgar/data/827099/000165495422006712/0001654954-22-006712-index.htm",
        "finalLink": "https://www.sec.gov/Archives/edgar/data/827099/000165495422006712/cpwr_10q.htm"
    },
    {
        "date": "2021-12-31",
        "symbol": "CPWR",
        "reportedCurrency": "USD",
        "cik": "0000827099",
        "fillingDate": "2022-03-30",
        "acceptedDate": "2022-03-30 08:47:11",
        "calendarYear": "2021",
        "period": "Q4",
        "revenue": 0,
        "costOfRevenue": 83000,
        "grossProfit": -83000,
        "grossProfitRatio": 0,
        "researchAndDevelopmentExpenses": 0,
        "generalAndAdministrativeExpenses": 544157,
        "sellingAndMarketingExpenses": 0,
        "sellingGeneralAndAdministrativeExpenses": 544157,
        "otherExpenses": 830655,
        "operatingExpenses": 544157,
        "costAndExpenses": 544157,
        "interestIncome": 0,
        "interestExpense": 560288,
        "depreciationAndAmortization": 83000,
        "ebitda": -222255,
        "ebitdaratio": 0,
        "operatingIncome": -544157,
        "operatingIncomeRatio": 0,
        "totalOtherIncomeExpensesNet": -321386,
        "incomeBeforeTax": -865543,
        "incomeBeforeTaxRatio": 0,
        "incomeTaxExpense": 0,
        "netIncome": -865543,
        "netIncomeRatio": 0,
        "eps": -0.0052,
        "epsdiluted": -0.0052,
        "weightedAverageShsOut": 167087860,
        "weightedAverageShsOutDil": 167087860,
        "link": "https://www.sec.gov/Archives/edgar/data/827099/000165495422004084/0001654954-22-004084-index.htm",
        "finalLink": "https://www.sec.gov/Archives/edgar/data/827099/000165495422004084/cpwr_10k.htm"
    },
    {
        "date": "2021-09-30",
        "symbol": "CPWR",
        "reportedCurrency": "USD",
        "cik": "0000827099",
        "fillingDate": "2021-11-10",
        "acceptedDate": "2021-11-10 17:12:58",
        "calendarYear": "2021",
        "period": "Q3",
        "revenue": 0,
        "costOfRevenue": 0,
        "grossProfit": 0,
        "grossProfitRatio": 0,
        "researchAndDevelopmentExpenses": 0,
        "generalAndAdministrativeExpenses": 360579,
        "sellingAndMarketingExpenses": 0,
        "sellingGeneralAndAdministrativeExpenses": 360579,
        "otherExpenses": 0,
        "operatingExpenses": 360579,
        "costAndExpenses": 360579,
        "interestIncome": 0,
        "interestExpense": 521034,
        "depreciationAndAmortization": 360.579,
        "ebitda": -291178,
        "ebitdaratio": 0,
        "operatingIncome": -360579,
        "operatingIncomeRatio": 0,
        "totalOtherIncomeExpensesNet": -451633,
        "incomeBeforeTax": -812212,
        "incomeBeforeTaxRatio": 0,
        "incomeTaxExpense": 0,
        "netIncome": -812212,
        "netIncomeRatio": 0,
        "eps": -0.0049,
        "epsdiluted": -0.0049,
        "weightedAverageShsOut": 167087860,
        "weightedAverageShsOutDil": 167087860,
        "link": "https://www.sec.gov/Archives/edgar/data/827099/000165495421011971/0001654954-21-011971-index.htm",
        "finalLink": "https://www.sec.gov/Archives/edgar/data/827099/000165495421011971/cpwr_10q.htm"
    },
    {
        "date": "2021-06-30",
        "symbol": "CPWR",
        "reportedCurrency": "USD",
        "cik": "0000827099",
        "fillingDate": "2021-08-13",
        "acceptedDate": "2021-08-13 13:22:58",
        "calendarYear": "2021",
        "period": "Q2",
        "revenue": 0,
        "costOfRevenue": 0,
        "grossProfit": 0,
        "grossProfitRatio": 0,
        "researchAndDevelopmentExpenses": 0,
        "generalAndAdministrativeExpenses": 473178,
        "sellingAndMarketingExpenses": 0,
        "sellingGeneralAndAdministrativeExpenses": 473178,
        "otherExpenses": 0,
        "operatingExpenses": 473178,
        "costAndExpenses": 473178,
        "interestIncome": 0,
        "interestExpense": 485115,
        "depreciationAndAmortization": 473.178,
        "ebitda": 925331,
        "ebitdaratio": 0,
        "operatingIncome": -473178,
        "operatingIncomeRatio": 0,
        "totalOtherIncomeExpensesNet": 913394,
        "incomeBeforeTax": 440216,
        "incomeBeforeTaxRatio": 0,
        "incomeTaxExpense": 0,
        "netIncome": 440216,
        "netIncomeRatio": 0,
        "eps": 0.0028,
        "epsdiluted": 0.0013,
        "weightedAverageShsOut": 157502337,
        "weightedAverageShsOutDil": 157502337,
        "link": "https://www.sec.gov/Archives/edgar/data/827099/000165495421008899/0001654954-21-008899-index.htm",
        "finalLink": "https://www.sec.gov/Archives/edgar/data/827099/000165495421008899/otc_10q.htm"
    },
    {
        "date": "2021-03-31",
        "symbol": "CPWR",
        "reportedCurrency": "USD",
        "cik": "0000827099",
        "fillingDate": "2021-05-13",
        "acceptedDate": "2021-05-13 14:58:18",
        "calendarYear": "2021",
        "period": "Q1",
        "revenue": 0,
        "costOfRevenue": 0,
        "grossProfit": 0,
        "grossProfitRatio": 0,
        "researchAndDevelopmentExpenses": 0,
        "generalAndAdministrativeExpenses": 603967,
        "sellingAndMarketingExpenses": 0,
        "sellingGeneralAndAdministrativeExpenses": 603967,
        "otherExpenses": 0,
        "operatingExpenses": 603967,
        "costAndExpenses": 603967,
        "interestIncome": 0,
        "interestExpense": 541016,
        "depreciationAndAmortization": 603.967,
        "ebitda": -892082,
        "ebitdaratio": 0,
        "operatingIncome": -603967,
        "operatingIncomeRatio": 0,
        "totalOtherIncomeExpensesNet": -829131,
        "incomeBeforeTax": -1433098,
        "incomeBeforeTaxRatio": 0,
        "incomeTaxExpense": 0,
        "netIncome": -1433098,
        "netIncomeRatio": 0,
        "eps": -0.01,
        "epsdiluted": -0.01,
        "weightedAverageShsOut": 143651041,
        "weightedAverageShsOutDil": 143651041,
        "link": "https://www.sec.gov/Archives/edgar/data/827099/000165495421005602/0001654954-21-005602-index.htm",
        "finalLink": "https://www.sec.gov/Archives/edgar/data/827099/000165495421005602/cpwr_10q.htm"
    },
    {
        "date": "2020-12-31",
        "symbol": "CPWR",
        "reportedCurrency": "USD",
        "cik": "0000827099",
        "fillingDate": "2021-03-30",
        "acceptedDate": "2021-03-30 12:16:15",
        "calendarYear": "2020",
        "period": "Q4",
        "revenue": 0,
        "costOfRevenue": 0,
        "grossProfit": 0,
        "grossProfitRatio": 0,
        "researchAndDevelopmentExpenses": 0,
        "generalAndAdministrativeExpenses": 1549959,
        "sellingAndMarketingExpenses": 0,
        "sellingGeneralAndAdministrativeExpenses": 1549959,
        "otherExpenses": 0,
        "operatingExpenses": 1549959,
        "costAndExpenses": 1549959,
        "interestIncome": 0,
        "interestExpense": 502631,
        "depreciationAndAmortization": 0.16800000000012005,
        "ebitda": -1003674,
        "ebitdaratio": 0,
        "operatingIncome": -1549959,
        "operatingIncomeRatio": 0,
        "totalOtherIncomeExpensesNet": 43654,
        "incomeBeforeTax": -1506305,
        "incomeBeforeTaxRatio": 0,
        "incomeTaxExpense": 0,
        "netIncome": -1506305,
        "netIncomeRatio": 0,
        "eps": -0.0112,
        "epsdiluted": -0.0112,
        "weightedAverageShsOut": 134775136,
        "weightedAverageShsOutDil": 134775136,
        "link": "https://www.sec.gov/Archives/edgar/data/827099/000165495421003485/0001654954-21-003485-index.htm",
        "finalLink": "https://www.sec.gov/Archives/edgar/data/827099/000165495421003485/cpwr_10k.htm"
    },
    {
        "date": "2020-09-30",
        "symbol": "CPWR",
        "reportedCurrency": "USD",
        "cik": "0000827099",
        "fillingDate": "2020-11-05",
        "acceptedDate": "2020-11-05 15:25:24",
        "calendarYear": "2020",
        "period": "Q3",
        "revenue": 0,
        "costOfRevenue": 0,
        "grossProfit": 0,
        "grossProfitRatio": 0,
        "researchAndDevelopmentExpenses": 0,
        "generalAndAdministrativeExpenses": 358456,
        "sellingAndMarketingExpenses": 0,
        "sellingGeneralAndAdministrativeExpenses": 358456,
        "otherExpenses": 0,
        "operatingExpenses": 358456,
        "costAndExpenses": 358456,
        "interestIncome": 0,
        "interestExpense": 394042,
        "depreciationAndAmortization": 0.16800000000000637,
        "ebitda": -1198408,
        "ebitdaratio": 0,
        "operatingIncome": -358456,
        "operatingIncomeRatio": 0,
        "totalOtherIncomeExpensesNet": -1233994,
        "incomeBeforeTax": -1592450,
        "incomeBeforeTaxRatio": 0,
        "incomeTaxExpense": 0,
        "netIncome": -1592450,
        "netIncomeRatio": 0,
        "eps": -0.0118,
        "epsdiluted": -0.0118,
        "weightedAverageShsOut": 134775136,
        "weightedAverageShsOutDil": 134775136,
        "link": "https://www.sec.gov/Archives/edgar/data/827099/000165495420011889/0001654954-20-011889-index.htm",
        "finalLink": "https://www.sec.gov/Archives/edgar/data/827099/000165495420011889/cpwr_10q.htm"
    },
    {
        "date": "2020-06-30",
        "symbol": "CPWR",
        "reportedCurrency": "USD",
        "cik": "0000827099",
        "fillingDate": "2020-08-12",
        "acceptedDate": "2020-08-12 15:15:10",
        "calendarYear": "2020",
        "period": "Q2",
        "revenue": 0,
        "costOfRevenue": 0,
        "grossProfit": 0,
        "grossProfitRatio": 0,
        "researchAndDevelopmentExpenses": 0,
        "generalAndAdministrativeExpenses": 460062,
        "sellingAndMarketingExpenses": 0,
        "sellingGeneralAndAdministrativeExpenses": 460062,
        "otherExpenses": 0,
        "operatingExpenses": 460062,
        "costAndExpenses": 460062,
        "interestIncome": 0,
        "interestExpense": 380454,
        "depreciationAndAmortization": 0.16800000000000637,
        "ebitda": -461482,
        "ebitdaratio": 0,
        "operatingIncome": -460062,
        "operatingIncomeRatio": 0,
        "totalOtherIncomeExpensesNet": -381874,
        "incomeBeforeTax": -841936,
        "incomeBeforeTaxRatio": 0,
        "incomeTaxExpense": 0,
        "netIncome": -841936,
        "netIncomeRatio": 0,
        "eps": -0.0062,
        "epsdiluted": -0.0062,
        "weightedAverageShsOut": 134775136,
        "weightedAverageShsOutDil": 134775136,
        "link": "https://www.sec.gov/Archives/edgar/data/827099/000165495420008937/0001654954-20-008937-index.htm",
        "finalLink": "https://www.sec.gov/Archives/edgar/data/827099/000165495420008937/cpwr_10q.htm"
    },
    {
        "date": "2020-03-31",
        "symbol": "CPWR",
        "reportedCurrency": "USD",
        "cik": "0000827099",
        "fillingDate": "2020-06-26",
        "acceptedDate": "2020-06-26 14:22:37",
        "calendarYear": "2020",
        "period": "Q1",
        "revenue": 0,
        "costOfRevenue": 0,
        "grossProfit": 0,
        "grossProfitRatio": 0,
        "researchAndDevelopmentExpenses": 0,
        "generalAndAdministrativeExpenses": 415473,
        "sellingAndMarketingExpenses": 0,
        "sellingGeneralAndAdministrativeExpenses": 415473,
        "otherExpenses": 0,
        "operatingExpenses": 415473,
        "costAndExpenses": 415473,
        "interestIncome": 0,
        "interestExpense": 363670,
        "depreciationAndAmortization": 0.16799999999994952,
        "ebitda": -2146096,
        "ebitdaratio": 0,
        "operatingIncome": -415473,
        "operatingIncomeRatio": 0,
        "totalOtherIncomeExpensesNet": -2094293,
        "incomeBeforeTax": -2509766,
        "incomeBeforeTaxRatio": 0,
        "incomeTaxExpense": 0,
        "netIncome": -2509766,
        "netIncomeRatio": 0,
        "eps": -0.0186,
        "epsdiluted": -0.0186,
        "weightedAverageShsOut": 134775136,
        "weightedAverageShsOutDil": 134775136,
        "link": "https://www.sec.gov/Archives/edgar/data/827099/000165495420007001/0001654954-20-007001-index.htm",
        "finalLink": "https://www.sec.gov/Archives/edgar/data/827099/000165495420007001/cpwr_10q.htm"
    },
    {
        "date": "2019-12-31",
        "symbol": "CPWR",
        "reportedCurrency": "USD",
        "cik": "0000827099",
        "fillingDate": "2020-03-20",
        "acceptedDate": "2020-03-19 17:49:07",
        "calendarYear": "2019",
        "period": "Q4",
        "revenue": 0,
        "costOfRevenue": 0,
        "grossProfit": 0,
        "grossProfitRatio": 0,
        "researchAndDevelopmentExpenses": 0,
        "generalAndAdministrativeExpenses": 365427,
        "sellingAndMarketingExpenses": 0,
        "sellingGeneralAndAdministrativeExpenses": 365427,
        "otherExpenses": 0,
        "operatingExpenses": 365427,
        "costAndExpenses": 365427,
        "interestIncome": 0,
        "interestExpense": 1597524,
        "depreciationAndAmortization": 0,
        "ebitda": -1666847,
        "ebitdaratio": 0,
        "operatingIncome": -365427,
        "operatingIncomeRatio": 0,
        "totalOtherIncomeExpensesNet": -2898944,
        "incomeBeforeTax": -3264371,
        "incomeBeforeTaxRatio": 0,
        "incomeTaxExpense": 0,
        "netIncome": -3264371,
        "netIncomeRatio": 0,
        "eps": -0.0243,
        "epsdiluted": -0.0242,
        "weightedAverageShsOut": 134427144,
        "weightedAverageShsOutDil": 134775136,
        "link": "https://www.sec.gov/Archives/edgar/data/827099/000165495420002880/0001654954-20-002880-index.htm",
        "finalLink": "https://www.sec.gov/Archives/edgar/data/827099/000165495420002880/cpwr_10k.htm"
    },
    {
        "date": "2019-09-30",
        "symbol": "CPWR",
        "reportedCurrency": "USD",
        "cik": "0000827099",
        "fillingDate": "2019-11-12",
        "acceptedDate": "2019-11-12 17:30:47",
        "calendarYear": "2019",
        "period": "Q3",
        "revenue": 0,
        "costOfRevenue": 0,
        "grossProfit": 0,
        "grossProfitRatio": 0,
        "researchAndDevelopmentExpenses": 0,
        "generalAndAdministrativeExpenses": 525692,
        "sellingAndMarketingExpenses": 0,
        "sellingGeneralAndAdministrativeExpenses": 525692,
        "otherExpenses": 0,
        "operatingExpenses": 525692,
        "costAndExpenses": 525692,
        "interestIncome": 0,
        "interestExpense": 324313,
        "depreciationAndAmortization": 501,
        "ebitda": -369160,
        "ebitdaratio": 0,
        "operatingIncome": -525692,
        "operatingIncomeRatio": 0,
        "totalOtherIncomeExpensesNet": -168282,
        "incomeBeforeTax": -693974,
        "incomeBeforeTaxRatio": 0,
        "incomeTaxExpense": 0,
        "netIncome": -693974,
        "netIncomeRatio": 0,
        "eps": -0.0052,
        "epsdiluted": -0.0052,
        "weightedAverageShsOut": 134062862,
        "weightedAverageShsOutDil": 134062862,
        "link": "https://www.sec.gov/Archives/edgar/data/827099/000165495419012753/0001654954-19-012753-index.htm",
        "finalLink": "https://www.sec.gov/Archives/edgar/data/827099/000165495419012753/cpwr_10q.htm"
    },
    {
        "date": "2019-06-30",
        "symbol": "CPWR",
        "reportedCurrency": "USD",
        "cik": "0000827099",
        "fillingDate": "2019-08-13",
        "acceptedDate": "2019-08-13 09:26:26",
        "calendarYear": "2019",
        "period": "Q2",
        "revenue": 0,
        "costOfRevenue": 0,
        "grossProfit": 0,
        "grossProfitRatio": 0,
        "researchAndDevelopmentExpenses": 0,
        "generalAndAdministrativeExpenses": 489499,
        "sellingAndMarketingExpenses": 0,
        "sellingGeneralAndAdministrativeExpenses": 489499,
        "otherExpenses": 0,
        "operatingExpenses": 489499,
        "costAndExpenses": 489499,
        "interestIncome": 0,
        "interestExpense": 240393,
        "depreciationAndAmortization": 40963,
        "ebitda": -489499,
        "ebitdaratio": 0,
        "operatingIncome": -489499,
        "operatingIncomeRatio": 0,
        "totalOtherIncomeExpensesNet": -200056,
        "incomeBeforeTax": -689555,
        "incomeBeforeTaxRatio": 0,
        "incomeTaxExpense": 0,
        "netIncome": -689555,
        "netIncomeRatio": 0,
        "eps": -0.0052,
        "epsdiluted": -0.0052,
        "weightedAverageShsOut": 133816966,
        "weightedAverageShsOutDil": 133816966,
        "link": "https://www.sec.gov/Archives/edgar/data/827099/000165495419009311/0001654954-19-009311-index.htm",
        "finalLink": "https://www.sec.gov/Archives/edgar/data/827099/000165495419009311/cpwr_10q.htm"
    },
    {
        "date": "2019-03-31",
        "symbol": "CPWR",
        "reportedCurrency": "USD",
        "cik": "0000827099",
        "fillingDate": "2019-05-13",
        "acceptedDate": "2019-05-13 12:54:44",
        "calendarYear": "2019",
        "period": "Q1",
        "revenue": 0,
        "costOfRevenue": 0,
        "grossProfit": 0,
        "grossProfitRatio": 0,
        "researchAndDevelopmentExpenses": 0,
        "generalAndAdministrativeExpenses": 417419,
        "sellingAndMarketingExpenses": 0,
        "sellingGeneralAndAdministrativeExpenses": 417419,
        "otherExpenses": 0,
        "operatingExpenses": 417419,
        "costAndExpenses": 417419,
        "interestIncome": 0,
        "interestExpense": 226544,
        "depreciationAndAmortization": 172,
        "ebitda": -5575,
        "ebitdaratio": 0,
        "operatingIncome": -417419,
        "operatingIncomeRatio": 0,
        "totalOtherIncomeExpensesNet": 185128,
        "incomeBeforeTax": -232291,
        "incomeBeforeTaxRatio": 0,
        "incomeTaxExpense": 0,
        "netIncome": -232291,
        "netIncomeRatio": 0,
        "eps": -0.0018,
        "epsdiluted": -0.0018,
        "weightedAverageShsOut": 132210055,
        "weightedAverageShsOutDil": 132210055,
        "link": "https://www.sec.gov/Archives/edgar/data/827099/000165495419005745/0001654954-19-005745-index.htm",
        "finalLink": "https://www.sec.gov/Archives/edgar/data/827099/000165495419005745/cpwr_10q.htm"
    },
    {
        "date": "2018-12-31",
        "symbol": "CPWR",
        "reportedCurrency": "USD",
        "cik": "0000827099",
        "fillingDate": "2019-03-22",
        "acceptedDate": "2019-03-22 10:03:48",
        "calendarYear": "2018",
        "period": "Q4",
        "revenue": 0,
        "costOfRevenue": 0,
        "grossProfit": 0,
        "grossProfitRatio": 0,
        "researchAndDevelopmentExpenses": 0,
        "generalAndAdministrativeExpenses": 715696,
        "sellingAndMarketingExpenses": 0,
        "sellingGeneralAndAdministrativeExpenses": 715696,
        "otherExpenses": 0,
        "operatingExpenses": 715696,
        "costAndExpenses": 715696,
        "interestIncome": 0,
        "interestExpense": 1572044,
        "depreciationAndAmortization": 170,
        "ebitda": -3022389,
        "ebitdaratio": 0,
        "operatingIncome": -1608335,
        "operatingIncomeRatio": 0,
        "totalOtherIncomeExpensesNet": -2986268,
        "incomeBeforeTax": -4594603,
        "incomeBeforeTaxRatio": 0,
        "incomeTaxExpense": 0,
        "netIncome": -4594603,
        "netIncomeRatio": 0,
        "eps": -0.0357,
        "epsdiluted": -0.0348,
        "weightedAverageShsOut": 128791379,
        "weightedAverageShsOutDil": 132210055,
        "link": "https://www.sec.gov/Archives/edgar/data/827099/000165495419003067/0001654954-19-003067-index.htm",
        "finalLink": "https://www.sec.gov/Archives/edgar/data/827099/000165495419003067/cpwr_10k.htm"
    },
    {
        "date": "2018-09-30",
        "symbol": "CPWR",
        "reportedCurrency": "USD",
        "cik": "0000827099",
        "fillingDate": "2018-11-13",
        "acceptedDate": "2018-11-13 07:16:29",
        "calendarYear": "2018",
        "period": "Q3",
        "revenue": 0,
        "costOfRevenue": 0,
        "grossProfit": 0,
        "grossProfitRatio": 0,
        "researchAndDevelopmentExpenses": 0,
        "generalAndAdministrativeExpenses": 534298,
        "sellingAndMarketingExpenses": 0,
        "sellingGeneralAndAdministrativeExpenses": 534298,
        "otherExpenses": 0,
        "operatingExpenses": 534298,
        "costAndExpenses": 534298,
        "interestIncome": 0,
        "interestExpense": 444608,
        "depreciationAndAmortization": 171,
        "ebitda": -556192,
        "ebitdaratio": 0,
        "operatingIncome": -534298,
        "operatingIncomeRatio": 0,
        "totalOtherIncomeExpensesNet": -466673,
        "incomeBeforeTax": -1000971,
        "incomeBeforeTaxRatio": 0,
        "incomeTaxExpense": 0,
        "netIncome": -1000971,
        "netIncomeRatio": 0,
        "eps": -0.008,
        "epsdiluted": -0.008,
        "weightedAverageShsOut": 124361407,
        "weightedAverageShsOutDil": 124361407,
        "link": "https://www.sec.gov/Archives/edgar/data/827099/000165495418012385/0001654954-18-012385-index.htm",
        "finalLink": "https://www.sec.gov/Archives/edgar/data/827099/000165495418012385/cpwr_10q.htm"
    },
    {
        "date": "2018-06-30",
        "symbol": "CPWR",
        "reportedCurrency": "USD",
        "cik": "0000827099",
        "fillingDate": "2018-08-13",
        "acceptedDate": "2018-08-13 13:33:02",
        "calendarYear": "2018",
        "period": "Q2",
        "revenue": 0,
        "costOfRevenue": 0,
        "grossProfit": 0,
        "grossProfitRatio": 0,
        "researchAndDevelopmentExpenses": 0,
        "generalAndAdministrativeExpenses": 1144760,
        "sellingAndMarketingExpenses": 0,
        "sellingGeneralAndAdministrativeExpenses": 1144760,
        "otherExpenses": 0,
        "operatingExpenses": 1144760,
        "costAndExpenses": 1144760,
        "interestIncome": 0,
        "interestExpense": 237869,
        "depreciationAndAmortization": 170,
        "ebitda": -1094590,
        "ebitdaratio": 0,
        "operatingIncome": -1144760,
        "operatingIncomeRatio": 0,
        "totalOtherIncomeExpensesNet": -187869,
        "incomeBeforeTax": -1332629,
        "incomeBeforeTaxRatio": 0,
        "incomeTaxExpense": 0,
        "netIncome": -1332629,
        "netIncomeRatio": 0,
        "eps": -0.0108,
        "epsdiluted": -0.0108,
        "weightedAverageShsOut": 123014772,
        "weightedAverageShsOutDil": 123014772,
        "link": "https://www.sec.gov/Archives/edgar/data/827099/000165495418008903/0001654954-18-008903-index.htm",
        "finalLink": "https://www.sec.gov/Archives/edgar/data/827099/000165495418008903/cpwr_form10q.htm"
    },
    {
        "date": "2018-03-31",
        "symbol": "CPWR",
        "reportedCurrency": "USD",
        "cik": "0000827099",
        "fillingDate": "2018-05-14",
        "acceptedDate": "2018-05-14 15:42:28",
        "calendarYear": "2018",
        "period": "Q1",
        "revenue": 0,
        "costOfRevenue": 0,
        "grossProfit": 0,
        "grossProfitRatio": 0,
        "researchAndDevelopmentExpenses": 0,
        "generalAndAdministrativeExpenses": 764214,
        "sellingAndMarketingExpenses": 0,
        "sellingGeneralAndAdministrativeExpenses": 764214,
        "otherExpenses": 0,
        "operatingExpenses": 764214,
        "costAndExpenses": 764214,
        "interestIncome": 0,
        "interestExpense": 187596,
        "depreciationAndAmortization": 169,
        "ebitda": -764045,
        "ebitdaratio": 0,
        "operatingIncome": -764214,
        "operatingIncomeRatio": 0,
        "totalOtherIncomeExpensesNet": -187596,
        "incomeBeforeTax": -951810,
        "incomeBeforeTaxRatio": 0,
        "incomeTaxExpense": 0,
        "netIncome": -951810,
        "netIncomeRatio": 0,
        "eps": -0.0078,
        "epsdiluted": -0.0078,
        "weightedAverageShsOut": 122678291,
        "weightedAverageShsOutDil": 122678291,
        "link": "https://www.sec.gov/Archives/edgar/data/827099/000165495418005209/0001654954-18-005209-index.htm",
        "finalLink": "https://www.sec.gov/Archives/edgar/data/827099/000165495418005209/cpwr_form10q.htm"
    },
    {
        "date": "2017-12-31",
        "symbol": "CPWR",
        "reportedCurrency": "USD",
        "cik": "0000827099",
        "fillingDate": "2018-04-02",
        "acceptedDate": "2018-04-02 13:01:55",
        "calendarYear": "2017",
        "period": "Q4",
        "revenue": 0,
        "costOfRevenue": 0,
        "grossProfit": 0,
        "grossProfitRatio": 0,
        "researchAndDevelopmentExpenses": 0,
        "generalAndAdministrativeExpenses": 3289877,
        "sellingAndMarketingExpenses": 0,
        "sellingGeneralAndAdministrativeExpenses": 3289877,
        "otherExpenses": 0,
        "operatingExpenses": 3289877,
        "costAndExpenses": 3289877,
        "interestIncome": 0,
        "interestExpense": 137223,
        "depreciationAndAmortization": 170,
        "ebitda": -3791124,
        "ebitdaratio": 0,
        "operatingIncome": -3338875,
        "operatingIncomeRatio": 0,
        "totalOtherIncomeExpensesNet": -638682,
        "incomeBeforeTax": -3977557,
        "incomeBeforeTaxRatio": 0,
        "incomeTaxExpense": 12681,
        "netIncome": -3977557,
        "netIncomeRatio": 0,
        "eps": -0.0339,
        "epsdiluted": -0.0324,
        "weightedAverageShsOut": 117369839,
        "weightedAverageShsOutDil": 122678291,
        "link": "https://www.sec.gov/Archives/edgar/data/827099/000165495418003464/0001654954-18-003464-index.htm",
        "finalLink": "https://www.sec.gov/Archives/edgar/data/827099/000165495418003464/cpwr_form10k.htm"
    },
    {
        "date": "2017-09-30",
        "symbol": "CPWR",
        "reportedCurrency": "USD",
        "cik": "0000827099",
        "fillingDate": "2017-11-14",
        "acceptedDate": "2017-11-14 14:14:18",
        "calendarYear": "2017",
        "period": "Q3",
        "revenue": 0,
        "costOfRevenue": 0,
        "grossProfit": 0,
        "grossProfitRatio": 0,
        "researchAndDevelopmentExpenses": 0,
        "generalAndAdministrativeExpenses": 1283229,
        "sellingAndMarketingExpenses": 0,
        "sellingGeneralAndAdministrativeExpenses": 1283229,
        "otherExpenses": 0,
        "operatingExpenses": 1283229,
        "costAndExpenses": 1283229,
        "interestIncome": 8,
        "interestExpense": 239392,
        "depreciationAndAmortization": 171,
        "ebitda": -2011378,
        "ebitdaratio": 0,
        "operatingIncome": -1283229,
        "operatingIncomeRatio": 0,
        "totalOtherIncomeExpensesNet": -967712,
        "incomeBeforeTax": -2250941,
        "incomeBeforeTaxRatio": 0,
        "incomeTaxExpense": 0,
        "netIncome": -2250941,
        "netIncomeRatio": 0,
        "eps": -0.0197,
        "epsdiluted": -0.0197,
        "weightedAverageShsOut": 114366529,
        "weightedAverageShsOutDil": 114366529,
        "link": "https://www.sec.gov/Archives/edgar/data/827099/000168316817003001/0001683168-17-003001-index.htm",
        "finalLink": "https://www.sec.gov/Archives/edgar/data/827099/000168316817003001/ocean_10q-093017.htm"
    },
    {
        "date": "2017-06-30",
        "symbol": "CPWR",
        "reportedCurrency": "USD",
        "cik": "0000827099",
        "fillingDate": "2017-08-14",
        "acceptedDate": "2017-08-14 15:12:30",
        "calendarYear": "2017",
        "period": "Q2",
        "revenue": 0,
        "costOfRevenue": 0,
        "grossProfit": 0,
        "grossProfitRatio": 0,
        "researchAndDevelopmentExpenses": 0,
        "generalAndAdministrativeExpenses": 621925,
        "sellingAndMarketingExpenses": 0,
        "sellingGeneralAndAdministrativeExpenses": 621925,
        "otherExpenses": 0,
        "operatingExpenses": 621925,
        "costAndExpenses": 621925,
        "interestIncome": 34,
        "interestExpense": 175577,
        "depreciationAndAmortization": 34,
        "ebitda": -621755,
        "ebitdaratio": 0,
        "operatingIncome": -621925,
        "operatingIncomeRatio": 0,
        "totalOtherIncomeExpensesNet": -175543,
        "incomeBeforeTax": -797468,
        "incomeBeforeTaxRatio": 0,
        "incomeTaxExpense": 0,
        "netIncome": -797468,
        "netIncomeRatio": 0,
        "eps": -0.0072,
        "epsdiluted": -0.0072,
        "weightedAverageShsOut": 111149698,
        "weightedAverageShsOutDil": 111149698,
        "link": "https://www.sec.gov/Archives/edgar/data/827099/000168316817002099/0001683168-17-002099-index.htm",
        "finalLink": "https://www.sec.gov/Archives/edgar/data/827099/000168316817002099/ocean_10q-063017.htm"
    },
    {
        "date": "2017-03-31",
        "symbol": "CPWR",
        "reportedCurrency": "USD",
        "cik": "0000827099",
        "fillingDate": "2017-05-08",
        "acceptedDate": "2017-05-08 13:45:29",
        "calendarYear": "2017",
        "period": "Q1",
        "revenue": 0,
        "costOfRevenue": 0,
        "grossProfit": 0,
        "grossProfitRatio": 0,
        "researchAndDevelopmentExpenses": 0,
        "generalAndAdministrativeExpenses": 60753,
        "sellingAndMarketingExpenses": 0,
        "sellingGeneralAndAdministrativeExpenses": 60753,
        "otherExpenses": 0,
        "operatingExpenses": 60753,
        "costAndExpenses": 60753,
        "interestIncome": 0,
        "interestExpense": 14209,
        "depreciationAndAmortization": 0.5029999999999291,
        "ebitda": -60753,
        "ebitdaratio": 0,
        "operatingIncome": -60753,
        "operatingIncomeRatio": 0,
        "totalOtherIncomeExpensesNet": -14209,
        "incomeBeforeTax": -74962,
        "incomeBeforeTaxRatio": 0,
        "incomeTaxExpense": -0.5029999999969732,
        "netIncome": -74962,
        "netIncomeRatio": 0,
        "eps": -0.0007,
        "epsdiluted": -0.0007,
        "weightedAverageShsOut": 104848986,
        "weightedAverageShsOutDil": 104848986,
        "link": "https://www.sec.gov/Archives/edgar/data/827099/000168316817001128/0001683168-17-001128-index.htm",
        "finalLink": "https://www.sec.gov/Archives/edgar/data/827099/000168316817001128/tetridyn_10qa1-033117.htm"
    },
    {
        "date": "2016-12-31",
        "symbol": "CPWR",
        "reportedCurrency": "USD",
        "cik": "0000827099",
        "fillingDate": "2017-04-04",
        "acceptedDate": "2017-04-03 19:51:11",
        "calendarYear": "2016",
        "period": "Q4",
        "revenue": 0,
        "costOfRevenue": 0,
        "grossProfit": 0,
        "grossProfitRatio": 0,
        "researchAndDevelopmentExpenses": 0,
        "generalAndAdministrativeExpenses": 70390,
        "sellingAndMarketingExpenses": 0,
        "sellingGeneralAndAdministrativeExpenses": 70390,
        "otherExpenses": 0,
        "operatingExpenses": 70390,
        "costAndExpenses": 70390,
        "interestIncome": 0,
        "interestExpense": 18602,
        "depreciationAndAmortization": 0.5750000000000455,
        "ebitda": -70391,
        "ebitdaratio": 0,
        "operatingIncome": -70391,
        "operatingIncomeRatio": 0,
        "totalOtherIncomeExpensesNet": -18602,
        "incomeBeforeTax": -88993,
        "incomeBeforeTaxRatio": 0,
        "incomeTaxExpense": -0.5749999999970896,
        "netIncome": -88993,
        "netIncomeRatio": 0,
        "eps": -0.17,
        "epsdiluted": -0.17,
        "weightedAverageShsOut": 534562,
        "weightedAverageShsOutDil": 535780,
        "link": "https://www.sec.gov/Archives/edgar/data/827099/000168316817000784/0001683168-17-000784-index.htm",
        "finalLink": "https://www.sec.gov/Archives/edgar/data/827099/000168316817000784/tetridyn_10k-123116.htm"
    },
    {
        "date": "2016-09-30",
        "symbol": "CPWR",
        "reportedCurrency": "USD",
        "cik": "0000827099",
        "fillingDate": "2016-11-07",
        "acceptedDate": "2016-11-07 14:00:10",
        "calendarYear": "2016",
        "period": "Q3",
        "revenue": 0,
        "costOfRevenue": 0,
        "grossProfit": 0,
        "grossProfitRatio": 0,
        "researchAndDevelopmentExpenses": 0,
        "generalAndAdministrativeExpenses": 50902,
        "sellingAndMarketingExpenses": 0,
        "sellingGeneralAndAdministrativeExpenses": 50902,
        "otherExpenses": 0,
        "operatingExpenses": 50902,
        "costAndExpenses": 50902,
        "interestIncome": 0,
        "interestExpense": 10053,
        "depreciationAndAmortization": 0.5749999999998181,
        "ebitda": -1160417,
        "ebitdaratio": 0,
        "operatingIncome": -50902,
        "operatingIncomeRatio": 0,
        "totalOtherIncomeExpensesNet": -10053,
        "incomeBeforeTax": -60955,
        "incomeBeforeTaxRatio": 0,
        "incomeTaxExpense": -0.5749999999970896,
        "netIncome": -60955,
        "netIncomeRatio": 0,
        "eps": -0.0007,
        "epsdiluted": -0.0007,
        "weightedAverageShsOut": 84993246,
        "weightedAverageShsOutDil": 84993246,
        "link": "https://www.sec.gov/Archives/edgar/data/827099/000103883816000310/0001038838-16-000310-index.htm",
        "finalLink": "https://www.sec.gov/Archives/edgar/data/827099/000103883816000310/q093016.htm"
    },
    {
        "date": "2016-06-30",
        "symbol": "CPWR",
        "reportedCurrency": "USD",
        "cik": "0000827099",
        "fillingDate": "2016-07-27",
        "acceptedDate": "2016-07-27 14:06:26",
        "calendarYear": "2016",
        "period": "Q2",
        "revenue": 0,
        "costOfRevenue": 0,
        "grossProfit": 0,
        "grossProfitRatio": 0,
        "researchAndDevelopmentExpenses": 0,
        "generalAndAdministrativeExpenses": 253126,
        "sellingAndMarketingExpenses": 0,
        "sellingGeneralAndAdministrativeExpenses": 253126,
        "otherExpenses": 0,
        "operatingExpenses": 253126,
        "costAndExpenses": 253126,
        "interestIncome": 0,
        "interestExpense": 15810,
        "depreciationAndAmortization": 1.5289999999999964,
        "ebitda": -253125,
        "ebitdaratio": 0,
        "operatingIncome": -253125,
        "operatingIncomeRatio": 0,
        "totalOtherIncomeExpensesNet": -745351,
        "incomeBeforeTax": -268935,
        "incomeBeforeTaxRatio": 0,
        "incomeTaxExpense": -268935,
        "netIncome": -268935,
        "netIncomeRatio": 0,
        "eps": -0.0032,
        "epsdiluted": -0.0032,
        "weightedAverageShsOut": 82977921,
        "weightedAverageShsOutDil": 82977921,
        "link": "https://www.sec.gov/Archives/edgar/data/827099/000103883816000276/0001038838-16-000276-index.htm",
        "finalLink": "https://www.sec.gov/Archives/edgar/data/827099/000103883816000276/q063016.htm"
    },
    {
        "date": "2016-03-31",
        "symbol": "CPWR",
        "reportedCurrency": "USD",
        "cik": "0000827099",
        "fillingDate": "2016-05-16",
        "acceptedDate": "2016-05-16 16:31:51",
        "calendarYear": "2016",
        "period": "Q1",
        "revenue": 49,
        "costOfRevenue": 0,
        "grossProfit": 49,
        "grossProfitRatio": 1,
        "researchAndDevelopmentExpenses": 0,
        "generalAndAdministrativeExpenses": 46243,
        "sellingAndMarketingExpenses": 0,
        "sellingGeneralAndAdministrativeExpenses": 46243,
        "otherExpenses": 0,
        "operatingExpenses": 46243,
        "costAndExpenses": 46243,
        "interestIncome": 0,
        "interestExpense": 31497,
        "depreciationAndAmortization": 1.52800000000002,
        "ebitda": -46194,
        "ebitdaratio": -942.7346938776,
        "operatingIncome": -46194,
        "operatingIncomeRatio": -942.7346938776,
        "totalOtherIncomeExpensesNet": -31497,
        "incomeBeforeTax": -77691,
        "incomeBeforeTaxRatio": -1585.5306122449,
        "incomeTaxExpense": 0,
        "netIncome": -77691,
        "netIncomeRatio": -1585.5306122449,
        "eps": -0.17,
        "epsdiluted": -0.17,
        "weightedAverageShsOut": 463034,
        "weightedAverageShsOutDil": 463034,
        "link": "https://www.sec.gov/Archives/edgar/data/827099/000103883816000243/0001038838-16-000243-index.htm",
        "finalLink": "https://www.sec.gov/Archives/edgar/data/827099/000103883816000243/q033116.htm"
    },
    {
        "date": "2015-12-31",
        "symbol": "CPWR",
        "reportedCurrency": "USD",
        "cik": "0000827099",
        "fillingDate": "2016-03-30",
        "acceptedDate": "2016-03-30 13:25:14",
        "calendarYear": "2015",
        "period": "Q4",
        "revenue": 0,
        "costOfRevenue": 0,
        "grossProfit": 0,
        "grossProfitRatio": 0,
        "researchAndDevelopmentExpenses": 0,
        "generalAndAdministrativeExpenses": 23209,
        "sellingAndMarketingExpenses": 0,
        "sellingGeneralAndAdministrativeExpenses": 23209,
        "otherExpenses": 0,
        "operatingExpenses": 23209,
        "costAndExpenses": 23209,
        "interestIncome": 0,
        "interestExpense": 45792,
        "depreciationAndAmortization": 1.8050000000000637,
        "ebitda": -23209,
        "ebitdaratio": 0,
        "operatingIncome": -23209,
        "operatingIncomeRatio": 0,
        "totalOtherIncomeExpensesNet": -45792,
        "incomeBeforeTax": -69001,
        "incomeBeforeTaxRatio": 0,
        "incomeTaxExpense": -1.804999999993015,
        "netIncome": -69001,
        "netIncomeRatio": 0,
        "eps": -0.15,
        "epsdiluted": -0.15,
        "weightedAverageShsOut": 463033,
        "weightedAverageShsOutDil": 463033,
        "link": "https://www.sec.gov/Archives/edgar/data/827099/000103883816000224/0001038838-16-000224-index.htm",
        "finalLink": "https://www.sec.gov/Archives/edgar/data/827099/000103883816000224/k123115.htm"
    },
    {
        "date": "2015-09-30",
        "symbol": "CPWR",
        "reportedCurrency": "USD",
        "cik": "0000827099",
        "fillingDate": "2015-11-16",
        "acceptedDate": "2015-11-16 11:35:07",
        "calendarYear": "2015",
        "period": "Q3",
        "revenue": 93,
        "costOfRevenue": 0,
        "grossProfit": 93,
        "grossProfitRatio": 1,
        "researchAndDevelopmentExpenses": 0,
        "generalAndAdministrativeExpenses": 120435,
        "sellingAndMarketingExpenses": 0,
        "sellingGeneralAndAdministrativeExpenses": 120435,
        "otherExpenses": 0,
        "operatingExpenses": 120435,
        "costAndExpenses": 120435,
        "interestIncome": 0,
        "interestExpense": 43300,
        "depreciationAndAmortization": 1.8049999999993815,
        "ebitda": -3698,
        "ebitdaratio": -39.7634408602,
        "operatingIncome": -120342,
        "operatingIncomeRatio": -1294,
        "totalOtherIncomeExpensesNet": 119868,
        "incomeBeforeTax": -163642,
        "incomeBeforeTaxRatio": -1759.5913978495,
        "incomeTaxExpense": -163642,
        "netIncome": -163642,
        "netIncomeRatio": -1759.5913978495,
        "eps": -0.35,
        "epsdiluted": -0.35,
        "weightedAverageShsOut": 463033,
        "weightedAverageShsOutDil": 463033,
        "link": "https://www.sec.gov/Archives/edgar/data/827099/000103883815000175/0001038838-15-000175-index.htm",
        "finalLink": "https://www.sec.gov/Archives/edgar/data/827099/000103883815000175/q093015.htm"
    },
    {
        "date": "2015-06-30",
        "symbol": "CPWR",
        "reportedCurrency": "USD",
        "cik": "0000827099",
        "fillingDate": "2015-10-02",
        "acceptedDate": "2015-10-02 10:36:43",
        "calendarYear": "2015",
        "period": "Q2",
        "revenue": 2073,
        "costOfRevenue": 40,
        "grossProfit": 2033,
        "grossProfitRatio": 0.9807042933,
        "researchAndDevelopmentExpenses": 0,
        "generalAndAdministrativeExpenses": 50735,
        "sellingAndMarketingExpenses": 0,
        "sellingGeneralAndAdministrativeExpenses": 50735,
        "otherExpenses": 0,
        "operatingExpenses": 50735,
        "costAndExpenses": 50775,
        "interestIncome": 0,
        "interestExpense": 10884,
        "depreciationAndAmortization": 1.80399999999986,
        "ebitda": -48702,
        "ebitdaratio": -23.493487699,
        "operatingIncome": -48702,
        "operatingIncomeRatio": -23.493487699,
        "totalOtherIncomeExpensesNet": -70470,
        "incomeBeforeTax": -59586,
        "incomeBeforeTaxRatio": -28.7438494935,
        "incomeTaxExpense": -59586,
        "netIncome": -59586,
        "netIncomeRatio": -28.7438494935,
        "eps": -0.13,
        "epsdiluted": -0.13,
        "weightedAverageShsOut": 463033,
        "weightedAverageShsOutDil": 463033,
        "link": "https://www.sec.gov/Archives/edgar/data/827099/000103883815000157/0001038838-15-000157-index.htm",
        "finalLink": "https://www.sec.gov/Archives/edgar/data/827099/000103883815000157/q063015.htm"
    },
    {
        "date": "2015-03-31",
        "symbol": "CPWR",
        "reportedCurrency": "USD",
        "cik": "0000827099",
        "fillingDate": "2015-08-31",
        "acceptedDate": "2015-08-31 13:54:11",
        "calendarYear": "2015",
        "period": "Q1",
        "revenue": 1690,
        "costOfRevenue": 0,
        "grossProfit": 1690,
        "grossProfitRatio": 1,
        "researchAndDevelopmentExpenses": 0,
        "generalAndAdministrativeExpenses": 44405,
        "sellingAndMarketingExpenses": 0,
        "sellingGeneralAndAdministrativeExpenses": 44405,
        "otherExpenses": 0,
        "operatingExpenses": 44405,
        "costAndExpenses": 44405,
        "interestIncome": 0,
        "interestExpense": 11798,
        "depreciationAndAmortization": 1.80499999999995,
        "ebitda": -42715,
        "ebitdaratio": -25.275147929,
        "operatingIncome": -42715,
        "operatingIncomeRatio": -25.275147929,
        "totalOtherIncomeExpensesNet": -66311,
        "incomeBeforeTax": -54513,
        "incomeBeforeTaxRatio": -32.2562130178,
        "incomeTaxExpense": -54513,
        "netIncome": -54513,
        "netIncomeRatio": -32.2562130178,
        "eps": -0.21,
        "epsdiluted": -0.21,
        "weightedAverageShsOut": 263132,
        "weightedAverageShsOutDil": 263132,
        "link": "https://www.sec.gov/Archives/edgar/data/827099/000103883815000146/0001038838-15-000146-index.htm",
        "finalLink": "https://www.sec.gov/Archives/edgar/data/827099/000103883815000146/q033115.htm"
    },
    {
        "date": "2014-12-31",
        "symbol": "CPWR",
        "reportedCurrency": "USD",
        "cik": "0000827099",
        "fillingDate": "2015-08-31",
        "acceptedDate": "2015-08-31 13:48:20",
        "calendarYear": "2014",
        "period": "Q4",
        "revenue": 1763,
        "costOfRevenue": 0,
        "grossProfit": 1763,
        "grossProfitRatio": 1,
        "researchAndDevelopmentExpenses": 0,
        "generalAndAdministrativeExpenses": 26664,
        "sellingAndMarketingExpenses": 0,
        "sellingGeneralAndAdministrativeExpenses": 26664,
        "otherExpenses": 0,
        "operatingExpenses": 26664,
        "costAndExpenses": 26664,
        "interestIncome": 0,
        "interestExpense": 11359,
        "depreciationAndAmortization": -2701,
        "ebitda": -27602,
        "ebitdaratio": -15.6562677255,
        "operatingIncome": -24901,
        "operatingIncomeRatio": -14.1242200794,
        "totalOtherIncomeExpensesNet": -11359,
        "incomeBeforeTax": -36260,
        "incomeBeforeTaxRatio": -20.5672149745,
        "incomeTaxExpense": 0,
        "netIncome": -36260,
        "netIncomeRatio": -20.5672149745,
        "eps": -0.14,
        "epsdiluted": -0.14,
        "weightedAverageShsOut": 263132,
        "weightedAverageShsOutDil": 263132,
        "link": "https://www.sec.gov/Archives/edgar/data/827099/000103883815000145/0001038838-15-000145-index.htm",
        "finalLink": "https://www.sec.gov/Archives/edgar/data/827099/000103883815000145/k123114.htm"
    },
    {
        "date": "2014-09-30",
        "symbol": "CPWR",
        "reportedCurrency": "USD",
        "cik": "0000827099",
        "fillingDate": "2015-08-31",
        "acceptedDate": "2015-08-31 13:43:44",
        "calendarYear": "2014",
        "period": "Q3",
        "revenue": 1613,
        "costOfRevenue": 0,
        "grossProfit": 1613,
        "grossProfitRatio": 1,
        "researchAndDevelopmentExpenses": 0,
        "generalAndAdministrativeExpenses": 5311,
        "sellingAndMarketingExpenses": 0,
        "sellingGeneralAndAdministrativeExpenses": 5311,
        "otherExpenses": 0,
        "operatingExpenses": 5311,
        "costAndExpenses": 5311,
        "interestIncome": 0,
        "interestExpense": 13217,
        "depreciationAndAmortization": 0,
        "ebitda": -3698,
        "ebitdaratio": -2.2926224427,
        "operatingIncome": -3698,
        "operatingIncomeRatio": -2.2926224427,
        "totalOtherIncomeExpensesNet": 61783,
        "incomeBeforeTax": 58085,
        "incomeBeforeTaxRatio": 36.0105393676,
        "incomeTaxExpense": 0,
        "netIncome": 58085,
        "netIncomeRatio": 36.0105393676,
        "eps": 0.28,
        "epsdiluted": 0.28,
        "weightedAverageShsOut": 208364,
        "weightedAverageShsOutDil": 208364,
        "link": "https://www.sec.gov/Archives/edgar/data/827099/000103883815000144/0001038838-15-000144-index.htm",
        "finalLink": "https://www.sec.gov/Archives/edgar/data/827099/000103883815000144/q093014.htm"
    },
    {
        "date": "2014-06-30",
        "symbol": "CPWR",
        "reportedCurrency": "USD",
        "cik": "0000827099",
        "fillingDate": "2015-08-31",
        "acceptedDate": "2015-08-31 13:38:04",
        "calendarYear": "2014",
        "period": "Q2",
        "revenue": 691,
        "costOfRevenue": 0,
        "grossProfit": 691,
        "grossProfitRatio": 1,
        "researchAndDevelopmentExpenses": 0,
        "generalAndAdministrativeExpenses": 3126,
        "sellingAndMarketingExpenses": 0,
        "sellingGeneralAndAdministrativeExpenses": 3126,
        "otherExpenses": 0,
        "operatingExpenses": 3126,
        "costAndExpenses": 3126,
        "interestIncome": 0,
        "interestExpense": 13297,
        "depreciationAndAmortization": 1758,
        "ebitda": -677,
        "ebitdaratio": -0.979739508,
        "operatingIncome": -2435,
        "operatingIncomeRatio": -3.523878437,
        "totalOtherIncomeExpensesNet": -13297,
        "incomeBeforeTax": -15732,
        "incomeBeforeTaxRatio": -22.7670043415,
        "incomeTaxExpense": 0,
        "netIncome": -15732,
        "netIncomeRatio": -22.7670043415,
        "eps": -0.0755,
        "epsdiluted": -0.0755,
        "weightedAverageShsOut": 208364,
        "weightedAverageShsOutDil": 208364,
        "link": "https://www.sec.gov/Archives/edgar/data/827099/000103883815000143/0001038838-15-000143-index.htm",
        "finalLink": "https://www.sec.gov/Archives/edgar/data/827099/000103883815000143/q063014.htm"
    },
    {
        "date": "2014-03-31",
        "symbol": "CPWR",
        "reportedCurrency": "USD",
        "cik": "0000827099",
        "fillingDate": "2015-08-31",
        "acceptedDate": "2015-08-31 13:30:54",
        "calendarYear": "2014",
        "period": "Q1",
        "revenue": 4280,
        "costOfRevenue": 3099,
        "grossProfit": 1181,
        "grossProfitRatio": 0.2759345794,
        "researchAndDevelopmentExpenses": 341,
        "generalAndAdministrativeExpenses": 18045,
        "sellingAndMarketingExpenses": 0,
        "sellingGeneralAndAdministrativeExpenses": 18045,
        "otherExpenses": 0,
        "operatingExpenses": 18386,
        "costAndExpenses": 21485,
        "interestIncome": 0,
        "interestExpense": 13237,
        "depreciationAndAmortization": 943,
        "ebitda": -16262,
        "ebitdaratio": -3.7995327103,
        "operatingIncome": -17205,
        "operatingIncomeRatio": -4.0198598131,
        "totalOtherIncomeExpensesNet": -43679,
        "incomeBeforeTax": -30442,
        "incomeBeforeTaxRatio": -7.1126168224,
        "incomeTaxExpense": -30442,
        "netIncome": -30442,
        "netIncomeRatio": -7.1126168224,
        "eps": -0.15,
        "epsdiluted": -0.15,
        "weightedAverageShsOut": 208364,
        "weightedAverageShsOutDil": 208364,
        "link": "https://www.sec.gov/Archives/edgar/data/827099/000103883815000142/0001038838-15-000142-index.htm",
        "finalLink": "https://www.sec.gov/Archives/edgar/data/827099/000103883815000142/q033114.htm"
    },
    {
        "date": "2013-12-31",
        "symbol": "CPWR",
        "reportedCurrency": "USD",
        "cik": "0000827099",
        "fillingDate": "2015-08-31",
        "acceptedDate": "2015-08-31 13:27:02",
        "calendarYear": "2013",
        "period": "Q4",
        "revenue": 8038,
        "costOfRevenue": 2667,
        "grossProfit": 5371,
        "grossProfitRatio": 0.668201045,
        "researchAndDevelopmentExpenses": 7000,
        "generalAndAdministrativeExpenses": 19667,
        "sellingAndMarketingExpenses": 45,
        "sellingGeneralAndAdministrativeExpenses": 19712,
        "otherExpenses": 0,
        "operatingExpenses": 26712,
        "costAndExpenses": 29379,
        "interestIncome": 0,
        "interestExpense": 13419,
        "depreciationAndAmortization": 1148,
        "ebitda": -20193,
        "ebitdaratio": -2.5121920876,
        "operatingIncome": -21341,
        "operatingIncomeRatio": -2.655013685,
        "totalOtherIncomeExpensesNet": -13419,
        "incomeBeforeTax": -34760,
        "incomeBeforeTaxRatio": -4.3244588206,
        "incomeTaxExpense": 0,
        "netIncome": -34760,
        "netIncomeRatio": -4.3244588206,
        "eps": -0.17,
        "epsdiluted": -0.17,
        "weightedAverageShsOut": 208364,
        "weightedAverageShsOutDil": 208364,
        "link": "https://www.sec.gov/Archives/edgar/data/827099/000103883815000141/0001038838-15-000141-index.htm",
        "finalLink": "https://www.sec.gov/Archives/edgar/data/827099/000103883815000141/k123113.htm"
    },
    {
        "date": "2013-09-30",
        "symbol": "CPWR",
        "reportedCurrency": "USD",
        "cik": "0000827099",
        "fillingDate": "2015-08-31",
        "acceptedDate": "2015-08-31 13:22:41",
        "calendarYear": "2013",
        "period": "Q3",
        "revenue": 9183,
        "costOfRevenue": 9794,
        "grossProfit": -611,
        "grossProfitRatio": -0.0665359904,
        "researchAndDevelopmentExpenses": 7721,
        "generalAndAdministrativeExpenses": 20432,
        "sellingAndMarketingExpenses": 135,
        "sellingGeneralAndAdministrativeExpenses": 20567,
        "otherExpenses": 0,
        "operatingExpenses": 28288,
        "costAndExpenses": 38082,
        "interestIncome": 0,
        "interestExpense": 13379,
        "depreciationAndAmortization": 1397,
        "ebitda": -15252,
        "ebitdaratio": -1.6608951323,
        "operatingIncome": -28899,
        "operatingIncomeRatio": -3.1470107808,
        "totalOtherIncomeExpensesNet": -1129,
        "incomeBeforeTax": -30028,
        "incomeBeforeTaxRatio": -3.2699553523,
        "incomeTaxExpense": 0,
        "netIncome": -30028,
        "netIncomeRatio": -3.2699553523,
        "eps": -0.14,
        "epsdiluted": -0.14,
        "weightedAverageShsOut": 208364,
        "weightedAverageShsOutDil": 208364,
        "link": "https://www.sec.gov/Archives/edgar/data/827099/000103883815000140/0001038838-15-000140-index.htm",
        "finalLink": "https://www.sec.gov/Archives/edgar/data/827099/000103883815000140/q093013.htm"
    },
    {
        "date": "2013-06-30",
        "symbol": "CPWR",
        "reportedCurrency": "USD",
        "cik": "0000827099",
        "fillingDate": "2015-08-31",
        "acceptedDate": "2015-08-31 13:18:41",
        "calendarYear": "2013",
        "period": "Q2",
        "revenue": 27453,
        "costOfRevenue": 4817,
        "grossProfit": 22636,
        "grossProfitRatio": 0.8245364805,
        "researchAndDevelopmentExpenses": 19860,
        "generalAndAdministrativeExpenses": 37933,
        "sellingAndMarketingExpenses": 1176,
        "sellingGeneralAndAdministrativeExpenses": 39109,
        "otherExpenses": 0,
        "operatingExpenses": 58969,
        "costAndExpenses": 63786,
        "interestIncome": 0,
        "interestExpense": 12541,
        "depreciationAndAmortization": 1490,
        "ebitda": -34843,
        "ebitdaratio": -1.2691873384,
        "operatingIncome": -36333,
        "operatingIncomeRatio": -1.3234619167,
        "totalOtherIncomeExpensesNet": -12541,
        "incomeBeforeTax": -48874,
        "incomeBeforeTaxRatio": -1.7802790223,
        "incomeTaxExpense": 0,
        "netIncome": -48874,
        "netIncomeRatio": -1.7802790223,
        "eps": -0.23,
        "epsdiluted": -0.23,
        "weightedAverageShsOut": 208364,
        "weightedAverageShsOutDil": 208364,
        "link": "https://www.sec.gov/Archives/edgar/data/827099/000103883815000139/0001038838-15-000139-index.htm",
        "finalLink": "https://www.sec.gov/Archives/edgar/data/827099/000103883815000139/q063013.htm"
    },
    {
        "date": "2013-03-31",
        "symbol": "CPWR",
        "reportedCurrency": "USD",
        "cik": "0000827099",
        "fillingDate": "2015-08-31",
        "acceptedDate": "2015-08-31 13:12:58",
        "calendarYear": "2013",
        "period": "Q1",
        "revenue": 77645,
        "costOfRevenue": 26150,
        "grossProfit": 51495,
        "grossProfitRatio": 0.663210767,
        "researchAndDevelopmentExpenses": 26297,
        "generalAndAdministrativeExpenses": 50084,
        "sellingAndMarketingExpenses": 4171,
        "sellingGeneralAndAdministrativeExpenses": 54255,
        "otherExpenses": 0,
        "operatingExpenses": 80552,
        "costAndExpenses": 106702,
        "interestIncome": 0,
        "interestExpense": 26913,
        "depreciationAndAmortization": 1593,
        "ebitda": -27464,
        "ebitdaratio": -0.353712409,
        "operatingIncome": -29057,
        "operatingIncomeRatio": -0.3742288621,
        "totalOtherIncomeExpensesNet": -82883,
        "incomeBeforeTax": -55970,
        "incomeBeforeTaxRatio": -0.7208448709,
        "incomeTaxExpense": -55970,
        "netIncome": -55970,
        "netIncomeRatio": -0.7208448709,
        "eps": -0.28,
        "epsdiluted": -0.28,
        "weightedAverageShsOut": 200347,
        "weightedAverageShsOutDil": 200347,
        "link": "https://www.sec.gov/Archives/edgar/data/827099/000103883815000138/0001038838-15-000138-index.htm",
        "finalLink": "https://www.sec.gov/Archives/edgar/data/827099/000103883815000138/q033113.htm"
    },
    {
        "date": "2012-12-31",
        "symbol": "CPWR",
        "reportedCurrency": "USD",
        "cik": "0000827099",
        "fillingDate": "2015-08-31",
        "acceptedDate": "2015-08-31 13:04:53",
        "calendarYear": "2012",
        "period": "Q4",
        "revenue": 55966,
        "costOfRevenue": 8715,
        "grossProfit": 47251,
        "grossProfitRatio": 0.844280456,
        "researchAndDevelopmentExpenses": 30705,
        "generalAndAdministrativeExpenses": 37447,
        "sellingAndMarketingExpenses": 3424,
        "sellingGeneralAndAdministrativeExpenses": 40871,
        "otherExpenses": 0,
        "operatingExpenses": 71576,
        "costAndExpenses": 80291,
        "interestIncome": 0,
        "interestExpense": 24943,
        "depreciationAndAmortization": 3053,
        "ebitda": -21272,
        "ebitdaratio": -0.3800879105,
        "operatingIncome": -24325,
        "operatingIncomeRatio": -0.4346388879,
        "totalOtherIncomeExpensesNet": -24943,
        "incomeBeforeTax": -49268,
        "incomeBeforeTaxRatio": -0.8803201944,
        "incomeTaxExpense": 0,
        "netIncome": -49268,
        "netIncomeRatio": -0.8803201944,
        "eps": -0.25,
        "epsdiluted": -0.25,
        "weightedAverageShsOut": 199694,
        "weightedAverageShsOutDil": 200347,
        "link": "https://www.sec.gov/Archives/edgar/data/827099/000103883815000137/0001038838-15-000137-index.htm",
        "finalLink": "https://www.sec.gov/Archives/edgar/data/827099/000103883815000137/k123112.htm"
    },
    {
        "date": "2012-09-30",
        "symbol": "CPWR",
        "reportedCurrency": "USD",
        "cik": "0000827099",
        "fillingDate": "2015-08-31",
        "acceptedDate": "2015-08-31 12:59:11",
        "calendarYear": "2012",
        "period": "Q3",
        "revenue": 57579,
        "costOfRevenue": 6321,
        "grossProfit": 51258,
        "grossProfitRatio": 0.8902203929,
        "researchAndDevelopmentExpenses": 25257,
        "generalAndAdministrativeExpenses": 45543,
        "sellingAndMarketingExpenses": 3337,
        "sellingGeneralAndAdministrativeExpenses": 48880,
        "otherExpenses": 0,
        "operatingExpenses": 74137,
        "costAndExpenses": 80458,
        "interestIncome": 0,
        "interestExpense": 23830,
        "depreciationAndAmortization": 3469,
        "ebitda": -19410,
        "ebitdaratio": -0.3371020685,
        "operatingIncome": -22879,
        "operatingIncomeRatio": -0.3973497282,
        "totalOtherIncomeExpensesNet": -23830,
        "incomeBeforeTax": -46709,
        "incomeBeforeTaxRatio": -0.8112158947,
        "incomeTaxExpense": 0,
        "netIncome": -46709,
        "netIncomeRatio": -0.8112158947,
        "eps": -0.23,
        "epsdiluted": -0.23,
        "weightedAverageShsOut": 199694,
        "weightedAverageShsOutDil": 199694,
        "link": "https://www.sec.gov/Archives/edgar/data/827099/000103883815000136/0001038838-15-000136-index.htm",
        "finalLink": "https://www.sec.gov/Archives/edgar/data/827099/000103883815000136/q093012.htm"
    },
    {
        "date": "2012-06-30",
        "symbol": "CPWR",
        "reportedCurrency": "USD",
        "cik": "0000827099",
        "fillingDate": "2012-08-20",
        "acceptedDate": "2012-08-20 15:42:33",
        "calendarYear": "2012",
        "period": "Q2",
        "revenue": 89739,
        "costOfRevenue": 14537,
        "grossProfit": 75202,
        "grossProfitRatio": 0.838008001,
        "researchAndDevelopmentExpenses": 25984,
        "generalAndAdministrativeExpenses": 43848,
        "sellingAndMarketingExpenses": 20056,
        "sellingGeneralAndAdministrativeExpenses": 63904,
        "otherExpenses": 0,
        "operatingExpenses": 89888,
        "costAndExpenses": 104425,
        "interestIncome": 0,
        "interestExpense": 26528,
        "depreciationAndAmortization": 3671,
        "ebitda": -11015,
        "ebitdaratio": -0.122744849,
        "operatingIncome": -14686,
        "operatingIncomeRatio": -0.1636523696,
        "totalOtherIncomeExpensesNet": -26528,
        "incomeBeforeTax": -41214,
        "incomeBeforeTaxRatio": -0.4592652024,
        "incomeTaxExpense": 0,
        "netIncome": -41214,
        "netIncomeRatio": -0.4592652024,
        "eps": -0.21,
        "epsdiluted": -0.21,
        "weightedAverageShsOut": 199694,
        "weightedAverageShsOutDil": 199694,
        "link": "https://www.sec.gov/Archives/edgar/data/827099/000103883812000228/0001038838-12-000228-index.htm",
        "finalLink": "https://www.sec.gov/Archives/edgar/data/827099/000103883812000228/q063012.htm"
    },
    {
        "date": "2012-03-31",
        "symbol": "CPWR",
        "reportedCurrency": "USD",
        "cik": "0000827099",
        "fillingDate": "2012-05-15",
        "acceptedDate": "2012-05-15 12:41:50",
        "calendarYear": "2012",
        "period": "Q1",
        "revenue": 49077,
        "costOfRevenue": 5259,
        "grossProfit": 43818,
        "grossProfitRatio": 0.8928418607,
        "researchAndDevelopmentExpenses": 26462,
        "generalAndAdministrativeExpenses": 59712,
        "sellingAndMarketingExpenses": 6271,
        "sellingGeneralAndAdministrativeExpenses": 65983,
        "otherExpenses": 0,
        "operatingExpenses": 92445,
        "costAndExpenses": 97704,
        "interestIncome": 0,
        "interestExpense": 21971,
        "depreciationAndAmortization": 3797,
        "ebitda": -44830,
        "ebitdaratio": -0.9134625181,
        "operatingIncome": -48627,
        "operatingIncomeRatio": -0.9908307354,
        "totalOtherIncomeExpensesNet": -92569,
        "incomeBeforeTax": -70598,
        "incomeBeforeTaxRatio": -1.4385149867,
        "incomeTaxExpense": -70598,
        "netIncome": -70598,
        "netIncomeRatio": -1.4385149867,
        "eps": -0.35,
        "epsdiluted": -0.35,
        "weightedAverageShsOut": 199694,
        "weightedAverageShsOutDil": 199694,
        "link": "https://www.sec.gov/Archives/edgar/data/827099/000103883812000130/0001038838-12-000130-index.htm",
        "finalLink": "https://www.sec.gov/Archives/edgar/data/827099/000103883812000130/q033112.htm"
    },
    {
        "date": "2011-12-31",
        "symbol": "CPWR",
        "reportedCurrency": "USD",
        "cik": "0000827099",
        "fillingDate": "2012-03-29",
        "acceptedDate": "2012-03-29 15:45:59",
        "calendarYear": "2011",
        "period": "Q4",
        "revenue": 74362,
        "costOfRevenue": 95048,
        "grossProfit": -20686,
        "grossProfitRatio": -0.2781797154,
        "researchAndDevelopmentExpenses": 24906,
        "generalAndAdministrativeExpenses": 23855,
        "sellingAndMarketingExpenses": 19909,
        "sellingGeneralAndAdministrativeExpenses": 43764,
        "otherExpenses": 0,
        "operatingExpenses": 68670,
        "costAndExpenses": 163718,
        "interestIncome": 0,
        "interestExpense": 19811,
        "depreciationAndAmortization": 3796,
        "ebitda": -85560,
        "ebitdaratio": -1.1505876657,
        "operatingIncome": -89356,
        "operatingIncomeRatio": -1.2016352438,
        "totalOtherIncomeExpensesNet": -19811,
        "incomeBeforeTax": -109167,
        "incomeBeforeTaxRatio": -1.4680481967,
        "incomeTaxExpense": 0,
        "netIncome": -109167,
        "netIncomeRatio": -1.4680481967,
        "eps": -0.55,
        "epsdiluted": -0.55,
        "weightedAverageShsOut": 199694,
        "weightedAverageShsOutDil": 199694,
        "link": "https://www.sec.gov/Archives/edgar/data/827099/000103883812000085/0001038838-12-000085-index.htm",
        "finalLink": "https://www.sec.gov/Archives/edgar/data/827099/000103883812000085/k123111.htm"
    },
    {
        "date": "2011-09-30",
        "symbol": "CPWR",
        "reportedCurrency": "USD",
        "cik": "0000827099",
        "fillingDate": "2011-11-14",
        "acceptedDate": "2011-11-14 14:49:51",
        "calendarYear": "2011",
        "period": "Q3",
        "revenue": 78791,
        "costOfRevenue": 25669,
        "grossProfit": 53122,
        "grossProfitRatio": 0.67421406,
        "researchAndDevelopmentExpenses": 44407,
        "generalAndAdministrativeExpenses": 48037,
        "sellingAndMarketingExpenses": 4737,
        "sellingGeneralAndAdministrativeExpenses": 52774,
        "otherExpenses": 0,
        "operatingExpenses": 97181,
        "costAndExpenses": 122850,
        "interestIncome": 0,
        "interestExpense": 24812,
        "depreciationAndAmortization": 3797,
        "ebitda": -40262,
        "ebitdaratio": -0.5109974489,
        "operatingIncome": -44059,
        "operatingIncomeRatio": -0.5591882322,
        "totalOtherIncomeExpensesNet": -24812,
        "incomeBeforeTax": -68871,
        "incomeBeforeTaxRatio": -0.8740972954,
        "incomeTaxExpense": 0,
        "netIncome": -68871,
        "netIncomeRatio": -0.8740972954,
        "eps": -0.34,
        "epsdiluted": -0.34,
        "weightedAverageShsOut": 199694,
        "weightedAverageShsOutDil": 199694,
        "link": "https://www.sec.gov/Archives/edgar/data/827099/000103883811000382/0001038838-11-000382-index.htm",
        "finalLink": "https://www.sec.gov/Archives/edgar/data/827099/000103883811000382/q093011.htm"
    },
    {
        "date": "2011-06-30",
        "symbol": "CPWR",
        "reportedCurrency": "USD",
        "cik": "0000827099",
        "fillingDate": "2011-08-15",
        "acceptedDate": "2011-08-15 15:52:26",
        "calendarYear": "2011",
        "period": "Q2",
        "revenue": 205684,
        "costOfRevenue": 128814,
        "grossProfit": 76870,
        "grossProfitRatio": 0.3737286323,
        "researchAndDevelopmentExpenses": 45080,
        "generalAndAdministrativeExpenses": 89748,
        "sellingAndMarketingExpenses": 20825,
        "sellingGeneralAndAdministrativeExpenses": 110573,
        "otherExpenses": 0,
        "operatingExpenses": 155653,
        "costAndExpenses": 284467,
        "interestIncome": 2,
        "interestExpense": 18889,
        "depreciationAndAmortization": 3842,
        "ebitda": -74941,
        "ebitdaratio": -0.3643501682,
        "operatingIncome": -78783,
        "operatingIncomeRatio": -0.3830293071,
        "totalOtherIncomeExpensesNet": -18887,
        "incomeBeforeTax": -97670,
        "incomeBeforeTaxRatio": -0.4748546314,
        "incomeTaxExpense": 2,
        "netIncome": -97670,
        "netIncomeRatio": -0.4748546314,
        "eps": -0.51,
        "epsdiluted": -0.51,
        "weightedAverageShsOut": 193368,
        "weightedAverageShsOutDil": 193368,
        "link": "https://www.sec.gov/Archives/edgar/data/827099/000103883811000237/0001038838-11-000237-index.htm",
        "finalLink": "https://www.sec.gov/Archives/edgar/data/827099/000103883811000237/q063011.htm"
    },
    {
        "date": "2011-03-31",
        "symbol": "CPWR",
        "reportedCurrency": "USD",
        "cik": "0000827099",
        "fillingDate": "2011-05-13",
        "acceptedDate": "2011-05-13 14:30:48",
        "calendarYear": "2011",
        "period": "Q1",
        "revenue": 211008,
        "costOfRevenue": 103223,
        "grossProfit": 107785,
        "grossProfitRatio": 0.5108100167,
        "researchAndDevelopmentExpenses": 44803,
        "generalAndAdministrativeExpenses": 92642,
        "sellingAndMarketingExpenses": 30352,
        "sellingGeneralAndAdministrativeExpenses": 122994,
        "otherExpenses": 0,
        "operatingExpenses": 167797,
        "costAndExpenses": 271020,
        "interestIncome": 0,
        "interestExpense": 21531,
        "depreciationAndAmortization": 3900,
        "ebitda": -56112,
        "ebitdaratio": -0.2659235669,
        "operatingIncome": -60012,
        "operatingIncomeRatio": -0.2844062784,
        "totalOtherIncomeExpensesNet": -103074,
        "incomeBeforeTax": -81543,
        "incomeBeforeTaxRatio": -0.3864450637,
        "incomeTaxExpense": -81543,
        "netIncome": -81543,
        "netIncomeRatio": -0.3864450637,
        "eps": -0.43,
        "epsdiluted": -0.43,
        "weightedAverageShsOut": 189723,
        "weightedAverageShsOutDil": 189723,
        "link": "https://www.sec.gov/Archives/edgar/data/827099/000103883811000139/0001038838-11-000139-index.htm",
        "finalLink": "https://www.sec.gov/Archives/edgar/data/827099/000103883811000139/q033111.htm"
    },
    {
        "date": "2010-12-31",
        "symbol": "CPWR",
        "reportedCurrency": "USD",
        "cik": "0000827099",
        "fillingDate": "2011-04-13",
        "acceptedDate": "2011-04-13 16:16:56",
        "calendarYear": "2010",
        "period": "Q4",
        "revenue": 231316,
        "costOfRevenue": 130740,
        "grossProfit": 100576,
        "grossProfitRatio": 0.4347991492,
        "researchAndDevelopmentExpenses": 38728,
        "generalAndAdministrativeExpenses": 141463,
        "sellingAndMarketingExpenses": 50104,
        "sellingGeneralAndAdministrativeExpenses": 191567,
        "otherExpenses": 0,
        "operatingExpenses": 230295,
        "costAndExpenses": 361035,
        "interestIncome": 3,
        "interestExpense": 15674,
        "depreciationAndAmortization": 3900,
        "ebitda": -125816,
        "ebitdaratio": -0.5439139532,
        "operatingIncome": -129719,
        "operatingIncomeRatio": -0.5607869754,
        "totalOtherIncomeExpensesNet": -15671,
        "incomeBeforeTax": -145390,
        "incomeBeforeTaxRatio": -0.6285341265,
        "incomeTaxExpense": 0,
        "netIncome": -145390,
        "netIncomeRatio": -0.6285341265,
        "eps": -0.77,
        "epsdiluted": -0.77,
        "weightedAverageShsOut": 189723,
        "weightedAverageShsOutDil": 189723,
        "link": "https://www.sec.gov/Archives/edgar/data/827099/000103883811000107/0001038838-11-000107-index.htm",
        "finalLink": "https://www.sec.gov/Archives/edgar/data/827099/000103883811000107/k123110.htm"
    },
    {
        "date": "2010-09-30",
        "symbol": "CPWR",
        "reportedCurrency": "USD",
        "cik": "0000827099",
        "fillingDate": "2010-11-12",
        "acceptedDate": "2010-11-12 15:57:09",
        "calendarYear": "2010",
        "period": "Q3",
        "revenue": 168442,
        "costOfRevenue": 106664,
        "grossProfit": 61778,
        "grossProfitRatio": 0.3667612591,
        "researchAndDevelopmentExpenses": 43807,
        "generalAndAdministrativeExpenses": 41421,
        "sellingAndMarketingExpenses": 44332,
        "sellingGeneralAndAdministrativeExpenses": 85753,
        "otherExpenses": 0,
        "operatingExpenses": 129560,
        "costAndExpenses": 236224,
        "interestIncome": 12,
        "interestExpense": 19265,
        "depreciationAndAmortization": 3901,
        "ebitda": -63869,
        "ebitdaratio": -0.3791750276,
        "operatingIncome": -67782,
        "operatingIncomeRatio": -0.4024055758,
        "totalOtherIncomeExpensesNet": -19253,
        "incomeBeforeTax": -87035,
        "incomeBeforeTaxRatio": -0.5167060472,
        "incomeTaxExpense": 0,
        "netIncome": -87035,
        "netIncomeRatio": -0.5167060472,
        "eps": -0.46,
        "epsdiluted": -0.46,
        "weightedAverageShsOut": 189723,
        "weightedAverageShsOutDil": 189723,
        "link": "https://www.sec.gov/Archives/edgar/data/827099/000103883810000355/0001038838-10-000355-index.htm",
        "finalLink": "https://www.sec.gov/Archives/edgar/data/827099/000103883810000355/q093010.htm"
    },
    {
        "date": "2010-06-30",
        "symbol": "CPWR",
        "reportedCurrency": "USD",
        "cik": "0000827099",
        "fillingDate": "2010-08-16",
        "acceptedDate": "2010-08-16 12:19:33",
        "calendarYear": "2010",
        "period": "Q2",
        "revenue": 110736,
        "costOfRevenue": 45319,
        "grossProfit": 65417,
        "grossProfitRatio": 0.5907473631,
        "researchAndDevelopmentExpenses": 38816,
        "generalAndAdministrativeExpenses": 74922,
        "sellingAndMarketingExpenses": 17617,
        "sellingGeneralAndAdministrativeExpenses": 92539,
        "otherExpenses": 0,
        "operatingExpenses": 131355,
        "costAndExpenses": 176674,
        "interestIncome": 26,
        "interestExpense": 14327,
        "depreciationAndAmortization": 3900,
        "ebitda": -62012,
        "ebitdaratio": -0.5599985551,
        "operatingIncome": -65938,
        "operatingIncomeRatio": -0.5954522468,
        "totalOtherIncomeExpensesNet": -14301,
        "incomeBeforeTax": -80239,
        "incomeBeforeTaxRatio": -0.7245972403,
        "incomeTaxExpense": 0,
        "netIncome": -80239,
        "netIncomeRatio": -0.7245972403,
        "eps": -0.42,
        "epsdiluted": -0.42,
        "weightedAverageShsOut": 189723,
        "weightedAverageShsOutDil": 189723,
        "link": "https://www.sec.gov/Archives/edgar/data/827099/000103883810000273/0001038838-10-000273-index.htm",
        "finalLink": "https://www.sec.gov/Archives/edgar/data/827099/000103883810000273/q063010.htm"
    },
    {
        "date": "2010-03-31",
        "symbol": "CPWR",
        "reportedCurrency": "USD",
        "cik": "0000827099",
        "fillingDate": "2010-05-13",
        "acceptedDate": "2010-05-13 14:52:29",
        "calendarYear": "2010",
        "period": "Q1",
        "revenue": 162261,
        "costOfRevenue": 75047,
        "grossProfit": 87214,
        "grossProfitRatio": 0.5374920653,
        "researchAndDevelopmentExpenses": 40894,
        "generalAndAdministrativeExpenses": 101250,
        "sellingAndMarketingExpenses": 19010,
        "sellingGeneralAndAdministrativeExpenses": 120260,
        "otherExpenses": 0,
        "operatingExpenses": 161154,
        "costAndExpenses": 236201,
        "interestIncome": 96,
        "interestExpense": 13780,
        "depreciationAndAmortization": 3650,
        "ebitda": -70133,
        "ebitdaratio": -0.4322233932,
        "operatingIncome": -73940,
        "operatingIncomeRatio": -0.455685593,
        "totalOtherIncomeExpensesNet": -101186,
        "incomeBeforeTax": -87563,
        "incomeBeforeTaxRatio": -0.539642921,
        "incomeTaxExpense": -87563,
        "netIncome": -87563,
        "netIncomeRatio": -0.539642921,
        "eps": -0.46,
        "epsdiluted": -0.46,
        "weightedAverageShsOut": 189723,
        "weightedAverageShsOutDil": 189723,
        "link": "https://www.sec.gov/Archives/edgar/data/827099/000103883810000154/0001038838-10-000154-index.htm",
        "finalLink": "https://www.sec.gov/Archives/edgar/data/827099/000103883810000154/q033110.htm"
    },
    {
        "date": "2009-12-31",
        "symbol": "CPWR",
        "reportedCurrency": "USD",
        "cik": "0000827099",
        "fillingDate": "2010-03-31",
        "acceptedDate": "2010-03-31 15:45:26",
        "calendarYear": "2009",
        "period": "Q4",
        "revenue": 145863,
        "costOfRevenue": 71883,
        "grossProfit": 73980,
        "grossProfitRatio": 0.507188252,
        "researchAndDevelopmentExpenses": -533568,
        "generalAndAdministrativeExpenses": 216572,
        "sellingAndMarketingExpenses": 16979,
        "sellingGeneralAndAdministrativeExpenses": 233551,
        "otherExpenses": 0,
        "operatingExpenses": -300017,
        "costAndExpenses": -228134,
        "interestIncome": 86,
        "interestExpense": 11415,
        "depreciationAndAmortization": 2289,
        "ebitda": 11875,
        "ebitdaratio": 0.0814120099,
        "operatingIncome": 373997,
        "operatingIncomeRatio": 2.5640292603,
        "totalOtherIncomeExpensesNet": -375826,
        "incomeBeforeTax": -1829,
        "incomeBeforeTaxRatio": -0.0125391635,
        "incomeTaxExpense": 0,
        "netIncome": 757733,
        "netIncomeRatio": 5.1948266524,
        "eps": 3.99,
        "epsdiluted": 3.99,
        "weightedAverageShsOut": 185576,
        "weightedAverageShsOutDil": 189723,
        "link": "https://www.sec.gov/Archives/edgar/data/827099/000103883810000096/0001038838-10-000096-index.htm",
        "finalLink": "https://www.sec.gov/Archives/edgar/data/827099/000103883810000096/k123109.htm"
    },
    {
        "date": "2009-09-30",
        "symbol": "CPWR",
        "reportedCurrency": "USD",
        "cik": "0000827099",
        "fillingDate": "2009-11-10",
        "acceptedDate": "2009-11-10 16:26:19",
        "calendarYear": "2009",
        "period": "Q3",
        "revenue": 107221,
        "costOfRevenue": 51202,
        "grossProfit": 56019,
        "grossProfitRatio": 0.5224629504,
        "researchAndDevelopmentExpenses": 259920,
        "generalAndAdministrativeExpenses": 100083,
        "sellingAndMarketingExpenses": 30295,
        "sellingGeneralAndAdministrativeExpenses": 130378,
        "otherExpenses": 0,
        "operatingExpenses": 390298,
        "costAndExpenses": 441500,
        "interestIncome": 57,
        "interestExpense": 8820,
        "depreciationAndAmortization": 3905,
        "ebitda": -238269,
        "ebitdaratio": -2.2222232585,
        "operatingIncome": -334279,
        "operatingIncomeRatio": -3.1176635174,
        "totalOtherIncomeExpensesNet": -5847,
        "incomeBeforeTax": -250994,
        "incomeBeforeTaxRatio": -2.3409033678,
        "incomeTaxExpense": 100868,
        "netIncome": -250994,
        "netIncomeRatio": -2.3409033678,
        "eps": -1.35,
        "epsdiluted": -1.35,
        "weightedAverageShsOut": 185388,
        "weightedAverageShsOutDil": 185388,
        "link": "https://www.sec.gov/Archives/edgar/data/827099/000103883809000361/0001038838-09-000361-index.htm",
        "finalLink": "https://www.sec.gov/Archives/edgar/data/827099/000103883809000361/q093009.htm"
    },
    {
        "date": "2009-06-30",
        "symbol": "CPWR",
        "reportedCurrency": "USD",
        "cik": "0000827099",
        "fillingDate": "2009-08-13",
        "acceptedDate": "2009-08-13 12:39:50",
        "calendarYear": "2009",
        "period": "Q2",
        "revenue": 310479,
        "costOfRevenue": 110980,
        "grossProfit": 199499,
        "grossProfitRatio": 0.6425523143,
        "researchAndDevelopmentExpenses": 270671,
        "generalAndAdministrativeExpenses": 133974,
        "sellingAndMarketingExpenses": 41370,
        "sellingGeneralAndAdministrativeExpenses": 175344,
        "otherExpenses": 0,
        "operatingExpenses": 446015,
        "costAndExpenses": 556995,
        "interestIncome": 374,
        "interestExpense": 4753,
        "depreciationAndAmortization": 3904,
        "ebitda": -242238,
        "ebitdaratio": -0.780207357,
        "operatingIncome": -246516,
        "operatingIncomeRatio": -0.7939860667,
        "totalOtherIncomeExpensesNet": -4493,
        "incomeBeforeTax": -91996,
        "incomeBeforeTaxRatio": -0.2963034537,
        "incomeTaxExpense": 4753,
        "netIncome": -91996,
        "netIncomeRatio": -0.2963034537,
        "eps": -0.5,
        "epsdiluted": -0.5,
        "weightedAverageShsOut": 185388,
        "weightedAverageShsOutDil": 185388,
        "link": "https://www.sec.gov/Archives/edgar/data/827099/000103883809000263/0001038838-09-000263-index.htm",
        "finalLink": "https://www.sec.gov/Archives/edgar/data/827099/000103883809000263/q063009.htm"
    },
    {
        "date": "2009-03-31",
        "symbol": "CPWR",
        "reportedCurrency": "USD",
        "cik": "0000827099",
        "fillingDate": "2009-05-13",
        "acceptedDate": "2009-05-13 14:02:22",
        "calendarYear": "2009",
        "period": "Q1",
        "revenue": 303778,
        "costOfRevenue": 102909,
        "grossProfit": 200869,
        "grossProfitRatio": 0.6612361659,
        "researchAndDevelopmentExpenses": 196980,
        "generalAndAdministrativeExpenses": 122138,
        "sellingAndMarketingExpenses": 23391,
        "sellingGeneralAndAdministrativeExpenses": 145529,
        "otherExpenses": 0,
        "operatingExpenses": 342509,
        "costAndExpenses": 445418,
        "interestIncome": 683,
        "interestExpense": 5958,
        "depreciationAndAmortization": 3538,
        "ebitda": -137419,
        "ebitdaratio": -0.4523665308,
        "operatingIncome": -141640,
        "operatingIncomeRatio": -0.4662615463,
        "totalOtherIncomeExpensesNet": -79257,
        "incomeBeforeTax": -33301,
        "incomeBeforeTaxRatio": -0.1096228167,
        "incomeTaxExpense": -146851,
        "netIncome": -33301,
        "netIncomeRatio": -0.1096228167,
        "eps": -0.18,
        "epsdiluted": -0.18,
        "weightedAverageShsOut": 185388,
        "weightedAverageShsOutDil": 185388,
        "link": "https://www.sec.gov/Archives/edgar/data/827099/000103883809000129/0001038838-09-000129-index.htm",
        "finalLink": "https://www.sec.gov/Archives/edgar/data/827099/000103883809000129/q033109.htm"
    },
    {
        "date": "2008-12-31",
        "symbol": "CPWR",
        "reportedCurrency": "USD",
        "cik": "0000827099",
        "fillingDate": "2009-03-31",
        "acceptedDate": "2009-03-31 12:28:33",
        "calendarYear": "2008",
        "period": "Q4",
        "revenue": 312329,
        "costOfRevenue": 100435,
        "grossProfit": 211894,
        "grossProfitRatio": 0.678432038,
        "researchAndDevelopmentExpenses": 237357,
        "generalAndAdministrativeExpenses": 165339,
        "sellingAndMarketingExpenses": 0,
        "sellingGeneralAndAdministrativeExpenses": 165339,
        "otherExpenses": 0,
        "operatingExpenses": 402696,
        "costAndExpenses": 503131,
        "interestIncome": 803,
        "interestExpense": 6423,
        "depreciationAndAmortization": 3221,
        "ebitda": 416073,
        "ebitdaratio": 1.3321625594,
        "operatingIncome": -190802,
        "operatingIncomeRatio": -0.6109006849,
        "totalOtherIncomeExpensesNet": 133065,
        "incomeBeforeTax": -57737,
        "incomeBeforeTaxRatio": -0.1848595551,
        "incomeTaxExpense": 603654,
        "netIncome": -57737,
        "netIncomeRatio": -0.1848595551,
        "eps": -0.31,
        "epsdiluted": -0.31,
        "weightedAverageShsOut": 185388,
        "weightedAverageShsOutDil": 185388,
        "link": "https://www.sec.gov/Archives/edgar/data/827099/000103883809000072/0001038838-09-000072-index.htm",
        "finalLink": "https://www.sec.gov/Archives/edgar/data/827099/000103883809000072/k123108.htm"
    },
    {
        "date": "2008-09-30",
        "symbol": "CPWR",
        "reportedCurrency": "USD",
        "cik": "0000827099",
        "fillingDate": "2008-11-13",
        "acceptedDate": "2008-11-13 12:02:56",
        "calendarYear": "2008",
        "period": "Q3",
        "revenue": 335110,
        "costOfRevenue": 119559,
        "grossProfit": 215551,
        "grossProfitRatio": 0.6432246128,
        "researchAndDevelopmentExpenses": 236644,
        "generalAndAdministrativeExpenses": 150709,
        "sellingAndMarketingExpenses": 0,
        "sellingGeneralAndAdministrativeExpenses": 150709,
        "otherExpenses": 33913,
        "operatingExpenses": 421266,
        "costAndExpenses": 540825,
        "interestIncome": 212,
        "interestExpense": 8568,
        "depreciationAndAmortization": 2745,
        "ebitda": -202970,
        "ebitdaratio": -0.6056817165,
        "operatingIncome": -205715,
        "operatingIncomeRatio": -0.6138730566,
        "totalOtherIncomeExpensesNet": 146292,
        "incomeBeforeTax": -59423,
        "incomeBeforeTaxRatio": -0.1773238638,
        "incomeTaxExpense": 0,
        "netIncome": -59423,
        "netIncomeRatio": -0.1773238638,
        "eps": -0.32,
        "epsdiluted": -0.32,
        "weightedAverageShsOut": 185388,
        "weightedAverageShsOutDil": 185388,
        "link": "https://www.sec.gov/Archives/edgar/data/827099/000103883808000466/0001038838-08-000466-index.htm",
        "finalLink": "https://www.sec.gov/Archives/edgar/data/827099/000103883808000466/q093008.htm"
    },
    {
        "date": "2008-06-30",
        "symbol": "CPWR",
        "reportedCurrency": "USD",
        "cik": "0000827099",
        "fillingDate": "2008-08-11",
        "acceptedDate": "2008-08-11 13:38:27",
        "calendarYear": "2008",
        "period": "Q2",
        "revenue": 319440,
        "costOfRevenue": 115152,
        "grossProfit": 204288,
        "grossProfitRatio": 0.6395191585,
        "researchAndDevelopmentExpenses": 174273,
        "generalAndAdministrativeExpenses": 341425,
        "sellingAndMarketingExpenses": 0,
        "sellingGeneralAndAdministrativeExpenses": 341425,
        "otherExpenses": 0,
        "operatingExpenses": 515698,
        "costAndExpenses": 630850,
        "interestIncome": 31,
        "interestExpense": 6841,
        "depreciationAndAmortization": 2660,
        "ebitda": -308750,
        "ebitdaratio": -0.9665351866,
        "operatingIncome": -311410,
        "operatingIncomeRatio": -0.974862259,
        "totalOtherIncomeExpensesNet": 140513,
        "incomeBeforeTax": -170897,
        "incomeBeforeTaxRatio": -0.5349893564,
        "incomeTaxExpense": 0,
        "netIncome": -170897,
        "netIncomeRatio": -0.5349893564,
        "eps": -0.93,
        "epsdiluted": -0.93,
        "weightedAverageShsOut": 184639,
        "weightedAverageShsOutDil": 184639,
        "link": "https://www.sec.gov/Archives/edgar/data/827099/000103883808000349/0001038838-08-000349-index.htm",
        "finalLink": "https://www.sec.gov/Archives/edgar/data/827099/000103883808000349/q063008.htm"
    },
    {
        "date": "2008-03-31",
        "symbol": "CPWR",
        "reportedCurrency": "USD",
        "cik": "0000827099",
        "fillingDate": "2008-05-15",
        "acceptedDate": "2008-05-15 14:51:35",
        "calendarYear": "2008",
        "period": "Q1",
        "revenue": 343705,
        "costOfRevenue": 130971,
        "grossProfit": 212734,
        "grossProfitRatio": 0.6189435708,
        "researchAndDevelopmentExpenses": 290347,
        "generalAndAdministrativeExpenses": 178778,
        "sellingAndMarketingExpenses": 0,
        "sellingGeneralAndAdministrativeExpenses": 178778,
        "otherExpenses": 0,
        "operatingExpenses": 469125,
        "costAndExpenses": 600096,
        "interestIncome": 73,
        "interestExpense": 9029,
        "depreciationAndAmortization": 2787,
        "ebitda": -253604,
        "ebitdaratio": -0.7378536827,
        "operatingIncome": -256391,
        "operatingIncomeRatio": -0.7459623805,
        "totalOtherIncomeExpensesNet": 152923,
        "incomeBeforeTax": -103468,
        "incomeBeforeTaxRatio": -0.3010372267,
        "incomeTaxExpense": 0,
        "netIncome": -103468,
        "netIncomeRatio": -0.3010372267,
        "eps": -0.57,
        "epsdiluted": -0.57,
        "weightedAverageShsOut": 182180,
        "weightedAverageShsOutDil": 182180,
        "link": "https://www.sec.gov/Archives/edgar/data/827099/000103883808000210/0001038838-08-000210-index.htm",
        "finalLink": "https://www.sec.gov/Archives/edgar/data/827099/000103883808000210/q033108.htm"
    },
    {
        "date": "2007-12-31",
        "symbol": "CPWR",
        "reportedCurrency": "USD",
        "cik": "0000827099",
        "fillingDate": "2008-03-31",
        "acceptedDate": "2008-03-31 16:12:42",
        "calendarYear": "2007",
        "period": "Q4",
        "revenue": 305721,
        "costOfRevenue": 116067,
        "grossProfit": 189654,
        "grossProfitRatio": 0.6203499269,
        "researchAndDevelopmentExpenses": 55751,
        "generalAndAdministrativeExpenses": 33199,
        "sellingAndMarketingExpenses": 256198,
        "sellingGeneralAndAdministrativeExpenses": 222998,
        "otherExpenses": 0,
        "operatingExpenses": 278749,
        "costAndExpenses": 394816,
        "interestIncome": 99,
        "interestExpense": 16727,
        "depreciationAndAmortization": 2522,
        "ebitda": -86573,
        "ebitdaratio": -0.283176491,
        "operatingIncome": -89095,
        "operatingIncomeRatio": -0.2914258425,
        "totalOtherIncomeExpensesNet": -4238,
        "incomeBeforeTax": -93333,
        "incomeBeforeTaxRatio": -0.3052881549,
        "incomeTaxExpense": 0,
        "netIncome": -93333,
        "netIncomeRatio": -0.3052881549,
        "eps": -0.51,
        "epsdiluted": -0.51,
        "weightedAverageShsOut": 182146,
        "weightedAverageShsOutDil": 182146,
        "link": "https://www.sec.gov/Archives/edgar/data/827099/000103883808000124/0001038838-08-000124-index.htm",
        "finalLink": "https://www.sec.gov/Archives/edgar/data/827099/000103883808000124/k123107.htm"
    },
    {
        "date": "2007-09-30",
        "symbol": "CPWR",
        "reportedCurrency": "USD",
        "cik": "0000827099",
        "fillingDate": "2007-11-13",
        "acceptedDate": "2007-11-13 16:57:48",
        "calendarYear": "2007",
        "period": "Q3",
        "revenue": 287193,
        "costOfRevenue": 108637,
        "grossProfit": 178556,
        "grossProfitRatio": 0.6217282455,
        "researchAndDevelopmentExpenses": 109270,
        "generalAndAdministrativeExpenses": 243752,
        "sellingAndMarketingExpenses": 0,
        "sellingGeneralAndAdministrativeExpenses": 243752,
        "otherExpenses": 0,
        "operatingExpenses": 353022,
        "costAndExpenses": 461659,
        "interestIncome": 76,
        "interestExpense": 12047,
        "depreciationAndAmortization": 3145,
        "ebitda": -171321,
        "ebitdaratio": -0.5965361273,
        "operatingIncome": -174466,
        "operatingIncomeRatio": -0.6074869513,
        "totalOtherIncomeExpensesNet": 131703,
        "incomeBeforeTax": -42763,
        "incomeBeforeTaxRatio": -0.1488998687,
        "incomeTaxExpense": 0,
        "netIncome": -42763,
        "netIncomeRatio": -0.1488998687,
        "eps": -0.23,
        "epsdiluted": -0.23,
        "weightedAverageShsOut": 182146,
        "weightedAverageShsOutDil": 182146,
        "link": "https://www.sec.gov/Archives/edgar/data/827099/000103883807000771/0001038838-07-000771-index.htm",
        "finalLink": "https://www.sec.gov/Archives/edgar/data/827099/000103883807000771/q093007.htm"
    },
    {
        "date": "2007-06-30",
        "symbol": "CPWR",
        "reportedCurrency": "USD",
        "cik": "0000827099",
        "fillingDate": "2007-08-07",
        "acceptedDate": "2007-08-07 16:22:51",
        "calendarYear": "2007",
        "period": "Q2",
        "revenue": 275556,
        "costOfRevenue": 97735,
        "grossProfit": 177821,
        "grossProfitRatio": 0.6453171043,
        "researchAndDevelopmentExpenses": 24102,
        "generalAndAdministrativeExpenses": 228027,
        "sellingAndMarketingExpenses": 0,
        "sellingGeneralAndAdministrativeExpenses": 228027,
        "otherExpenses": 0,
        "operatingExpenses": 252129,
        "costAndExpenses": 349864,
        "interestIncome": 53,
        "interestExpense": 15051,
        "depreciationAndAmortization": 3155,
        "ebitda": -71153,
        "ebitdaratio": -0.2582161158,
        "operatingIncome": -74308,
        "operatingIncomeRatio": -0.2696656941,
        "totalOtherIncomeExpensesNet": -15139,
        "incomeBeforeTax": -89447,
        "incomeBeforeTaxRatio": -0.3246055248,
        "incomeTaxExpense": 0,
        "netIncome": -89447,
        "netIncomeRatio": -0.3246055248,
        "eps": -0.5,
        "epsdiluted": -0.5,
        "weightedAverageShsOut": 180641,
        "weightedAverageShsOutDil": 180641,
        "link": "https://www.sec.gov/Archives/edgar/data/827099/000103883807000609/0001038838-07-000609-index.htm",
        "finalLink": "https://www.sec.gov/Archives/edgar/data/827099/000103883807000609/q063007.htm"
    },
    {
        "date": "2007-03-31",
        "symbol": "CPWR",
        "reportedCurrency": "USD",
        "cik": "0000827099",
        "fillingDate": "2007-05-07",
        "acceptedDate": "2007-05-07 16:21:08",
        "calendarYear": "2007",
        "period": "Q1",
        "revenue": 283492,
        "costOfRevenue": 96123,
        "grossProfit": 187369,
        "grossProfitRatio": 0.6609322309,
        "researchAndDevelopmentExpenses": 21843,
        "generalAndAdministrativeExpenses": 207071,
        "sellingAndMarketingExpenses": 0,
        "sellingGeneralAndAdministrativeExpenses": 207071,
        "otherExpenses": 0,
        "operatingExpenses": 228914,
        "costAndExpenses": 325037,
        "interestIncome": 0,
        "interestExpense": 0,
        "depreciationAndAmortization": 3149,
        "ebitda": -38396,
        "ebitdaratio": -0.135439448,
        "operatingIncome": -41545,
        "operatingIncomeRatio": -0.1465473453,
        "totalOtherIncomeExpensesNet": -15098,
        "incomeBeforeTax": -56643,
        "incomeBeforeTaxRatio": -0.19980458,
        "incomeTaxExpense": 0,
        "netIncome": -56643,
        "netIncomeRatio": -0.19980458,
        "eps": -0.32,
        "epsdiluted": -0.32,
        "weightedAverageShsOut": 176718,
        "weightedAverageShsOutDil": 176718,
        "link": "https://www.sec.gov/Archives/edgar/data/827099/000103883807000293/0001038838-07-000293-index.htm",
        "finalLink": "https://www.sec.gov/Archives/edgar/data/827099/000103883807000293/q033107.htm"
    },
    {
        "date": "2006-12-31",
        "symbol": "CPWR",
        "reportedCurrency": "USD",
        "cik": "0000827099",
        "fillingDate": "2007-06-07",
        "acceptedDate": "2007-06-07 11:44:54",
        "calendarYear": "2006",
        "period": "Q4",
        "revenue": 230327,
        "costOfRevenue": 85007,
        "grossProfit": 145320,
        "grossProfitRatio": 0.6309290704,
        "researchAndDevelopmentExpenses": 31892,
        "generalAndAdministrativeExpenses": 196867,
        "sellingAndMarketingExpenses": 259293,
        "sellingGeneralAndAdministrativeExpenses": 456160,
        "otherExpenses": 0,
        "operatingExpenses": 488052,
        "costAndExpenses": 573059,
        "interestIncome": 537,
        "interestExpense": 34992,
        "depreciationAndAmortization": -14976,
        "ebitda": -897173,
        "ebitdaratio": -3.8952141955,
        "operatingIncome": -342732,
        "operatingIncomeRatio": -1.4880235491,
        "totalOtherIncomeExpensesNet": -378032,
        "incomeBeforeTax": -720764,
        "incomeBeforeTaxRatio": -3.1293074629,
        "incomeTaxExpense": -343577,
        "netIncome": -377187,
        "netIncomeRatio": -1.6376152166,
        "eps": -2.17,
        "epsdiluted": -2.17,
        "weightedAverageShsOut": 173487,
        "weightedAverageShsOutDil": 173488,
        "link": "https://www.sec.gov/Archives/edgar/data/827099/000103883807000407/0001038838-07-000407-index.htm",
        "finalLink": "https://www.sec.gov/Archives/edgar/data/827099/000103883807000407/ka123106.htm"
    },
    {
        "date": "2006-09-30",
        "symbol": "CPWR",
        "reportedCurrency": "USD",
        "cik": "0000827099",
        "fillingDate": "2007-06-18",
        "acceptedDate": "2007-06-18 16:58:41",
        "calendarYear": "2006",
        "period": "Q3",
        "revenue": 269503,
        "costOfRevenue": 88011,
        "grossProfit": 181492,
        "grossProfitRatio": 0.6734322067,
        "researchAndDevelopmentExpenses": 31182,
        "generalAndAdministrativeExpenses": 207825,
        "sellingAndMarketingExpenses": 0,
        "sellingGeneralAndAdministrativeExpenses": 207825,
        "otherExpenses": 0,
        "operatingExpenses": 239007,
        "costAndExpenses": 327018,
        "interestIncome": 0,
        "interestExpense": 15397,
        "depreciationAndAmortization": 9253,
        "ebitda": -48262,
        "ebitdaratio": -0.1790777839,
        "operatingIncome": -57515,
        "operatingIncomeRatio": -0.2134113535,
        "totalOtherIncomeExpensesNet": -15397,
        "incomeBeforeTax": -72912,
        "incomeBeforeTaxRatio": -0.2705424429,
        "incomeTaxExpense": 0,
        "netIncome": -72912,
        "netIncomeRatio": -0.2705424429,
        "eps": -0.42,
        "epsdiluted": -0.42,
        "weightedAverageShsOut": 173488,
        "weightedAverageShsOutDil": 173488,
        "link": "https://www.sec.gov/Archives/edgar/data/827099/000103883807000446/0001038838-07-000446-index.htm",
        "finalLink": "https://www.sec.gov/Archives/edgar/data/827099/000103883807000446/qa093006.htm"
    },
    {
        "date": "2006-06-30",
        "symbol": "CPWR",
        "reportedCurrency": "USD",
        "cik": "0000827099",
        "fillingDate": "2006-08-14",
        "acceptedDate": "2006-08-14 17:30:16",
        "calendarYear": "2006",
        "period": "Q2",
        "revenue": 240382,
        "costOfRevenue": 89719,
        "grossProfit": 150663,
        "grossProfitRatio": 0.6267648992,
        "researchAndDevelopmentExpenses": 44296,
        "generalAndAdministrativeExpenses": 180131,
        "sellingAndMarketingExpenses": 0,
        "sellingGeneralAndAdministrativeExpenses": 180131,
        "otherExpenses": 0,
        "operatingExpenses": 224427,
        "costAndExpenses": 314146,
        "interestIncome": 0,
        "interestExpense": 13603,
        "depreciationAndAmortization": 9194,
        "ebitda": -64570,
        "ebitdaratio": -0.2686141225,
        "operatingIncome": -73764,
        "operatingIncomeRatio": -0.3068615787,
        "totalOtherIncomeExpensesNet": 23897,
        "incomeBeforeTax": -49867,
        "incomeBeforeTaxRatio": -0.207448977,
        "incomeTaxExpense": 0,
        "netIncome": -49867,
        "netIncomeRatio": -0.207448977,
        "eps": -0.29,
        "epsdiluted": -0.29,
        "weightedAverageShsOut": 173488,
        "weightedAverageShsOutDil": 173488,
        "link": "https://www.sec.gov/Archives/edgar/data/827099/000103883806000673/0001038838-06-000673-index.htm",
        "finalLink": "https://www.sec.gov/Archives/edgar/data/827099/000103883806000673/q063006.htm"
    },
    {
        "date": "2006-03-31",
        "symbol": "CPWR",
        "reportedCurrency": "USD",
        "cik": "0000827099",
        "fillingDate": "2006-05-24",
        "acceptedDate": "2006-05-23 17:32:11",
        "calendarYear": "2006",
        "period": "Q1",
        "revenue": 31440,
        "costOfRevenue": 17290,
        "grossProfit": 14150,
        "grossProfitRatio": 0.4500636132,
        "researchAndDevelopmentExpenses": 45182,
        "generalAndAdministrativeExpenses": 161769,
        "sellingAndMarketingExpenses": 0,
        "sellingGeneralAndAdministrativeExpenses": 161769,
        "otherExpenses": 0,
        "operatingExpenses": 206951,
        "costAndExpenses": 224241,
        "interestIncome": 0,
        "interestExpense": 27997,
        "depreciationAndAmortization": 8977,
        "ebitda": -183824,
        "ebitdaratio": -5.8468193384,
        "operatingIncome": -192801,
        "operatingIncomeRatio": -6.1323473282,
        "totalOtherIncomeExpensesNet": -27997,
        "incomeBeforeTax": -580798,
        "incomeBeforeTaxRatio": -18.4732188295,
        "incomeTaxExpense": 0,
        "netIncome": -220798,
        "netIncomeRatio": -7.0228371501,
        "eps": -1.59,
        "epsdiluted": -1.59,
        "weightedAverageShsOut": 138866,
        "weightedAverageShsOutDil": 138866,
        "link": "https://www.sec.gov/Archives/edgar/data/827099/000103883806000419/0001038838-06-000419-index.htm",
        "finalLink": "https://www.sec.gov/Archives/edgar/data/827099/000103883806000419/q033106.htm"
    },
    {
        "date": "2005-12-31",
        "symbol": "CPWR",
        "reportedCurrency": "USD",
        "cik": "0000827099",
        "fillingDate": "2006-03-20",
        "acceptedDate": "2006-03-20 07:07:48",
        "calendarYear": "2005",
        "period": "Q4",
        "revenue": 0,
        "costOfRevenue": 0,
        "grossProfit": 0,
        "grossProfitRatio": 0,
        "researchAndDevelopmentExpenses": 0,
        "generalAndAdministrativeExpenses": 0,
        "sellingAndMarketingExpenses": 0,
        "sellingGeneralAndAdministrativeExpenses": 15586,
        "otherExpenses": 0,
        "operatingExpenses": 15586,
        "costAndExpenses": 15586,
        "interestIncome": 0,
        "interestExpense": 0,
        "depreciationAndAmortization": 0,
        "ebitda": -15586,
        "ebitdaratio": 0,
        "operatingIncome": -15586,
        "operatingIncomeRatio": 0,
        "totalOtherIncomeExpensesNet": 15586,
        "incomeBeforeTax": 0,
        "incomeBeforeTaxRatio": 0,
        "incomeTaxExpense": 15921,
        "netIncome": -15921,
        "netIncomeRatio": 0,
        "eps": -0.11,
        "epsdiluted": -0.11,
        "weightedAverageShsOut": 138866,
        "weightedAverageShsOutDil": 138866,
        "link": "https://www.sec.gov/Archives/edgar/data/827099/000082709906000043/0000827099-06-000043-index.htm",
        "finalLink": "https://www.sec.gov/Archives/edgar/data/827099/000082709906000043/cv10k2005.txt"
    },
    {
        "date": "2005-09-30",
        "symbol": "CPWR",
        "reportedCurrency": "USD",
        "cik": "0000827099",
        "fillingDate": "2006-02-28",
        "acceptedDate": "2006-02-28 09:22:32",
        "calendarYear": "2005",
        "period": "Q3",
        "revenue": 0,
        "costOfRevenue": 0,
        "grossProfit": 0,
        "grossProfitRatio": 0,
        "researchAndDevelopmentExpenses": 0,
        "generalAndAdministrativeExpenses": 0,
        "sellingAndMarketingExpenses": 0,
        "sellingGeneralAndAdministrativeExpenses": 0,
        "otherExpenses": 0,
        "operatingExpenses": 0,
        "costAndExpenses": 0,
        "interestIncome": 0,
        "interestExpense": 0,
        "depreciationAndAmortization": 0,
        "ebitda": 0,
        "ebitdaratio": 0,
        "operatingIncome": 0,
        "operatingIncomeRatio": 0,
        "totalOtherIncomeExpensesNet": 0,
        "incomeBeforeTax": 0,
        "incomeBeforeTaxRatio": 0,
        "incomeTaxExpense": 0,
        "netIncome": 0,
        "netIncomeRatio": 0,
        "eps": -2.31,
        "epsdiluted": -2.31,
        "weightedAverageShsOut": 138866,
        "weightedAverageShsOutDil": 138866,
        "link": "https://www.sec.gov/Archives/edgar/data/827099/000082709906000041/0000827099-06-000041-index.htm",
        "finalLink": "https://www.sec.gov/Archives/edgar/data/827099/000082709906000041/cv10qsep05.txt"
    },
    {
        "date": "2005-06-30",
        "symbol": "CPWR",
        "reportedCurrency": "USD",
        "cik": "0000827099",
        "fillingDate": "2006-02-28",
        "acceptedDate": "2006-02-28 09:21:44",
        "calendarYear": "2005",
        "period": "Q2",
        "revenue": 0,
        "costOfRevenue": 0,
        "grossProfit": 0,
        "grossProfitRatio": 0,
        "researchAndDevelopmentExpenses": 0,
        "generalAndAdministrativeExpenses": 0,
        "sellingAndMarketingExpenses": 0,
        "sellingGeneralAndAdministrativeExpenses": 0,
        "otherExpenses": 0,
        "operatingExpenses": 0,
        "costAndExpenses": 0,
        "interestIncome": 0,
        "interestExpense": 0,
        "depreciationAndAmortization": 0,
        "ebitda": 0,
        "ebitdaratio": 0,
        "operatingIncome": 0,
        "operatingIncomeRatio": 0,
        "totalOtherIncomeExpensesNet": 0,
        "incomeBeforeTax": 0,
        "incomeBeforeTaxRatio": 0,
        "incomeTaxExpense": 0,
        "netIncome": 0,
        "netIncomeRatio": 0,
        "eps": -1.15,
        "epsdiluted": -1.15,
        "weightedAverageShsOut": 17421,
        "weightedAverageShsOutDil": 17421,
        "link": "https://www.sec.gov/Archives/edgar/data/827099/000082709906000040/0000827099-06-000040-index.htm",
        "finalLink": "https://www.sec.gov/Archives/edgar/data/827099/000082709906000040/cv10qjun05.txt"
    },
    {
        "date": "2005-03-31",
        "symbol": "CPWR",
        "reportedCurrency": "USD",
        "cik": "0000827099",
        "fillingDate": "2006-02-28",
        "acceptedDate": "2006-02-28 09:23:07",
        "calendarYear": "2005",
        "period": "Q1",
        "revenue": 0,
        "costOfRevenue": 0,
        "grossProfit": 0,
        "grossProfitRatio": 0,
        "researchAndDevelopmentExpenses": 0,
        "generalAndAdministrativeExpenses": 0,
        "sellingAndMarketingExpenses": 0,
        "sellingGeneralAndAdministrativeExpenses": 150,
        "otherExpenses": 0,
        "operatingExpenses": 150,
        "costAndExpenses": 150,
        "interestIncome": 0,
        "interestExpense": 0,
        "depreciationAndAmortization": 0,
        "ebitda": -150,
        "ebitdaratio": 0,
        "operatingIncome": -150,
        "operatingIncomeRatio": 0,
        "totalOtherIncomeExpensesNet": 150,
        "incomeBeforeTax": 0,
        "incomeBeforeTaxRatio": 0,
        "incomeTaxExpense": 150,
        "netIncome": -150,
        "netIncomeRatio": 0,
        "eps": -0.0086,
        "epsdiluted": -0.0086,
        "weightedAverageShsOut": 17421,
        "weightedAverageShsOutDil": 17421,
        "link": "https://www.sec.gov/Archives/edgar/data/827099/000082709906000039/0000827099-06-000039-index.htm",
        "finalLink": "https://www.sec.gov/Archives/edgar/data/827099/000082709906000039/cv10qmar05.txt"
    },
    {
        "date": "2004-12-31",
        "symbol": "CPWR",
        "reportedCurrency": "USD",
        "cik": "0000827099",
        "fillingDate": "2006-02-28",
        "acceptedDate": "2006-02-28 09:19:53",
        "calendarYear": "2004",
        "period": "Q4",
        "revenue": 0,
        "costOfRevenue": 0,
        "grossProfit": 0,
        "grossProfitRatio": 0,
        "researchAndDevelopmentExpenses": 0,
        "generalAndAdministrativeExpenses": 0,
        "sellingAndMarketingExpenses": 0,
        "sellingGeneralAndAdministrativeExpenses": 0,
        "otherExpenses": 0,
        "operatingExpenses": 0,
        "costAndExpenses": 0,
        "interestIncome": 0,
        "interestExpense": 0,
        "depreciationAndAmortization": 0,
        "ebitda": 0,
        "ebitdaratio": 0,
        "operatingIncome": 0,
        "operatingIncomeRatio": 0,
        "totalOtherIncomeExpensesNet": 0,
        "incomeBeforeTax": 0,
        "incomeBeforeTaxRatio": 0,
        "incomeTaxExpense": 0,
        "netIncome": 0,
        "netIncomeRatio": 0,
        "eps": 0.0086,
        "epsdiluted": 0.0086,
        "weightedAverageShsOut": 17421,
        "weightedAverageShsOutDil": 17421,
        "link": "https://www.sec.gov/Archives/edgar/data/827099/000082709906000038/0000827099-06-000038-index.htm",
        "finalLink": "https://www.sec.gov/Archives/edgar/data/827099/000082709906000038/cv10k2004.txt"
    },
    {
        "date": "2004-03-31",
        "symbol": "CPWR",
        "reportedCurrency": "USD",
        "cik": "0000827099",
        "fillingDate": "2006-02-28",
        "acceptedDate": "2006-02-28 09:17:44",
        "calendarYear": "2004",
        "period": "Q1",
        "revenue": 0,
        "costOfRevenue": 0,
        "grossProfit": 0,
        "grossProfitRatio": 0,
        "researchAndDevelopmentExpenses": 0,
        "generalAndAdministrativeExpenses": 0,
        "sellingAndMarketingExpenses": 0,
        "sellingGeneralAndAdministrativeExpenses": 150,
        "otherExpenses": 0,
        "operatingExpenses": 150,
        "costAndExpenses": 150,
        "interestIncome": 0,
        "interestExpense": 0,
        "depreciationAndAmortization": 0,
        "ebitda": -150,
        "ebitdaratio": 0,
        "operatingIncome": -150,
        "operatingIncomeRatio": 0,
        "totalOtherIncomeExpensesNet": 150,
        "incomeBeforeTax": 0,
        "incomeBeforeTaxRatio": 0,
        "incomeTaxExpense": 150,
        "netIncome": -150,
        "netIncomeRatio": 0,
        "eps": -0.0086,
        "epsdiluted": -0.0086,
        "weightedAverageShsOut": 17421,
        "weightedAverageShsOutDil": 17421,
        "link": "https://www.sec.gov/Archives/edgar/data/827099/000082709906000035/0000827099-06-000035-index.htm",
        "finalLink": "https://www.sec.gov/Archives/edgar/data/827099/000082709906000035/cv10qmar04.txt"
    },
    {
        "date": "2003-12-31",
        "symbol": "CPWR",
        "reportedCurrency": "USD",
        "cik": "0000827099",
        "fillingDate": "2006-02-28",
        "acceptedDate": "2006-02-28 09:13:33",
        "calendarYear": "2003",
        "period": "Q4",
        "revenue": 0,
        "costOfRevenue": 0,
        "grossProfit": 0,
        "grossProfitRatio": 0,
        "researchAndDevelopmentExpenses": 0,
        "generalAndAdministrativeExpenses": 0,
        "sellingAndMarketingExpenses": 0,
        "sellingGeneralAndAdministrativeExpenses": 0,
        "otherExpenses": 0,
        "operatingExpenses": 0,
        "costAndExpenses": 0,
        "interestIncome": 0,
        "interestExpense": 0,
        "depreciationAndAmortization": 0,
        "ebitda": 0,
        "ebitdaratio": 0,
        "operatingIncome": 0,
        "operatingIncomeRatio": 0,
        "totalOtherIncomeExpensesNet": 0,
        "incomeBeforeTax": 0,
        "incomeBeforeTaxRatio": 0,
        "incomeTaxExpense": 0,
        "netIncome": 0,
        "netIncomeRatio": 0,
        "eps": 0.0086,
        "epsdiluted": 0.0086,
        "weightedAverageShsOut": 17421,
        "weightedAverageShsOutDil": 17421,
        "link": "https://www.sec.gov/Archives/edgar/data/827099/000082709906000034/0000827099-06-000034-index.htm",
        "finalLink": "https://www.sec.gov/Archives/edgar/data/827099/000082709906000034/cv10k2003.txt"
    },
    {
        "date": "2003-03-31",
        "symbol": "CPWR",
        "reportedCurrency": "USD",
        "cik": "0000827099",
        "fillingDate": "2006-02-28",
        "acceptedDate": "2006-02-28 09:15:11",
        "calendarYear": "2003",
        "period": "Q1",
        "revenue": 0,
        "costOfRevenue": 0,
        "grossProfit": 0,
        "grossProfitRatio": 0,
        "researchAndDevelopmentExpenses": 0,
        "generalAndAdministrativeExpenses": 0,
        "sellingAndMarketingExpenses": 0,
        "sellingGeneralAndAdministrativeExpenses": 150,
        "otherExpenses": 0,
        "operatingExpenses": 150,
        "costAndExpenses": 150,
        "interestIncome": 0,
        "interestExpense": 0,
        "depreciationAndAmortization": 0,
        "ebitda": -150,
        "ebitdaratio": 0,
        "operatingIncome": -150,
        "operatingIncomeRatio": 0,
        "totalOtherIncomeExpensesNet": 150,
        "incomeBeforeTax": 0,
        "incomeBeforeTaxRatio": 0,
        "incomeTaxExpense": 150,
        "netIncome": -150,
        "netIncomeRatio": 0,
        "eps": -0.0086,
        "epsdiluted": -0.0086,
        "weightedAverageShsOut": 17421,
        "weightedAverageShsOutDil": 17421,
        "link": "https://www.sec.gov/Archives/edgar/data/827099/000082709906000031/0000827099-06-000031-index.htm",
        "finalLink": "https://www.sec.gov/Archives/edgar/data/827099/000082709906000031/cv10qmar03.txt"
    }
]