[
    {
        "date": "2024-09-30",
        "symbol": "CTLT",
        "reportedCurrency": "USD",
        "cik": "0001596783",
        "fillingDate": "2024-11-05",
        "acceptedDate": "2024-11-05 16:01:06",
        "calendarYear": "2025",
        "period": "Q1",
        "revenue": 1023000000,
        "costOfRevenue": 842000000,
        "grossProfit": 181000000,
        "grossProfitRatio": 0.1769305963,
        "researchAndDevelopmentExpenses": 0,
        "generalAndAdministrativeExpenses": 0,
        "sellingAndMarketingExpenses": 0,
        "sellingGeneralAndAdministrativeExpenses": 252000000,
        "otherExpenses": 0,
        "operatingExpenses": 252000000,
        "costAndExpenses": 1094000000,
        "interestIncome": 0,
        "interestExpense": 60000000,
        "depreciationAndAmortization": 113000000,
        "ebitda": 56000000,
        "ebitdaratio": 0.054740958,
        "operatingIncome": -71000000,
        "operatingIncomeRatio": -0.0694037146,
        "totalOtherIncomeExpensesNet": -46000000,
        "incomeBeforeTax": -117000000,
        "incomeBeforeTaxRatio": -0.1143695015,
        "incomeTaxExpense": 12000000,
        "netIncome": -129000000,
        "netIncomeRatio": -0.1260997067,
        "eps": -0.71,
        "epsdiluted": -0.71,
        "weightedAverageShsOut": 182000000,
        "weightedAverageShsOutDil": 182000000,
        "link": "https://www.sec.gov/Archives/edgar/data/1596783/000159678324000120/0001596783-24-000120-index.htm",
        "finalLink": "https://www.sec.gov/Archives/edgar/data/1596783/000159678324000120/ctlt-20240930.htm"
    },
    {
        "date": "2024-06-30",
        "symbol": "CTLT",
        "reportedCurrency": "USD",
        "cik": "0001596783",
        "fillingDate": "2024-10-25",
        "acceptedDate": "2024-10-25 16:41:33",
        "calendarYear": "2024",
        "period": "Q4",
        "revenue": 1301000000,
        "costOfRevenue": 917000000,
        "grossProfit": 384000000,
        "grossProfitRatio": 0.2951575711,
        "researchAndDevelopmentExpenses": 5000000,
        "generalAndAdministrativeExpenses": 0,
        "sellingAndMarketingExpenses": 0,
        "sellingGeneralAndAdministrativeExpenses": 218000000,
        "otherExpenses": 1000000,
        "operatingExpenses": 224000000,
        "costAndExpenses": 1141000000,
        "interestIncome": 0,
        "interestExpense": 65000000,
        "depreciationAndAmortization": 130000000,
        "ebitda": 290000000,
        "ebitdaratio": 0.2229054573,
        "operatingIncome": 160000000,
        "operatingIncomeRatio": 0.1229823213,
        "totalOtherIncomeExpensesNet": -122000000,
        "incomeBeforeTax": 38000000,
        "incomeBeforeTaxRatio": 0.0292083013,
        "incomeTaxExpense": 15000000,
        "netIncome": 23000000,
        "netIncomeRatio": 0.0176787087,
        "eps": 0.13,
        "epsdiluted": 0.13,
        "weightedAverageShsOut": 181000000,
        "weightedAverageShsOutDil": 183000000,
        "link": "https://www.sec.gov/Archives/edgar/data/1596783/000119312524244179/0001193125-24-244179-index.htm",
        "finalLink": "https://www.sec.gov/Archives/edgar/data/1596783/000119312524244179/d843658d10ka.htm"
    },
    {
        "date": "2024-03-31",
        "symbol": "CTLT",
        "reportedCurrency": "USD",
        "cik": "0001596783",
        "fillingDate": "2024-05-08",
        "acceptedDate": "2024-05-08 16:23:50",
        "calendarYear": "2024",
        "period": "Q3",
        "revenue": 1074000000,
        "costOfRevenue": 845000000,
        "grossProfit": 229000000,
        "grossProfitRatio": 0.2132216015,
        "researchAndDevelopmentExpenses": 4000000,
        "generalAndAdministrativeExpenses": 0,
        "sellingAndMarketingExpenses": 0,
        "sellingGeneralAndAdministrativeExpenses": 214000000,
        "otherExpenses": 2000000,
        "operatingExpenses": 246000000,
        "costAndExpenses": 1091000000,
        "interestIncome": 0,
        "interestExpense": 65000000,
        "depreciationAndAmortization": 126000000,
        "ebitda": 105000000,
        "ebitdaratio": 0.0977653631,
        "operatingIncome": -17000000,
        "operatingIncomeRatio": -0.0158286778,
        "totalOtherIncomeExpensesNet": -92000000,
        "incomeBeforeTax": -86000000,
        "incomeBeforeTaxRatio": -0.0800744879,
        "incomeTaxExpense": 15000000,
        "netIncome": -101000000,
        "netIncomeRatio": -0.0940409683,
        "eps": -0.55,
        "epsdiluted": -0.55,
        "weightedAverageShsOut": 182000000,
        "weightedAverageShsOutDil": 182000000,
        "link": "https://www.sec.gov/Archives/edgar/data/1596783/000159678324000033/0001596783-24-000033-index.htm",
        "finalLink": "https://www.sec.gov/Archives/edgar/data/1596783/000159678324000033/ctlt-20240331.htm"
    },
    {
        "date": "2023-12-31",
        "symbol": "CTLT",
        "reportedCurrency": "USD",
        "cik": "0001596783",
        "fillingDate": "2024-02-14",
        "acceptedDate": "2024-02-14 14:23:55",
        "calendarYear": "2024",
        "period": "Q2",
        "revenue": 1024000000,
        "costOfRevenue": 853000000,
        "grossProfit": 171000000,
        "grossProfitRatio": 0.1669921875,
        "researchAndDevelopmentExpenses": 4000000,
        "generalAndAdministrativeExpenses": 0,
        "sellingAndMarketingExpenses": 0,
        "sellingGeneralAndAdministrativeExpenses": 180000000,
        "otherExpenses": -3000000,
        "operatingExpenses": 187000000,
        "costAndExpenses": 1040000000,
        "interestIncome": 0,
        "interestExpense": 66000000,
        "depreciationAndAmortization": 121000000,
        "ebitda": 5000000,
        "ebitdaratio": 0.0048828125,
        "operatingIncome": -16000000,
        "operatingIncomeRatio": -0.015625,
        "totalOtherIncomeExpensesNet": -100000000,
        "incomeBeforeTax": -182000000,
        "incomeBeforeTaxRatio": -0.177734375,
        "incomeTaxExpense": 24000000,
        "netIncome": -206000000,
        "netIncomeRatio": -0.201171875,
        "eps": -1.13,
        "epsdiluted": -1.13,
        "weightedAverageShsOut": 182000000,
        "weightedAverageShsOutDil": 182000000,
        "link": "https://www.sec.gov/Archives/edgar/data/1596783/000159678324000020/0001596783-24-000020-index.htm",
        "finalLink": "https://www.sec.gov/Archives/edgar/data/1596783/000159678324000020/ctlt-20231231.htm"
    },
    {
        "date": "2023-09-30",
        "symbol": "CTLT",
        "reportedCurrency": "USD",
        "cik": "0001596783",
        "fillingDate": "2023-12-08",
        "acceptedDate": "2023-12-08 17:06:39",
        "calendarYear": "2024",
        "period": "Q1",
        "revenue": 982000000,
        "costOfRevenue": 801000000,
        "grossProfit": 181000000,
        "grossProfitRatio": 0.1843177189,
        "researchAndDevelopmentExpenses": 4000000,
        "generalAndAdministrativeExpenses": 0,
        "sellingAndMarketingExpenses": 0,
        "sellingGeneralAndAdministrativeExpenses": 215000000,
        "otherExpenses": -13000000,
        "operatingExpenses": 216000000,
        "costAndExpenses": 1017000000,
        "interestIncome": 0,
        "interestExpense": 58000000,
        "depreciationAndAmortization": 112000000,
        "ebitda": -627000000,
        "ebitdaratio": -0.6384928717,
        "operatingIncome": -735000000,
        "operatingIncomeRatio": -0.7484725051,
        "totalOtherIncomeExpensesNet": -71000000,
        "incomeBeforeTax": -806000000,
        "incomeBeforeTaxRatio": -0.8207739308,
        "incomeTaxExpense": -91000000,
        "netIncome": -715000000,
        "netIncomeRatio": -0.7281059063,
        "eps": -3.95,
        "epsdiluted": -3.95,
        "weightedAverageShsOut": 181000000,
        "weightedAverageShsOutDil": 181000000,
        "link": "https://www.sec.gov/Archives/edgar/data/1596783/000159678323000186/0001596783-23-000186-index.htm",
        "finalLink": "https://www.sec.gov/Archives/edgar/data/1596783/000159678323000186/ctlt-20230930.htm"
    },
    {
        "date": "2023-06-30",
        "symbol": "CTLT",
        "reportedCurrency": "USD",
        "cik": "0001596783",
        "fillingDate": "2023-12-08",
        "acceptedDate": "2023-12-08 17:05:20",
        "calendarYear": "2023",
        "period": "Q4",
        "revenue": 1068000000,
        "costOfRevenue": 833000000,
        "grossProfit": 235000000,
        "grossProfitRatio": 0.2200374532,
        "researchAndDevelopmentExpenses": 5000000,
        "generalAndAdministrativeExpenses": 0,
        "sellingAndMarketingExpenses": 0,
        "sellingGeneralAndAdministrativeExpenses": 219000000,
        "otherExpenses": 4000000,
        "operatingExpenses": 335000000,
        "costAndExpenses": 1168000000,
        "interestIncome": 0,
        "interestExpense": 56000000,
        "depreciationAndAmortization": 114000000,
        "ebitda": 18000000,
        "ebitdaratio": 0.0168539326,
        "operatingIncome": -100000000,
        "operatingIncomeRatio": -0.0936329588,
        "totalOtherIncomeExpensesNet": -149000000,
        "incomeBeforeTax": -150000000,
        "incomeBeforeTaxRatio": -0.1404494382,
        "incomeTaxExpense": -64000000,
        "netIncome": -86000000,
        "netIncomeRatio": -0.0805243446,
        "eps": -0.48,
        "epsdiluted": -0.48,
        "weightedAverageShsOut": 181000000,
        "weightedAverageShsOutDil": 181000000,
        "link": "https://www.sec.gov/Archives/edgar/data/1596783/000159678323000185/0001596783-23-000185-index.htm",
        "finalLink": "https://www.sec.gov/Archives/edgar/data/1596783/000159678323000185/ctlt-20230630.htm"
    },
    {
        "date": "2023-03-31",
        "symbol": "CTLT",
        "reportedCurrency": "USD",
        "cik": "0001596783",
        "fillingDate": "2023-06-12",
        "acceptedDate": "2023-06-12 16:08:27",
        "calendarYear": "2023",
        "period": "Q3",
        "revenue": 1037000000,
        "costOfRevenue": 857000000,
        "grossProfit": 180000000,
        "grossProfitRatio": 0.1735776278,
        "researchAndDevelopmentExpenses": 4000000,
        "generalAndAdministrativeExpenses": 0,
        "sellingAndMarketingExpenses": 0,
        "sellingGeneralAndAdministrativeExpenses": 190000000,
        "otherExpenses": 15000000,
        "operatingExpenses": 205000000,
        "costAndExpenses": 1062000000,
        "interestIncome": 0,
        "interestExpense": 51000000,
        "depreciationAndAmortization": 106000000,
        "ebitda": -125000000,
        "ebitdaratio": -0.1205400193,
        "operatingIncome": -25000000,
        "operatingIncomeRatio": -0.0241080039,
        "totalOtherIncomeExpensesNet": -47000000,
        "incomeBeforeTax": -282000000,
        "incomeBeforeTaxRatio": -0.2719382835,
        "incomeTaxExpense": -55000000,
        "netIncome": -227000000,
        "netIncomeRatio": -0.218900675,
        "eps": -1.25,
        "epsdiluted": -1.25,
        "weightedAverageShsOut": 181000000,
        "weightedAverageShsOutDil": 181000000,
        "link": "https://www.sec.gov/Archives/edgar/data/1596783/000159678323000038/0001596783-23-000038-index.htm",
        "finalLink": "https://www.sec.gov/Archives/edgar/data/1596783/000159678323000038/ctlt-20230331.htm"
    },
    {
        "date": "2022-12-31",
        "symbol": "CTLT",
        "reportedCurrency": "USD",
        "cik": "0001596783",
        "fillingDate": "2023-02-07",
        "acceptedDate": "2023-02-07 09:26:06",
        "calendarYear": "2023",
        "period": "Q2",
        "revenue": 1149000000,
        "costOfRevenue": 762000000,
        "grossProfit": 387000000,
        "grossProfitRatio": 0.3368146214,
        "researchAndDevelopmentExpenses": 4000000,
        "generalAndAdministrativeExpenses": 0,
        "sellingAndMarketingExpenses": 0,
        "sellingGeneralAndAdministrativeExpenses": 226000000,
        "otherExpenses": 23000000,
        "operatingExpenses": 249000000,
        "costAndExpenses": 1011000000,
        "interestIncome": 0,
        "interestExpense": 47000000,
        "depreciationAndAmortization": 103000000,
        "ebitda": 264000000,
        "ebitdaratio": 0.2297650131,
        "operatingIncome": 138000000,
        "operatingIncomeRatio": 0.1201044386,
        "totalOtherIncomeExpensesNet": -24000000,
        "incomeBeforeTax": 114000000,
        "incomeBeforeTaxRatio": 0.0992167102,
        "incomeTaxExpense": 33000000,
        "netIncome": 81000000,
        "netIncomeRatio": 0.0704960836,
        "eps": 0.45,
        "epsdiluted": 0.45,
        "weightedAverageShsOut": 181000000,
        "weightedAverageShsOutDil": 181000000,
        "link": "https://www.sec.gov/Archives/edgar/data/1596783/000159678323000017/0001596783-23-000017-index.htm",
        "finalLink": "https://www.sec.gov/Archives/edgar/data/1596783/000159678323000017/ctlt-20221231.htm"
    },
    {
        "date": "2022-09-30",
        "symbol": "CTLT",
        "reportedCurrency": "USD",
        "cik": "0001596783",
        "fillingDate": "2022-11-01",
        "acceptedDate": "2022-11-01 09:16:12",
        "calendarYear": "2023",
        "period": "Q1",
        "revenue": 1022000000,
        "costOfRevenue": 764000000,
        "grossProfit": 258000000,
        "grossProfitRatio": 0.252446184,
        "researchAndDevelopmentExpenses": 5000000,
        "generalAndAdministrativeExpenses": 0,
        "sellingAndMarketingExpenses": 0,
        "sellingGeneralAndAdministrativeExpenses": 196000000,
        "otherExpenses": 2000000,
        "operatingExpenses": 198000000,
        "costAndExpenses": 962000000,
        "interestIncome": 0,
        "interestExpense": 32000000,
        "depreciationAndAmortization": 99000000,
        "ebitda": 134000000,
        "ebitdaratio": 0.1311154599,
        "operatingIncome": 60000000,
        "operatingIncomeRatio": 0.0587084149,
        "totalOtherIncomeExpensesNet": -57000000,
        "incomeBeforeTax": 3000000,
        "incomeBeforeTaxRatio": 0.0029354207,
        "incomeTaxExpense": 3000000,
        "netIncome": 0,
        "netIncomeRatio": 0,
        "eps": 0,
        "epsdiluted": 0,
        "weightedAverageShsOut": 180000000,
        "weightedAverageShsOutDil": 181000000,
        "link": "https://www.sec.gov/Archives/edgar/data/1596783/000159678322000185/0001596783-22-000185-index.htm",
        "finalLink": "https://www.sec.gov/Archives/edgar/data/1596783/000159678322000185/ctlt-20220930.htm"
    },
    {
        "date": "2022-06-30",
        "symbol": "CTLT",
        "reportedCurrency": "USD",
        "cik": "0001596783",
        "fillingDate": "2022-08-29",
        "acceptedDate": "2022-08-29 09:21:25",
        "calendarYear": "2022",
        "period": "Q4",
        "revenue": 1313000000,
        "costOfRevenue": 825000000,
        "grossProfit": 488000000,
        "grossProfitRatio": 0.371667936,
        "researchAndDevelopmentExpenses": 5000000,
        "generalAndAdministrativeExpenses": 0,
        "sellingAndMarketingExpenses": 0,
        "sellingGeneralAndAdministrativeExpenses": 226000000,
        "otherExpenses": 2000000,
        "operatingExpenses": 242000000,
        "costAndExpenses": 1067000000,
        "interestIncome": 0,
        "interestExpense": 32000000,
        "depreciationAndAmortization": 100000000,
        "ebitda": 343000000,
        "ebitdaratio": 0.2612338157,
        "operatingIncome": 246000000,
        "operatingIncomeRatio": 0.1873571973,
        "totalOtherIncomeExpensesNet": -35000000,
        "incomeBeforeTax": 211000000,
        "incomeBeforeTaxRatio": 0.1607006855,
        "incomeTaxExpense": 23000000,
        "netIncome": 187000000,
        "netIncomeRatio": 0.1424219345,
        "eps": 1.04,
        "epsdiluted": 1.04,
        "weightedAverageShsOut": 180000000,
        "weightedAverageShsOutDil": 181000000,
        "link": "https://www.sec.gov/Archives/edgar/data/1596783/000159678322000129/0001596783-22-000129-index.htm",
        "finalLink": "https://www.sec.gov/Archives/edgar/data/1596783/000159678322000129/ctlt-20220630.htm"
    },
    {
        "date": "2022-03-31",
        "symbol": "CTLT",
        "reportedCurrency": "USD",
        "cik": "0001596783",
        "fillingDate": "2022-05-03",
        "acceptedDate": "2022-05-03 09:08:11",
        "calendarYear": "2022",
        "period": "Q3",
        "revenue": 1273000000,
        "costOfRevenue": 850000000,
        "grossProfit": 423000000,
        "grossProfitRatio": 0.3322859387,
        "researchAndDevelopmentExpenses": 6000000,
        "generalAndAdministrativeExpenses": 0,
        "sellingAndMarketingExpenses": 0,
        "sellingGeneralAndAdministrativeExpenses": 207000000,
        "otherExpenses": 0,
        "operatingExpenses": 212000000,
        "costAndExpenses": 1062000000,
        "interestIncome": 0,
        "interestExpense": 33000000,
        "depreciationAndAmortization": 99000000,
        "ebitda": 312000000,
        "ebitdaratio": 0.2450903378,
        "operatingIncome": 211000000,
        "operatingIncomeRatio": 0.1657501964,
        "totalOtherIncomeExpensesNet": -35000000,
        "incomeBeforeTax": 176000000,
        "incomeBeforeTaxRatio": 0.138256088,
        "incomeTaxExpense": 35000000,
        "netIncome": 141000000,
        "netIncomeRatio": 0.1107619796,
        "eps": 0.78,
        "epsdiluted": 0.78,
        "weightedAverageShsOut": 180000000,
        "weightedAverageShsOutDil": 181000000,
        "link": "https://www.sec.gov/Archives/edgar/data/1596783/000159678322000039/0001596783-22-000039-index.htm",
        "finalLink": "https://www.sec.gov/Archives/edgar/data/1596783/000159678322000039/ctlt-20220331.htm"
    },
    {
        "date": "2021-12-31",
        "symbol": "CTLT",
        "reportedCurrency": "USD",
        "cik": "0001596783",
        "fillingDate": "2022-02-01",
        "acceptedDate": "2022-02-01 09:17:47",
        "calendarYear": "2022",
        "period": "Q2",
        "revenue": 1217000000,
        "costOfRevenue": 812000000,
        "grossProfit": 405000000,
        "grossProfitRatio": 0.3327855382,
        "researchAndDevelopmentExpenses": 6000000,
        "generalAndAdministrativeExpenses": 0,
        "sellingAndMarketingExpenses": 0,
        "sellingGeneralAndAdministrativeExpenses": 228000000,
        "otherExpenses": 1000000,
        "operatingExpenses": 244000000,
        "costAndExpenses": 1056000000,
        "interestIncome": 0,
        "interestExpense": 32000000,
        "depreciationAndAmortization": 98000000,
        "ebitda": 245000000,
        "ebitdaratio": 0.2013147083,
        "operatingIncome": 161000000,
        "operatingIncomeRatio": 0.1322925226,
        "totalOtherIncomeExpensesNet": -46000000,
        "incomeBeforeTax": 115000000,
        "incomeBeforeTaxRatio": 0.094494659,
        "incomeTaxExpense": 18000000,
        "netIncome": 93000000,
        "netIncomeRatio": 0.0764174199,
        "eps": 0.53,
        "epsdiluted": 0.52,
        "weightedAverageShsOut": 175471698,
        "weightedAverageShsOutDil": 178846154,
        "link": "https://www.sec.gov/Archives/edgar/data/1596783/000159678322000027/0001596783-22-000027-index.htm",
        "finalLink": "https://www.sec.gov/Archives/edgar/data/1596783/000159678322000027/ctlt-20211231.htm"
    },
    {
        "date": "2021-09-30",
        "symbol": "CTLT",
        "reportedCurrency": "USD",
        "cik": "0001596783",
        "fillingDate": "2021-11-02",
        "acceptedDate": "2021-11-02 09:11:25",
        "calendarYear": "2022",
        "period": "Q1",
        "revenue": 1025000000,
        "costOfRevenue": 701000000,
        "grossProfit": 324000000,
        "grossProfitRatio": 0.316097561,
        "researchAndDevelopmentExpenses": 6000000,
        "generalAndAdministrativeExpenses": 0,
        "sellingAndMarketingExpenses": 0,
        "sellingGeneralAndAdministrativeExpenses": 183000000,
        "otherExpenses": 4000000,
        "operatingExpenses": 187000000,
        "costAndExpenses": 888000000,
        "interestIncome": 26000000,
        "interestExpense": 0,
        "depreciationAndAmortization": 81000000,
        "ebitda": 214000000,
        "ebitdaratio": 0.2087804878,
        "operatingIncome": 138000000,
        "operatingIncomeRatio": 0.1346341463,
        "totalOtherIncomeExpensesNet": -35000000,
        "incomeBeforeTax": 103000000,
        "incomeBeforeTaxRatio": 0.1004878049,
        "incomeTaxExpense": 10000000,
        "netIncome": 84000000,
        "netIncomeRatio": 0.0819512195,
        "eps": 0.49,
        "epsdiluted": 0.49,
        "weightedAverageShsOut": 171000000,
        "weightedAverageShsOutDil": 172000000,
        "link": "https://www.sec.gov/Archives/edgar/data/1596783/000159678321000183/0001596783-21-000183-index.htm",
        "finalLink": "https://www.sec.gov/Archives/edgar/data/1596783/000159678321000183/ctlt-20210930.htm"
    },
    {
        "date": "2021-06-30",
        "symbol": "CTLT",
        "reportedCurrency": "USD",
        "cik": "0001596783",
        "fillingDate": "2021-08-30",
        "acceptedDate": "2021-08-30 09:26:48",
        "calendarYear": "2021",
        "period": "Q4",
        "revenue": 1188000000,
        "costOfRevenue": 749000000,
        "grossProfit": 439000000,
        "grossProfitRatio": 0.3695286195,
        "researchAndDevelopmentExpenses": 6000000,
        "generalAndAdministrativeExpenses": 0,
        "sellingAndMarketingExpenses": 0,
        "sellingGeneralAndAdministrativeExpenses": 184000000,
        "otherExpenses": 2000000,
        "operatingExpenses": 186000000,
        "costAndExpenses": 935000000,
        "interestIncome": 0,
        "interestExpense": 32000000,
        "depreciationAndAmortization": 73000000,
        "ebitda": 326000000,
        "ebitdaratio": 0.2744107744,
        "operatingIncome": 251000000,
        "operatingIncomeRatio": 0.2112794613,
        "totalOtherIncomeExpensesNet": -30300000,
        "incomeBeforeTax": 221000000,
        "incomeBeforeTaxRatio": 0.186026936,
        "incomeTaxExpense": 39000000,
        "netIncome": 168900000,
        "netIncomeRatio": 0.1421717172,
        "eps": 0.98,
        "epsdiluted": 0.97,
        "weightedAverageShsOut": 171000000,
        "weightedAverageShsOutDil": 172000000,
        "link": "https://www.sec.gov/Archives/edgar/data/1596783/000159678321000110/0001596783-21-000110-index.htm",
        "finalLink": "https://www.sec.gov/Archives/edgar/data/1596783/000159678321000110/ctlt-20210630.htm"
    },
    {
        "date": "2021-03-31",
        "symbol": "CTLT",
        "reportedCurrency": "USD",
        "cik": "0001596783",
        "fillingDate": "2021-05-04",
        "acceptedDate": "2021-05-04 09:03:24",
        "calendarYear": "2021",
        "period": "Q3",
        "revenue": 1053300000,
        "costOfRevenue": 687700000,
        "grossProfit": 365600000,
        "grossProfitRatio": 0.3470995918,
        "researchAndDevelopmentExpenses": 3400000,
        "generalAndAdministrativeExpenses": 0,
        "sellingAndMarketingExpenses": 0,
        "sellingGeneralAndAdministrativeExpenses": 172700000,
        "otherExpenses": -500000,
        "operatingExpenses": 172700000,
        "costAndExpenses": 860400000,
        "interestIncome": 27000000,
        "interestExpense": 0,
        "depreciationAndAmortization": 75900000,
        "ebitda": 419900000,
        "ebitdaratio": 0.3986518561,
        "operatingIncome": 368600000,
        "operatingIncomeRatio": 0.3499477832,
        "totalOtherIncomeExpensesNet": -51500000,
        "incomeBeforeTax": 317100000,
        "incomeBeforeTaxRatio": 0.3010538308,
        "incomeTaxExpense": 85300000,
        "netIncome": 217000000,
        "netIncomeRatio": 0.2060191778,
        "eps": 1.27,
        "epsdiluted": 1.26,
        "weightedAverageShsOut": 170000000,
        "weightedAverageShsOutDil": 172000000,
        "link": "https://www.sec.gov/Archives/edgar/data/1596783/000159678321000061/0001596783-21-000061-index.htm",
        "finalLink": "https://www.sec.gov/Archives/edgar/data/1596783/000159678321000061/ctlt-20210331.htm"
    },
    {
        "date": "2020-12-31",
        "symbol": "CTLT",
        "reportedCurrency": "USD",
        "cik": "0001596783",
        "fillingDate": "2021-02-02",
        "acceptedDate": "2021-02-02 08:15:11",
        "calendarYear": "2021",
        "period": "Q2",
        "revenue": 910800000,
        "costOfRevenue": 612600000,
        "grossProfit": 298200000,
        "grossProfitRatio": 0.3274044796,
        "researchAndDevelopmentExpenses": 6000000,
        "generalAndAdministrativeExpenses": 0,
        "sellingAndMarketingExpenses": 0,
        "sellingGeneralAndAdministrativeExpenses": 165500000,
        "otherExpenses": 8100000,
        "operatingExpenses": 165500000,
        "costAndExpenses": 778100000,
        "interestIncome": 25000000,
        "interestExpense": 0,
        "depreciationAndAmortization": 71000000,
        "ebitda": 205900000,
        "ebitdaratio": 0.2260649978,
        "operatingIncome": 126600000,
        "operatingIncomeRatio": 0.1389986825,
        "totalOtherIncomeExpensesNet": -23000000,
        "incomeBeforeTax": 109000000,
        "incomeBeforeTaxRatio": 0.119675011,
        "incomeTaxExpense": 20600000,
        "netIncome": 77000000,
        "netIncomeRatio": 0.0845410628,
        "eps": 0.46,
        "epsdiluted": 0.45,
        "weightedAverageShsOut": 167000000,
        "weightedAverageShsOutDil": 169000000,
        "link": "https://www.sec.gov/Archives/edgar/data/1596783/000159678321000038/0001596783-21-000038-index.htm",
        "finalLink": "https://www.sec.gov/Archives/edgar/data/1596783/000159678321000038/ctlt-20201231.htm"
    },
    {
        "date": "2020-09-30",
        "symbol": "CTLT",
        "reportedCurrency": "USD",
        "cik": "0001596783",
        "fillingDate": "2020-11-03",
        "acceptedDate": "2020-11-03 08:10:27",
        "calendarYear": "2021",
        "period": "Q1",
        "revenue": 845700000,
        "costOfRevenue": 596800000,
        "grossProfit": 248900000,
        "grossProfitRatio": 0.2943124039,
        "researchAndDevelopmentExpenses": 6000000,
        "generalAndAdministrativeExpenses": 0,
        "sellingAndMarketingExpenses": 0,
        "sellingGeneralAndAdministrativeExpenses": 164700000,
        "otherExpenses": 10600000,
        "operatingExpenses": 164700000,
        "costAndExpenses": 761500000,
        "interestIncome": 26000000,
        "interestExpense": 0,
        "depreciationAndAmortization": 69000000,
        "ebitda": 162000000,
        "ebitdaratio": 0.1915572898,
        "operatingIncome": 81500000,
        "operatingIncomeRatio": 0.0963698711,
        "totalOtherIncomeExpensesNet": -14600000,
        "incomeBeforeTax": 67400000,
        "incomeBeforeTaxRatio": 0.0796972922,
        "incomeTaxExpense": -15000000,
        "netIncome": 69000000,
        "netIncomeRatio": 0.081589216,
        "eps": 0.42,
        "epsdiluted": 0.41,
        "weightedAverageShsOut": 164000000,
        "weightedAverageShsOutDil": 166000000,
        "link": "https://www.sec.gov/Archives/edgar/data/1596783/000159678320000224/0001596783-20-000224-index.htm",
        "finalLink": "https://www.sec.gov/Archives/edgar/data/1596783/000159678320000224/ctlt-20200930.htm"
    },
    {
        "date": "2020-06-30",
        "symbol": "CTLT",
        "reportedCurrency": "USD",
        "cik": "0001596783",
        "fillingDate": "2020-08-31",
        "acceptedDate": "2020-08-31 16:28:27",
        "calendarYear": "2020",
        "period": "Q4",
        "revenue": 947600000,
        "costOfRevenue": 613000000,
        "grossProfit": 334600000,
        "grossProfitRatio": 0.3531025749,
        "researchAndDevelopmentExpenses": 5600000,
        "generalAndAdministrativeExpenses": 419900000,
        "sellingAndMarketingExpenses": -261900000,
        "sellingGeneralAndAdministrativeExpenses": 158000000,
        "otherExpenses": 29300000,
        "operatingExpenses": 158000000,
        "costAndExpenses": 771000000,
        "interestIncome": 16100000,
        "interestExpense": 20500000,
        "depreciationAndAmortization": 66400000,
        "ebitda": 265900000,
        "ebitdaratio": 0.2806036302,
        "operatingIncome": 170200000,
        "operatingIncomeRatio": 0.1796116505,
        "totalOtherIncomeExpensesNet": 8800000,
        "incomeBeforeTax": 179000000,
        "incomeBeforeTaxRatio": 0.1888982693,
        "incomeTaxExpense": 24800000,
        "netIncome": 134300000,
        "netIncomeRatio": 0.1417264669,
        "eps": 0.86,
        "epsdiluted": 0.85,
        "weightedAverageShsOut": 156300000,
        "weightedAverageShsOutDil": 158600000,
        "link": "https://www.sec.gov/Archives/edgar/data/1596783/000159678320000155/0001596783-20-000155-index.htm",
        "finalLink": "https://www.sec.gov/Archives/edgar/data/1596783/000159678320000155/ctlt-20200630.htm"
    },
    {
        "date": "2020-03-31",
        "symbol": "CTLT",
        "reportedCurrency": "USD",
        "cik": "0001596783",
        "fillingDate": "2020-05-05",
        "acceptedDate": "2020-05-05 08:31:34",
        "calendarYear": "2020",
        "period": "Q3",
        "revenue": 760600000,
        "costOfRevenue": 521800000,
        "grossProfit": 238800000,
        "grossProfitRatio": 0.3139626611,
        "researchAndDevelopmentExpenses": 5900000,
        "generalAndAdministrativeExpenses": 136100000,
        "sellingAndMarketingExpenses": 0,
        "sellingGeneralAndAdministrativeExpenses": 136100000,
        "otherExpenses": -26000000,
        "operatingExpenses": 136100000,
        "costAndExpenses": 657900000,
        "interestIncome": 0,
        "interestExpense": 34400000,
        "depreciationAndAmortization": 64800000,
        "ebitda": 128900000,
        "ebitdaratio": 0.1694714699,
        "operatingIncome": 100800000,
        "operatingIncomeRatio": 0.1325269524,
        "totalOtherIncomeExpensesNet": -71100000,
        "incomeBeforeTax": 29700000,
        "incomeBeforeTaxRatio": 0.0390481199,
        "incomeTaxExpense": 8800000,
        "netIncome": 20900000,
        "netIncomeRatio": 0.0274783066,
        "eps": 0.14,
        "epsdiluted": 0.14,
        "weightedAverageShsOut": 151300000,
        "weightedAverageShsOutDil": 153100000,
        "link": "https://www.sec.gov/Archives/edgar/data/1596783/000159678320000056/0001596783-20-000056-index.htm",
        "finalLink": "https://www.sec.gov/Archives/edgar/data/1596783/000159678320000056/ctlt-20200331.htm"
    },
    {
        "date": "2019-12-31",
        "symbol": "CTLT",
        "reportedCurrency": "USD",
        "cik": "0001596783",
        "fillingDate": "2020-02-03",
        "acceptedDate": "2020-02-03 08:33:04",
        "calendarYear": "2020",
        "period": "Q2",
        "revenue": 721400000,
        "costOfRevenue": 489200000,
        "grossProfit": 232200000,
        "grossProfitRatio": 0.3218741336,
        "researchAndDevelopmentExpenses": 4900000,
        "generalAndAdministrativeExpenses": 141000000,
        "sellingAndMarketingExpenses": 0,
        "sellingGeneralAndAdministrativeExpenses": 141000000,
        "otherExpenses": 11100000,
        "operatingExpenses": 141000000,
        "costAndExpenses": 630200000,
        "interestIncome": 0,
        "interestExpense": 34900000,
        "depreciationAndAmortization": 61900000,
        "ebitda": 155300000,
        "ebitdaratio": 0.2152758525,
        "operatingIncome": 89000000,
        "operatingIncomeRatio": 0.1233712226,
        "totalOtherIncomeExpensesNet": -30500000,
        "incomeBeforeTax": 58500000,
        "incomeBeforeTaxRatio": 0.0810923205,
        "incomeTaxExpense": 13000000,
        "netIncome": 34300000,
        "netIncomeRatio": 0.0475464375,
        "eps": 0.23,
        "epsdiluted": 0.23,
        "weightedAverageShsOut": 146068025,
        "weightedAverageShsOutDil": 147690921,
        "link": "https://www.sec.gov/Archives/edgar/data/1596783/000159678320000017/0001596783-20-000017-index.htm",
        "finalLink": "https://www.sec.gov/Archives/edgar/data/1596783/000159678320000017/ctlt-20191231.htm"
    },
    {
        "date": "2019-09-30",
        "symbol": "CTLT",
        "reportedCurrency": "USD",
        "cik": "0001596783",
        "fillingDate": "2019-11-05",
        "acceptedDate": "2019-11-05 08:38:39",
        "calendarYear": "2020",
        "period": "Q1",
        "revenue": 664700000,
        "costOfRevenue": 487000000,
        "grossProfit": 177700000,
        "grossProfitRatio": 0.267338649,
        "researchAndDevelopmentExpenses": 4600000,
        "generalAndAdministrativeExpenses": 142800000,
        "sellingAndMarketingExpenses": 0,
        "sellingGeneralAndAdministrativeExpenses": 142800000,
        "otherExpenses": -7900000,
        "operatingExpenses": 142800000,
        "costAndExpenses": 629800000,
        "interestIncome": 0,
        "interestExpense": 36300000,
        "depreciationAndAmortization": 60600000,
        "ebitda": 90100000,
        "ebitdaratio": 0.1355498721,
        "operatingIncome": 34400000,
        "operatingIncomeRatio": 0.0517526704,
        "totalOtherIncomeExpensesNet": -41200000,
        "incomeBeforeTax": -6800000,
        "incomeBeforeTaxRatio": -0.010230179,
        "incomeTaxExpense": -6900000,
        "netIncome": 100000,
        "netIncomeRatio": 0.0001504438,
        "eps": 0.0007,
        "epsdiluted": 0.0007,
        "weightedAverageShsOut": 145663115,
        "weightedAverageShsOutDil": 145663115,
        "link": "https://www.sec.gov/Archives/edgar/data/1596783/000159678319000205/0001596783-19-000205-index.htm",
        "finalLink": "https://www.sec.gov/Archives/edgar/data/1596783/000159678319000205/ctlt-20190930.htm"
    },
    {
        "date": "2019-06-30",
        "symbol": "CTLT",
        "reportedCurrency": "USD",
        "cik": "0001596783",
        "fillingDate": "2019-08-27",
        "acceptedDate": "2019-08-27 17:24:00",
        "calendarYear": "2019",
        "period": "Q4",
        "revenue": 725700000,
        "costOfRevenue": 469200000,
        "grossProfit": 256500000,
        "grossProfitRatio": 0.3534518396,
        "researchAndDevelopmentExpenses": 14700000,
        "generalAndAdministrativeExpenses": 143400000,
        "sellingAndMarketingExpenses": 0,
        "sellingGeneralAndAdministrativeExpenses": 143400000,
        "otherExpenses": 1200000,
        "operatingExpenses": 143400000,
        "costAndExpenses": 612600000,
        "interestIncome": 0,
        "interestExpense": 30900000,
        "depreciationAndAmortization": 54700000,
        "ebitda": 165400000,
        "ebitdaratio": 0.2279178724,
        "operatingIncome": 109500000,
        "operatingIncomeRatio": 0.150888797,
        "totalOtherIncomeExpensesNet": -29700000,
        "incomeBeforeTax": 79800000,
        "incomeBeforeTaxRatio": 0.1099627945,
        "incomeTaxExpense": 8700000,
        "netIncome": 65700000,
        "netIncomeRatio": 0.0905332782,
        "eps": 0.45,
        "epsdiluted": 0.44,
        "weightedAverageShsOut": 145300000,
        "weightedAverageShsOutDil": 147200000,
        "link": "https://www.sec.gov/Archives/edgar/data/1596783/000159678319000183/0001596783-19-000183-index.htm",
        "finalLink": "https://www.sec.gov/Archives/edgar/data/1596783/000159678319000183/ctlt-20190630.htm"
    },
    {
        "date": "2019-03-31",
        "symbol": "CTLT",
        "reportedCurrency": "USD",
        "cik": "0001596783",
        "fillingDate": "2019-05-07",
        "acceptedDate": "2019-05-07 10:56:16",
        "calendarYear": "2019",
        "period": "Q3",
        "revenue": 617500000,
        "costOfRevenue": 418800000,
        "grossProfit": 198700000,
        "grossProfitRatio": 0.3217813765,
        "researchAndDevelopmentExpenses": 12700000,
        "generalAndAdministrativeExpenses": 129900000,
        "sellingAndMarketingExpenses": 0,
        "sellingGeneralAndAdministrativeExpenses": 129900000,
        "otherExpenses": 0,
        "operatingExpenses": 129900000,
        "costAndExpenses": 548700000,
        "interestIncome": 0,
        "interestExpense": 26400000,
        "depreciationAndAmortization": 66400000,
        "ebitda": 135400000,
        "ebitdaratio": 0.2192712551,
        "operatingIncome": 65800000,
        "operatingIncomeRatio": 0.1065587045,
        "totalOtherIncomeExpensesNet": -23200000,
        "incomeBeforeTax": 42600000,
        "incomeBeforeTaxRatio": 0.0689878543,
        "incomeTaxExpense": 10900000,
        "netIncome": 31700000,
        "netIncomeRatio": 0.0513360324,
        "eps": 0.22,
        "epsdiluted": 0.22,
        "weightedAverageShsOut": 145145310,
        "weightedAverageShsOutDil": 146758271,
        "link": "https://www.sec.gov/Archives/edgar/data/1596783/000159678319000040/0001596783-19-000040-index.htm",
        "finalLink": "https://www.sec.gov/Archives/edgar/data/1596783/000159678319000040/ctlt-20190331.htm"
    },
    {
        "date": "2018-12-31",
        "symbol": "CTLT",
        "reportedCurrency": "USD",
        "cik": "0001596783",
        "fillingDate": "2019-02-05",
        "acceptedDate": "2019-02-05 10:10:53",
        "calendarYear": "2019",
        "period": "Q2",
        "revenue": 623000000,
        "costOfRevenue": 421600000,
        "grossProfit": 201400000,
        "grossProfitRatio": 0.3232744783,
        "researchAndDevelopmentExpenses": 15300000,
        "generalAndAdministrativeExpenses": 123200000,
        "sellingAndMarketingExpenses": 0,
        "sellingGeneralAndAdministrativeExpenses": 123200000,
        "otherExpenses": -700000,
        "operatingExpenses": 123200000,
        "costAndExpenses": 544800000,
        "interestIncome": 0,
        "interestExpense": 25500000,
        "depreciationAndAmortization": 54600000,
        "ebitda": 131400000,
        "ebitdaratio": 0.2109149278,
        "operatingIncome": 78200000,
        "operatingIncomeRatio": 0.1255216693,
        "totalOtherIncomeExpensesNet": -26900000,
        "incomeBeforeTax": 51300000,
        "incomeBeforeTaxRatio": 0.0823434992,
        "incomeTaxExpense": 2300000,
        "netIncome": 49000000,
        "netIncomeRatio": 0.0786516854,
        "eps": 0.34,
        "epsdiluted": 0.33,
        "weightedAverageShsOut": 145058230,
        "weightedAverageShsOutDil": 146660339,
        "link": "https://www.sec.gov/Archives/edgar/data/1596783/000159678319000011/0001596783-19-000011-index.htm",
        "finalLink": "https://www.sec.gov/Archives/edgar/data/1596783/000159678319000011/ctlt-20181231.htm"
    },
    {
        "date": "2018-09-30",
        "symbol": "CTLT",
        "reportedCurrency": "USD",
        "cik": "0001596783",
        "fillingDate": "2018-11-06",
        "acceptedDate": "2018-11-06 09:09:53",
        "calendarYear": "2019",
        "period": "Q1",
        "revenue": 551800000,
        "costOfRevenue": 403300000,
        "grossProfit": 148500000,
        "grossProfitRatio": 0.2691192461,
        "researchAndDevelopmentExpenses": 11800000,
        "generalAndAdministrativeExpenses": 115500000,
        "sellingAndMarketingExpenses": 0,
        "sellingGeneralAndAdministrativeExpenses": 115500000,
        "otherExpenses": 200000,
        "operatingExpenses": 115500000,
        "costAndExpenses": 518800000,
        "interestIncome": 0,
        "interestExpense": 28100000,
        "depreciationAndAmortization": 52900000,
        "ebitda": 67600000,
        "ebitdaratio": 0.1225081551,
        "operatingIncome": 20400000,
        "operatingIncomeRatio": 0.0369699166,
        "totalOtherIncomeExpensesNet": -33800000,
        "incomeBeforeTax": -13400000,
        "incomeBeforeTaxRatio": -0.0242841609,
        "incomeTaxExpense": 1000000,
        "netIncome": -14400000,
        "netIncomeRatio": -0.0260964117,
        "eps": -0.1,
        "epsdiluted": -0.1,
        "weightedAverageShsOut": 142149315,
        "weightedAverageShsOutDil": 142149315,
        "link": "https://www.sec.gov/Archives/edgar/data/1596783/000159678318000164/0001596783-18-000164-index.htm",
        "finalLink": "https://www.sec.gov/Archives/edgar/data/1596783/000159678318000164/a10-qfy19xq1.htm"
    },
    {
        "date": "2018-06-30",
        "symbol": "CTLT",
        "reportedCurrency": "USD",
        "cik": "0001596783",
        "fillingDate": "2018-08-28",
        "acceptedDate": "2018-08-28 09:11:45",
        "calendarYear": "2018",
        "period": "Q4",
        "revenue": 685300000,
        "costOfRevenue": 451900000,
        "grossProfit": 233400000,
        "grossProfitRatio": 0.3405807675,
        "researchAndDevelopmentExpenses": 13800000,
        "generalAndAdministrativeExpenses": 124300000,
        "sellingAndMarketingExpenses": 0,
        "sellingGeneralAndAdministrativeExpenses": 124300000,
        "otherExpenses": 22100000,
        "operatingExpenses": 124300000,
        "costAndExpenses": 576200000,
        "interestIncome": 0,
        "interestExpense": 30000000,
        "depreciationAndAmortization": 52600000,
        "ebitda": 172000000,
        "ebitdaratio": 0.2509849701,
        "operatingIncome": 97300000,
        "operatingIncomeRatio": 0.1419816139,
        "totalOtherIncomeExpensesNet": -7900000,
        "incomeBeforeTax": 89400000,
        "incomeBeforeTaxRatio": 0.1304538158,
        "incomeTaxExpense": 6700000,
        "netIncome": 82700000,
        "netIncomeRatio": 0.1206770757,
        "eps": 0.62,
        "epsdiluted": 0.61,
        "weightedAverageShsOut": 133200000,
        "weightedAverageShsOutDil": 135100000,
        "link": "https://www.sec.gov/Archives/edgar/data/1596783/000159678318000101/0001596783-18-000101-index.htm",
        "finalLink": "https://www.sec.gov/Archives/edgar/data/1596783/000159678318000101/a10-kfy18xq4.htm"
    },
    {
        "date": "2018-03-31",
        "symbol": "CTLT",
        "reportedCurrency": "USD",
        "cik": "0001596783",
        "fillingDate": "2018-05-01",
        "acceptedDate": "2018-05-01 08:58:17",
        "calendarYear": "2018",
        "period": "Q3",
        "revenue": 627900000,
        "costOfRevenue": 436200000,
        "grossProfit": 191700000,
        "grossProfitRatio": 0.3053033923,
        "researchAndDevelopmentExpenses": 13000000,
        "generalAndAdministrativeExpenses": 117000000,
        "sellingAndMarketingExpenses": 0,
        "sellingGeneralAndAdministrativeExpenses": 117000000,
        "otherExpenses": -100000,
        "operatingExpenses": 117000000,
        "costAndExpenses": 553200000,
        "interestIncome": 0,
        "interestExpense": 29900000,
        "depreciationAndAmortization": 51700000,
        "ebitda": 114300000,
        "ebitdaratio": 0.1820353559,
        "operatingIncome": 73100000,
        "operatingIncomeRatio": 0.1164198121,
        "totalOtherIncomeExpensesNet": -40400000,
        "incomeBeforeTax": 32700000,
        "incomeBeforeTaxRatio": 0.0520783564,
        "incomeTaxExpense": 13700000,
        "netIncome": 19000000,
        "netIncomeRatio": 0.0302595955,
        "eps": 0.14,
        "epsdiluted": 0.14,
        "weightedAverageShsOut": 133123679,
        "weightedAverageShsOutDil": 135109291,
        "link": "https://www.sec.gov/Archives/edgar/data/1596783/000159678318000028/0001596783-18-000028-index.htm",
        "finalLink": "https://www.sec.gov/Archives/edgar/data/1596783/000159678318000028/a10-qfy18xq3.htm"
    },
    {
        "date": "2017-12-31",
        "symbol": "CTLT",
        "reportedCurrency": "USD",
        "cik": "0001596783",
        "fillingDate": "2018-02-05",
        "acceptedDate": "2018-02-05 08:56:31",
        "calendarYear": "2018",
        "period": "Q2",
        "revenue": 606300000,
        "costOfRevenue": 418900000,
        "grossProfit": 187400000,
        "grossProfitRatio": 0.3090879103,
        "researchAndDevelopmentExpenses": 13900000,
        "generalAndAdministrativeExpenses": 114300000,
        "sellingAndMarketingExpenses": 0,
        "sellingGeneralAndAdministrativeExpenses": 114300000,
        "otherExpenses": -500000,
        "operatingExpenses": 114300000,
        "costAndExpenses": 533200000,
        "interestIncome": 0,
        "interestExpense": 27200000,
        "depreciationAndAmortization": 46800000,
        "ebitda": 102000000,
        "ebitdaratio": 0.1682335477,
        "operatingIncome": 68800000,
        "operatingIncomeRatio": 0.1134751773,
        "totalOtherIncomeExpensesNet": -40800000,
        "incomeBeforeTax": 28000000,
        "incomeBeforeTaxRatio": 0.0461817582,
        "incomeTaxExpense": 49900000,
        "netIncome": -21900000,
        "netIncomeRatio": -0.0361207323,
        "eps": -0.16,
        "epsdiluted": -0.16,
        "weightedAverageShsOut": 132983262,
        "weightedAverageShsOutDil": 132983262,
        "link": "https://www.sec.gov/Archives/edgar/data/1596783/000159678318000010/0001596783-18-000010-index.htm",
        "finalLink": "https://www.sec.gov/Archives/edgar/data/1596783/000159678318000010/a10-qfy18xq2.htm"
    },
    {
        "date": "2017-09-30",
        "symbol": "CTLT",
        "reportedCurrency": "USD",
        "cik": "0001596783",
        "fillingDate": "2017-11-06",
        "acceptedDate": "2017-11-06 09:07:24",
        "calendarYear": "2018",
        "period": "Q1",
        "revenue": 543900000,
        "costOfRevenue": 403800000,
        "grossProfit": 140100000,
        "grossProfitRatio": 0.2575841147,
        "researchAndDevelopmentExpenses": 11800000,
        "generalAndAdministrativeExpenses": 107000000,
        "sellingAndMarketingExpenses": 0,
        "sellingGeneralAndAdministrativeExpenses": 107000000,
        "otherExpenses": -100000,
        "operatingExpenses": 107000000,
        "costAndExpenses": 510800000,
        "interestIncome": 0,
        "interestExpense": 24300000,
        "depreciationAndAmortization": 39000000,
        "ebitda": 65200000,
        "ebitdaratio": 0.119874977,
        "operatingIncome": 31900000,
        "operatingIncomeRatio": 0.0586504872,
        "totalOtherIncomeExpensesNet": -30000000,
        "incomeBeforeTax": 1900000,
        "incomeBeforeTaxRatio": 0.0034932892,
        "incomeTaxExpense": -1900000,
        "netIncome": 3800000,
        "netIncomeRatio": 0.0069865784,
        "eps": 0.03,
        "epsdiluted": 0.03,
        "weightedAverageShsOut": 125713246,
        "weightedAverageShsOutDil": 127784521,
        "link": "https://www.sec.gov/Archives/edgar/data/1596783/000159678317000170/0001596783-17-000170-index.htm",
        "finalLink": "https://www.sec.gov/Archives/edgar/data/1596783/000159678317000170/a10-qfy18xq1.htm"
    },
    {
        "date": "2017-06-30",
        "symbol": "CTLT",
        "reportedCurrency": "USD",
        "cik": "0001596783",
        "fillingDate": "2017-08-28",
        "acceptedDate": "2017-08-28 17:21:21",
        "calendarYear": "2017",
        "period": "Q4",
        "revenue": 616900000,
        "costOfRevenue": 401700000,
        "grossProfit": 215200000,
        "grossProfitRatio": 0.3488409791,
        "researchAndDevelopmentExpenses": 14700000,
        "generalAndAdministrativeExpenses": 107300000,
        "sellingAndMarketingExpenses": 0,
        "sellingGeneralAndAdministrativeExpenses": 107300000,
        "otherExpenses": -5100000,
        "operatingExpenses": 107300000,
        "costAndExpenses": 509000000,
        "interestIncome": 4300000,
        "interestExpense": 22600000,
        "depreciationAndAmortization": 38700000,
        "ebitda": 130500000,
        "ebitdaratio": 0.2115415789,
        "operatingIncome": 96900000,
        "operatingIncomeRatio": 0.1570757011,
        "totalOtherIncomeExpensesNet": -27700000,
        "incomeBeforeTax": 69200000,
        "incomeBeforeTaxRatio": 0.1121737721,
        "incomeTaxExpense": 7400000,
        "netIncome": 61800000,
        "netIncomeRatio": 0.1001783109,
        "eps": 0.49,
        "epsdiluted": 0.49,
        "weightedAverageShsOut": 125100000,
        "weightedAverageShsOutDil": 127300000,
        "link": "https://www.sec.gov/Archives/edgar/data/1596783/000159678317000148/0001596783-17-000148-index.htm",
        "finalLink": "https://www.sec.gov/Archives/edgar/data/1596783/000159678317000148/a10-kfy17xq4.htm"
    },
    {
        "date": "2017-03-31",
        "symbol": "CTLT",
        "reportedCurrency": "USD",
        "cik": "0001596783",
        "fillingDate": "2017-05-04",
        "acceptedDate": "2017-05-04 17:06:14",
        "calendarYear": "2017",
        "period": "Q3",
        "revenue": 532600000,
        "costOfRevenue": 365200000,
        "grossProfit": 167400000,
        "grossProfitRatio": 0.3143071724,
        "researchAndDevelopmentExpenses": 13800000,
        "generalAndAdministrativeExpenses": 100900000,
        "sellingAndMarketingExpenses": 0,
        "sellingGeneralAndAdministrativeExpenses": 100900000,
        "otherExpenses": 0,
        "operatingExpenses": 100900000,
        "costAndExpenses": 466100000,
        "interestIncome": 0,
        "interestExpense": 22600000,
        "depreciationAndAmortization": 36500000,
        "ebitda": 93800000,
        "ebitdaratio": 0.1761171611,
        "operatingIncome": 64600000,
        "operatingIncomeRatio": 0.1212917762,
        "totalOtherIncomeExpensesNet": -29900000,
        "incomeBeforeTax": 34700000,
        "incomeBeforeTaxRatio": 0.0651520841,
        "incomeTaxExpense": 8700000,
        "netIncome": 26000000,
        "netIncomeRatio": 0.0488171235,
        "eps": 0.21,
        "epsdiluted": 0.21,
        "weightedAverageShsOut": 124951928,
        "weightedAverageShsOutDil": 126799130,
        "link": "https://www.sec.gov/Archives/edgar/data/1596783/000159678317000035/0001596783-17-000035-index.htm",
        "finalLink": "https://www.sec.gov/Archives/edgar/data/1596783/000159678317000035/a10-qfy17xq3.htm"
    },
    {
        "date": "2016-12-31",
        "symbol": "CTLT",
        "reportedCurrency": "USD",
        "cik": "0001596783",
        "fillingDate": "2017-02-06",
        "acceptedDate": "2017-02-06 17:21:52",
        "calendarYear": "2017",
        "period": "Q2",
        "revenue": 483700000,
        "costOfRevenue": 335800000,
        "grossProfit": 147900000,
        "grossProfitRatio": 0.305768038,
        "researchAndDevelopmentExpenses": 12500000,
        "generalAndAdministrativeExpenses": 96200000,
        "sellingAndMarketingExpenses": 0,
        "sellingGeneralAndAdministrativeExpenses": 96200000,
        "otherExpenses": 800000,
        "operatingExpenses": 96200000,
        "costAndExpenses": 432000000,
        "interestIncome": 0,
        "interestExpense": 22800000,
        "depreciationAndAmortization": 35500000,
        "ebitda": 85200000,
        "ebitdaratio": 0.1761422369,
        "operatingIncome": 47900000,
        "operatingIncomeRatio": 0.0990283233,
        "totalOtherIncomeExpensesNet": -21000000,
        "incomeBeforeTax": 26900000,
        "incomeBeforeTaxRatio": 0.0556129833,
        "incomeTaxExpense": 9500000,
        "netIncome": 17400000,
        "netIncomeRatio": 0.0359727104,
        "eps": 0.14,
        "epsdiluted": 0.14,
        "weightedAverageShsOut": 124889681,
        "weightedAverageShsOutDil": 126414644,
        "link": "https://www.sec.gov/Archives/edgar/data/1596783/000159678317000017/0001596783-17-000017-index.htm",
        "finalLink": "https://www.sec.gov/Archives/edgar/data/1596783/000159678317000017/a10-qfy17xq2.htm"
    },
    {
        "date": "2016-09-30",
        "symbol": "CTLT",
        "reportedCurrency": "USD",
        "cik": "0001596783",
        "fillingDate": "2016-11-07",
        "acceptedDate": "2016-11-07 16:52:25",
        "calendarYear": "2017",
        "period": "Q1",
        "revenue": 442200000,
        "costOfRevenue": 318100000,
        "grossProfit": 124100000,
        "grossProfitRatio": 0.2806422433,
        "researchAndDevelopmentExpenses": 11800000,
        "generalAndAdministrativeExpenses": 98200000,
        "sellingAndMarketingExpenses": 0,
        "sellingGeneralAndAdministrativeExpenses": 98200000,
        "otherExpenses": 2100000,
        "operatingExpenses": 98200000,
        "costAndExpenses": 416300000,
        "interestIncome": 0,
        "interestExpense": 22100000,
        "depreciationAndAmortization": 35800000,
        "ebitda": 62700000,
        "ebitdaratio": 0.1417910448,
        "operatingIncome": 24800000,
        "operatingIncomeRatio": 0.0560832203,
        "totalOtherIncomeExpensesNet": -20000000,
        "incomeBeforeTax": 4800000,
        "incomeBeforeTaxRatio": 0.0108548168,
        "incomeTaxExpense": 200000,
        "netIncome": 4600000,
        "netIncomeRatio": 0.0104025328,
        "eps": 0.04,
        "epsdiluted": 0.04,
        "weightedAverageShsOut": 124819466,
        "weightedAverageShsOutDil": 126259721,
        "link": "https://www.sec.gov/Archives/edgar/data/1596783/000159678316000167/0001596783-16-000167-index.htm",
        "finalLink": "https://www.sec.gov/Archives/edgar/data/1596783/000159678316000167/a10-qfy17xq1.htm"
    },
    {
        "date": "2016-06-30",
        "symbol": "CTLT",
        "reportedCurrency": "USD",
        "cik": "0001596783",
        "fillingDate": "2016-08-29",
        "acceptedDate": "2016-08-29 17:16:57",
        "calendarYear": "2016",
        "period": "Q4",
        "revenue": 532200000,
        "costOfRevenue": 344400000,
        "grossProfit": 187800000,
        "grossProfitRatio": 0.3528748591,
        "researchAndDevelopmentExpenses": 13400000,
        "generalAndAdministrativeExpenses": 89700000,
        "sellingAndMarketingExpenses": -200000,
        "sellingGeneralAndAdministrativeExpenses": 89500000,
        "otherExpenses": 8500000,
        "operatingExpenses": 89500000,
        "costAndExpenses": 433900000,
        "interestIncome": 0,
        "interestExpense": 21800000,
        "depreciationAndAmortization": 35100000,
        "ebitda": 134200000,
        "ebitdaratio": 0.2521608418,
        "operatingIncome": 90800000,
        "operatingIncomeRatio": 0.1706125517,
        "totalOtherIncomeExpensesNet": -25800000,
        "incomeBeforeTax": 77500000,
        "incomeBeforeTaxRatio": 0.1456219466,
        "incomeTaxExpense": 19400000,
        "netIncome": 61900000,
        "netIncomeRatio": 0.116309658,
        "eps": 0.47,
        "epsdiluted": 0.46,
        "weightedAverageShsOut": 124800000,
        "weightedAverageShsOutDil": 125900000,
        "link": "https://www.sec.gov/Archives/edgar/data/1596783/000159678316000114/0001596783-16-000114-index.htm",
        "finalLink": "https://www.sec.gov/Archives/edgar/data/1596783/000159678316000114/a10-kfy16xq4.htm"
    },
    {
        "date": "2016-03-31",
        "symbol": "CTLT",
        "reportedCurrency": "USD",
        "cik": "0001596783",
        "fillingDate": "2016-05-04",
        "acceptedDate": "2016-05-04 16:27:46",
        "calendarYear": "2016",
        "period": "Q3",
        "revenue": 438000000,
        "costOfRevenue": 311800000,
        "grossProfit": 126200000,
        "grossProfitRatio": 0.2881278539,
        "researchAndDevelopmentExpenses": 13800000,
        "generalAndAdministrativeExpenses": 93200000,
        "sellingAndMarketingExpenses": 0,
        "sellingGeneralAndAdministrativeExpenses": 93200000,
        "otherExpenses": 600000,
        "operatingExpenses": 93200000,
        "costAndExpenses": 405000000,
        "interestIncome": 0,
        "interestExpense": 21700000,
        "depreciationAndAmortization": 34800000,
        "ebitda": 70300000,
        "ebitdaratio": 0.1605022831,
        "operatingIncome": 31500000,
        "operatingIncomeRatio": 0.0719178082,
        "totalOtherIncomeExpensesNet": -19000000,
        "incomeBeforeTax": 14000000,
        "incomeBeforeTaxRatio": 0.0319634703,
        "incomeTaxExpense": 4200000,
        "netIncome": 10700000,
        "netIncomeRatio": 0.0244292237,
        "eps": 0.09,
        "epsdiluted": 0.09,
        "weightedAverageShsOut": 124809898,
        "weightedAverageShsOutDil": 125772759,
        "link": "https://www.sec.gov/Archives/edgar/data/1596783/000159678316000070/0001596783-16-000070-index.htm",
        "finalLink": "https://www.sec.gov/Archives/edgar/data/1596783/000159678316000070/a10-qfy16xq3.htm"
    },
    {
        "date": "2015-12-31",
        "symbol": "CTLT",
        "reportedCurrency": "USD",
        "cik": "0001596783",
        "fillingDate": "2016-02-09",
        "acceptedDate": "2016-02-09 16:26:01",
        "calendarYear": "2016",
        "period": "Q2",
        "revenue": 454900000,
        "costOfRevenue": 302800000,
        "grossProfit": 152100000,
        "grossProfitRatio": 0.3343591998,
        "researchAndDevelopmentExpenses": 14400000,
        "generalAndAdministrativeExpenses": 93000000,
        "sellingAndMarketingExpenses": 0,
        "sellingGeneralAndAdministrativeExpenses": 93000000,
        "otherExpenses": -400000,
        "operatingExpenses": 93000000,
        "costAndExpenses": 395800000,
        "interestIncome": 0,
        "interestExpense": 22300000,
        "depreciationAndAmortization": 35200000,
        "ebitda": 97300000,
        "ebitdaratio": 0.2138931633,
        "operatingIncome": 58600000,
        "operatingIncomeRatio": 0.1288195208,
        "totalOtherIncomeExpensesNet": -18800000,
        "incomeBeforeTax": 39800000,
        "incomeBeforeTaxRatio": 0.0874917564,
        "incomeTaxExpense": 9200000,
        "netIncome": 30700000,
        "netIncomeRatio": 0.0674873599,
        "eps": 0.25,
        "epsdiluted": 0.24,
        "weightedAverageShsOut": 124818241,
        "weightedAverageShsOutDil": 125826680,
        "link": "https://www.sec.gov/Archives/edgar/data/1596783/000159678316000056/0001596783-16-000056-index.htm",
        "finalLink": "https://www.sec.gov/Archives/edgar/data/1596783/000159678316000056/a10-qfy16xq2.htm"
    },
    {
        "date": "2015-09-30",
        "symbol": "CTLT",
        "reportedCurrency": "USD",
        "cik": "0001596783",
        "fillingDate": "2015-11-03",
        "acceptedDate": "2015-11-03 16:41:01",
        "calendarYear": "2016",
        "period": "Q1",
        "revenue": 423000000,
        "costOfRevenue": 301500000,
        "grossProfit": 121500000,
        "grossProfitRatio": 0.2872340426,
        "researchAndDevelopmentExpenses": 13400000,
        "generalAndAdministrativeExpenses": 82200000,
        "sellingAndMarketingExpenses": 0,
        "sellingGeneralAndAdministrativeExpenses": 82200000,
        "otherExpenses": -600000,
        "operatingExpenses": 82200000,
        "costAndExpenses": 383700000,
        "interestIncome": 0,
        "interestExpense": 22700000,
        "depreciationAndAmortization": 35500000,
        "ebitda": 74200000,
        "ebitdaratio": 0.1754137116,
        "operatingIncome": 37100000,
        "operatingIncomeRatio": 0.0877068558,
        "totalOtherIncomeExpensesNet": -23400000,
        "incomeBeforeTax": 13800000,
        "incomeBeforeTaxRatio": 0.0326241135,
        "incomeTaxExpense": 4900000,
        "netIncome": 9100000,
        "netIncomeRatio": 0.0215130024,
        "eps": 0.0729,
        "epsdiluted": 0.0721,
        "weightedAverageShsOut": 124753234,
        "weightedAverageShsOutDil": 126190457,
        "link": "https://www.sec.gov/Archives/edgar/data/1596783/000159678315000039/0001596783-15-000039-index.htm",
        "finalLink": "https://www.sec.gov/Archives/edgar/data/1596783/000159678315000039/a10-qfy16xq1.htm"
    },
    {
        "date": "2015-06-30",
        "symbol": "CTLT",
        "reportedCurrency": "USD",
        "cik": "0001596783",
        "fillingDate": "2015-09-02",
        "acceptedDate": "2015-09-02 16:12:54",
        "calendarYear": "2015",
        "period": "Q4",
        "revenue": 510100000,
        "costOfRevenue": 328400000,
        "grossProfit": 181700000,
        "grossProfitRatio": 0.3562046658,
        "researchAndDevelopmentExpenses": 15100000,
        "generalAndAdministrativeExpenses": 86900000,
        "sellingAndMarketingExpenses": 0,
        "sellingGeneralAndAdministrativeExpenses": 86900000,
        "otherExpenses": -3900000,
        "operatingExpenses": 86900000,
        "costAndExpenses": 415300000,
        "interestIncome": 0,
        "interestExpense": 22600000,
        "depreciationAndAmortization": 36200000,
        "ebitda": 121500000,
        "ebitdaratio": 0.2381885905,
        "operatingIncome": 89200000,
        "operatingIncomeRatio": 0.174867673,
        "totalOtherIncomeExpensesNet": -26500000,
        "incomeBeforeTax": 62700000,
        "incomeBeforeTaxRatio": 0.1229170751,
        "incomeTaxExpense": -90800000,
        "netIncome": 153700000,
        "netIncomeRatio": 0.3013134679,
        "eps": 1.23,
        "epsdiluted": 1.22,
        "weightedAverageShsOut": 124959350,
        "weightedAverageShsOutDil": 126200000,
        "link": "https://www.sec.gov/Archives/edgar/data/1596783/000159678315000026/0001596783-15-000026-index.htm",
        "finalLink": "https://www.sec.gov/Archives/edgar/data/1596783/000159678315000026/a10-kfy15xq4.htm"
    },
    {
        "date": "2015-03-31",
        "symbol": "CTLT",
        "reportedCurrency": "USD",
        "cik": "0001596783",
        "fillingDate": "2015-05-05",
        "acceptedDate": "2015-05-05 16:54:00",
        "calendarYear": "2015",
        "period": "Q3",
        "revenue": 446600000,
        "costOfRevenue": 294400000,
        "grossProfit": 152200000,
        "grossProfitRatio": 0.3407971339,
        "researchAndDevelopmentExpenses": 13400000,
        "generalAndAdministrativeExpenses": 80900000,
        "sellingAndMarketingExpenses": 0,
        "sellingGeneralAndAdministrativeExpenses": 80900000,
        "otherExpenses": -1300000,
        "operatingExpenses": 80900000,
        "costAndExpenses": 375300000,
        "interestIncome": 0,
        "interestExpense": 23000000,
        "depreciationAndAmortization": 34400000,
        "ebitda": 99400000,
        "ebitdaratio": 0.2225705329,
        "operatingIncome": 65800000,
        "operatingIncomeRatio": 0.1473354232,
        "totalOtherIncomeExpensesNet": -23800000,
        "incomeBeforeTax": 42000000,
        "incomeBeforeTaxRatio": 0.0940438871,
        "incomeTaxExpense": 11200000,
        "netIncome": 31500000,
        "netIncomeRatio": 0.0705329154,
        "eps": 0.25,
        "epsdiluted": 0.25,
        "weightedAverageShsOut": 124233579,
        "weightedAverageShsOutDil": 126264631,
        "link": "https://www.sec.gov/Archives/edgar/data/1596783/000159678315000017/0001596783-15-000017-index.htm",
        "finalLink": "https://www.sec.gov/Archives/edgar/data/1596783/000159678315000017/a10-qfy15xq3.htm"
    },
    {
        "date": "2014-12-31",
        "symbol": "CTLT",
        "reportedCurrency": "USD",
        "cik": "0001596783",
        "fillingDate": "2015-02-12",
        "acceptedDate": "2015-02-11 17:37:34",
        "calendarYear": "2015",
        "period": "Q2",
        "revenue": 455800000,
        "costOfRevenue": 299700000,
        "grossProfit": 156100000,
        "grossProfitRatio": 0.3424747696,
        "researchAndDevelopmentExpenses": 13400000,
        "generalAndAdministrativeExpenses": 88100000,
        "sellingAndMarketingExpenses": 0,
        "sellingGeneralAndAdministrativeExpenses": 88100000,
        "otherExpenses": 3600000,
        "operatingExpenses": 88100000,
        "costAndExpenses": 387800000,
        "interestIncome": 0,
        "interestExpense": 23900000,
        "depreciationAndAmortization": 35200000,
        "ebitda": 101200000,
        "ebitdaratio": 0.2220272049,
        "operatingIncome": 62400000,
        "operatingIncomeRatio": 0.1369021501,
        "totalOtherIncomeExpensesNet": -20300000,
        "incomeBeforeTax": 42100000,
        "incomeBeforeTaxRatio": 0.0923650724,
        "incomeTaxExpense": -4100000,
        "netIncome": 46500000,
        "netIncomeRatio": 0.1020184291,
        "eps": 0.37,
        "epsdiluted": 0.37,
        "weightedAverageShsOut": 125675676,
        "weightedAverageShsOutDil": 126000000,
        "link": "https://www.sec.gov/Archives/edgar/data/1596783/000159678315000008/0001596783-15-000008-index.htm",
        "finalLink": "https://www.sec.gov/Archives/edgar/data/1596783/000159678315000008/a10-qfy15xq2.htm"
    },
    {
        "date": "2014-09-30",
        "symbol": "CTLT",
        "reportedCurrency": "USD",
        "cik": "0001596783",
        "fillingDate": "2014-11-14",
        "acceptedDate": "2014-11-13 18:10:36",
        "calendarYear": "2015",
        "period": "Q1",
        "revenue": 418300000,
        "costOfRevenue": 293000000,
        "grossProfit": 125300000,
        "grossProfitRatio": 0.2995457805,
        "researchAndDevelopmentExpenses": 11600000,
        "generalAndAdministrativeExpenses": 81400000,
        "sellingAndMarketingExpenses": 0,
        "sellingGeneralAndAdministrativeExpenses": 81400000,
        "otherExpenses": -41300000,
        "operatingExpenses": 81400000,
        "costAndExpenses": 374400000,
        "interestIncome": 0,
        "interestExpense": 35500000,
        "depreciationAndAmortization": 35000000,
        "ebitda": 36200000,
        "ebitdaratio": 0.0865407602,
        "operatingIncome": 42500000,
        "operatingIncomeRatio": 0.1016017213,
        "totalOtherIncomeExpensesNet": -76800000,
        "incomeBeforeTax": -34300000,
        "incomeBeforeTaxRatio": -0.0819985656,
        "incomeTaxExpense": -14000000,
        "netIncome": -19500000,
        "netIncomeRatio": -0.0466172603,
        "eps": -0.19,
        "epsdiluted": -0.18,
        "weightedAverageShsOut": 104737393,
        "weightedAverageShsOutDil": 108333333,
        "link": "https://www.sec.gov/Archives/edgar/data/1596783/000159678314000015/0001596783-14-000015-index.htm",
        "finalLink": "https://www.sec.gov/Archives/edgar/data/1596783/000159678314000015/a10-qfy15xq1.htm"
    },
    {
        "date": "2014-06-30",
        "symbol": "CTLT",
        "reportedCurrency": "USD",
        "cik": "0001596783",
        "fillingDate": "2014-09-08",
        "acceptedDate": "2014-09-08 15:45:22",
        "calendarYear": "2014",
        "period": "Q4",
        "revenue": 519600000,
        "costOfRevenue": 329300000,
        "grossProfit": 190300000,
        "grossProfitRatio": 0.366243264,
        "researchAndDevelopmentExpenses": 14600000,
        "generalAndAdministrativeExpenses": 78600000,
        "sellingAndMarketingExpenses": 0,
        "sellingGeneralAndAdministrativeExpenses": 78600000,
        "otherExpenses": -7600000,
        "operatingExpenses": 78600000,
        "costAndExpenses": 407900000,
        "interestIncome": 0,
        "interestExpense": 40300000,
        "depreciationAndAmortization": 34000000,
        "ebitda": 127500000,
        "ebitdaratio": 0.2453810624,
        "operatingIncome": 101100000,
        "operatingIncomeRatio": 0.1945727483,
        "totalOtherIncomeExpensesNet": -47900000,
        "incomeBeforeTax": 53200000,
        "incomeBeforeTaxRatio": 0.1023864511,
        "incomeTaxExpense": 26200000,
        "netIncome": 27200000,
        "netIncomeRatio": 0.05234796,
        "eps": 0.23,
        "epsdiluted": 0.23,
        "weightedAverageShsOut": 117301370,
        "weightedAverageShsOutDil": 117301370,
        "link": "https://www.sec.gov/Archives/edgar/data/1596783/000159678314000008/0001596783-14-000008-index.htm",
        "finalLink": "https://www.sec.gov/Archives/edgar/data/1596783/000159678314000008/a10-kfy14xq4.htm"
    },
    {
        "date": "2014-03-31",
        "symbol": "CTLT",
        "reportedCurrency": "USD",
        "cik": "0001596783",
        "fillingDate": "2014-03-31",
        "acceptedDate": "2014-03-30 20:00:00",
        "calendarYear": "2014",
        "period": "Q3",
        "revenue": 453100000,
        "costOfRevenue": 301400000,
        "grossProfit": 151700000,
        "grossProfitRatio": 0.3348046789,
        "researchAndDevelopmentExpenses": 13200000,
        "generalAndAdministrativeExpenses": 87600000,
        "sellingAndMarketingExpenses": 0,
        "sellingGeneralAndAdministrativeExpenses": 87600000,
        "otherExpenses": -700000,
        "operatingExpenses": 87600000,
        "costAndExpenses": 389000000,
        "interestIncome": 0,
        "interestExpense": 40400000,
        "depreciationAndAmortization": 35100000,
        "ebitda": 98500000,
        "ebitdaratio": 0.2173913043,
        "operatingIncome": 60200000,
        "operatingIncomeRatio": 0.1328625028,
        "totalOtherIncomeExpensesNet": -49500000,
        "incomeBeforeTax": 14600000,
        "incomeBeforeTaxRatio": 0.0322224674,
        "incomeTaxExpense": 6600000,
        "netIncome": 6700000,
        "netIncomeRatio": 0.0147870227,
        "eps": 0.0571,
        "epsdiluted": 0.0571,
        "weightedAverageShsOut": 117321337,
        "weightedAverageShsOutDil": 117321337,
        "link": "",
        "finalLink": ""
    },
    {
        "date": "2013-12-31",
        "symbol": "CTLT",
        "reportedCurrency": "USD",
        "cik": "0001596783",
        "fillingDate": "2013-12-31",
        "acceptedDate": "2013-12-30 19:00:00",
        "calendarYear": "2014",
        "period": "Q2",
        "revenue": 440700000,
        "costOfRevenue": 303300000,
        "grossProfit": 137400000,
        "grossProfitRatio": 0.3117767189,
        "researchAndDevelopmentExpenses": 12900000,
        "generalAndAdministrativeExpenses": 87500000,
        "sellingAndMarketingExpenses": 0,
        "sellingGeneralAndAdministrativeExpenses": 87500000,
        "otherExpenses": -500000,
        "operatingExpenses": 87500000,
        "costAndExpenses": 390800000,
        "interestIncome": 0,
        "interestExpense": 41500000,
        "depreciationAndAmortization": 37300000,
        "ebitda": 83200000,
        "ebitdaratio": 0.1887905605,
        "operatingIncome": 44500000,
        "operatingIncomeRatio": 0.1009757204,
        "totalOtherIncomeExpensesNet": -45500000,
        "incomeBeforeTax": 4400000,
        "incomeBeforeTaxRatio": 0.0099841162,
        "incomeTaxExpense": 23300000,
        "netIncome": -19200000,
        "netIncomeRatio": -0.0435670524,
        "eps": -0.16,
        "epsdiluted": -0.16,
        "weightedAverageShsOut": 117321337,
        "weightedAverageShsOutDil": 117321337,
        "link": "",
        "finalLink": ""
    },
    {
        "date": "2013-09-30",
        "symbol": "CTLT",
        "reportedCurrency": "USD",
        "cik": "0001596783",
        "fillingDate": "2013-09-30",
        "acceptedDate": "2013-09-29 20:00:00",
        "calendarYear": "2014",
        "period": "Q1",
        "revenue": 414300000,
        "costOfRevenue": 295100000,
        "grossProfit": 119200000,
        "grossProfitRatio": 0.2877142168,
        "researchAndDevelopmentExpenses": 10800000,
        "generalAndAdministrativeExpenses": 81100000,
        "sellingAndMarketingExpenses": 0,
        "sellingGeneralAndAdministrativeExpenses": 81100000,
        "otherExpenses": 1000000,
        "operatingExpenses": 81100000,
        "costAndExpenses": 376200000,
        "interestIncome": 0,
        "interestExpense": 40900000,
        "depreciationAndAmortization": 36500000,
        "ebitda": 72600000,
        "ebitdaratio": 0.1752353367,
        "operatingIncome": 35100000,
        "operatingIncomeRatio": 0.0847212165,
        "totalOtherIncomeExpensesNet": -42900000,
        "incomeBeforeTax": -4800000,
        "incomeBeforeTaxRatio": -0.0115858074,
        "incomeTaxExpense": -6600000,
        "netIncome": 1500000,
        "netIncomeRatio": 0.0036205648,
        "eps": 0.0128,
        "epsdiluted": 0.0128,
        "weightedAverageShsOut": 117321337,
        "weightedAverageShsOutDil": 117321337,
        "link": "",
        "finalLink": ""
    },
    {
        "date": "2013-06-30",
        "symbol": "CTLT",
        "reportedCurrency": "USD",
        "cik": "0001596783",
        "fillingDate": "2013-06-30",
        "acceptedDate": "2013-06-29 20:00:00",
        "calendarYear": "2013",
        "period": "Q4",
        "revenue": 505200000,
        "costOfRevenue": 331500000,
        "grossProfit": 173700000,
        "grossProfitRatio": 0.343824228,
        "researchAndDevelopmentExpenses": 13000000,
        "generalAndAdministrativeExpenses": 0,
        "sellingAndMarketingExpenses": 0,
        "sellingGeneralAndAdministrativeExpenses": 88900000,
        "otherExpenses": -4800000,
        "operatingExpenses": 88900000,
        "costAndExpenses": 420400000,
        "interestIncome": 0,
        "interestExpense": 42500000,
        "depreciationAndAmortization": 37300000,
        "ebitda": 117300000,
        "ebitdaratio": 0.2321852732,
        "operatingIncome": 78500000,
        "operatingIncomeRatio": 0.1553840063,
        "totalOtherIncomeExpensesNet": -53600000,
        "incomeBeforeTax": 31200000,
        "incomeBeforeTaxRatio": 0.0617577197,
        "incomeTaxExpense": 18200000,
        "netIncome": 19200000,
        "netIncomeRatio": 0.0380047506,
        "eps": 0.16,
        "epsdiluted": 0.16,
        "weightedAverageShsOut": 117321337,
        "weightedAverageShsOutDil": 117321337,
        "link": "",
        "finalLink": ""
    },
    {
        "date": "2013-03-31",
        "symbol": "CTLT",
        "reportedCurrency": "USD",
        "cik": "0001596783",
        "fillingDate": "2013-03-31",
        "acceptedDate": "2013-03-30 20:00:00",
        "calendarYear": "2013",
        "period": "Q3",
        "revenue": 447000000,
        "costOfRevenue": 309600000,
        "grossProfit": 137400000,
        "grossProfitRatio": 0.3073825503,
        "researchAndDevelopmentExpenses": 12500000,
        "generalAndAdministrativeExpenses": 0,
        "sellingAndMarketingExpenses": 0,
        "sellingGeneralAndAdministrativeExpenses": 83700000,
        "otherExpenses": -8300000,
        "operatingExpenses": 83700000,
        "costAndExpenses": 393300000,
        "interestIncome": 0,
        "interestExpense": 53600000,
        "depreciationAndAmortization": 39100000,
        "ebitda": 78700000,
        "ebitdaratio": 0.1760626398,
        "operatingIncome": 47900000,
        "operatingIncomeRatio": 0.1071588367,
        "totalOtherIncomeExpensesNet": -67700000,
        "incomeBeforeTax": -14000000,
        "incomeBeforeTaxRatio": -0.0313199105,
        "incomeTaxExpense": -100000,
        "netIncome": -18800000,
        "netIncomeRatio": -0.0420581655,
        "eps": -0.16,
        "epsdiluted": -0.16,
        "weightedAverageShsOut": 117321337,
        "weightedAverageShsOutDil": 117321337,
        "link": "",
        "finalLink": ""
    },
    {
        "date": "2012-12-31",
        "symbol": "CTLT",
        "reportedCurrency": "USD",
        "cik": "0001596783",
        "fillingDate": "2012-12-31",
        "acceptedDate": "2012-12-30 19:00:00",
        "calendarYear": "2013",
        "period": "Q2",
        "revenue": 436100000,
        "costOfRevenue": 296100000,
        "grossProfit": 140000000,
        "grossProfitRatio": 0.3210272873,
        "researchAndDevelopmentExpenses": 12900000,
        "generalAndAdministrativeExpenses": 0,
        "sellingAndMarketingExpenses": 0,
        "sellingGeneralAndAdministrativeExpenses": 86200000,
        "otherExpenses": 0,
        "operatingExpenses": 86200000,
        "costAndExpenses": 382300000,
        "interestIncome": 0,
        "interestExpense": 53200000,
        "depreciationAndAmortization": 38500000,
        "ebitda": 72100000,
        "ebitdaratio": 0.165329053,
        "operatingIncome": 45600000,
        "operatingIncomeRatio": 0.1045631736,
        "totalOtherIncomeExpensesNet": -73400000,
        "incomeBeforeTax": -19600000,
        "incomeBeforeTaxRatio": -0.0449438202,
        "incomeTaxExpense": 8000000,
        "netIncome": -27400000,
        "netIncomeRatio": -0.0628296262,
        "eps": -0.23,
        "epsdiluted": -0.23,
        "weightedAverageShsOut": 117321337,
        "weightedAverageShsOutDil": 117321337,
        "link": "",
        "finalLink": ""
    },
    {
        "date": "2012-09-30",
        "symbol": "CTLT",
        "reportedCurrency": "USD",
        "cik": "0001596783",
        "fillingDate": "2012-09-30",
        "acceptedDate": "2012-09-30 00:00:00",
        "calendarYear": "2013",
        "period": "Q1",
        "revenue": 412000000,
        "costOfRevenue": 294500000,
        "grossProfit": 117500000,
        "grossProfitRatio": 0.2851941748,
        "researchAndDevelopmentExpenses": 11100000,
        "generalAndAdministrativeExpenses": 81800000,
        "sellingAndMarketingExpenses": 0,
        "sellingGeneralAndAdministrativeExpenses": 81800000,
        "otherExpenses": 0,
        "operatingExpenses": 81800000,
        "costAndExpenses": 376300000,
        "interestIncome": 0,
        "interestExpense": 53900000,
        "depreciationAndAmortization": 37300000,
        "ebitda": 73000000,
        "ebitdaratio": 0.177184466,
        "operatingIncome": 32400000,
        "operatingIncomeRatio": 0.0786407767,
        "totalOtherIncomeExpensesNet": -57200000,
        "incomeBeforeTax": -21500000,
        "incomeBeforeTaxRatio": -0.052184466,
        "incomeTaxExpense": -2000000,
        "netIncome": -19700000,
        "netIncomeRatio": -0.047815534,
        "eps": -0.17,
        "epsdiluted": -0.17,
        "weightedAverageShsOut": 117321337,
        "weightedAverageShsOutDil": 117321337,
        "link": "",
        "finalLink": ""
    }
]