[
    {
        "date": "2021-09-30",
        "symbol": "CVA",
        "reportedCurrency": "USD",
        "cik": "0000225648",
        "fillingDate": "2021-10-28",
        "acceptedDate": "2021-10-28 16:34:58",
        "calendarYear": "2021",
        "period": "Q3",
        "revenue": 539000000,
        "costOfRevenue": 366000000,
        "grossProfit": 173000000,
        "grossProfitRatio": 0.3209647495,
        "researchAndDevelopmentExpenses": 0,
        "generalAndAdministrativeExpenses": 36000000,
        "sellingAndMarketingExpenses": 0,
        "sellingGeneralAndAdministrativeExpenses": 36000000,
        "otherExpenses": 63000000,
        "operatingExpenses": 99000000,
        "costAndExpenses": 465000000,
        "interestIncome": 0,
        "interestExpense": 31000000,
        "depreciationAndAmortization": 63000000,
        "ebitda": 138000000,
        "ebitdaratio": 0.2560296846,
        "operatingIncome": 74000000,
        "operatingIncomeRatio": 0.1372912801,
        "totalOtherIncomeExpensesNet": -32000000,
        "incomeBeforeTax": 42000000,
        "incomeBeforeTaxRatio": 0.0779220779,
        "incomeTaxExpense": 14000000,
        "netIncome": 30000000,
        "netIncomeRatio": 0.0556586271,
        "eps": 0.23,
        "epsdiluted": 0.22,
        "weightedAverageShsOut": 133000000,
        "weightedAverageShsOutDil": 138000000,
        "link": "https://www.sec.gov/Archives/edgar/data/225648/000022564821000103/0000225648-21-000103-index.htm",
        "finalLink": "https://www.sec.gov/Archives/edgar/data/225648/000022564821000103/cva-20210930.htm"
    },
    {
        "date": "2021-06-30",
        "symbol": "CVA",
        "reportedCurrency": "USD",
        "cik": "0000225648",
        "fillingDate": "2021-07-28",
        "acceptedDate": "2021-07-28 17:12:58",
        "calendarYear": "2021",
        "period": "Q2",
        "revenue": 506000000,
        "costOfRevenue": 390000000,
        "grossProfit": 116000000,
        "grossProfitRatio": 0.2292490119,
        "researchAndDevelopmentExpenses": 0,
        "generalAndAdministrativeExpenses": 33000000,
        "sellingAndMarketingExpenses": 0,
        "sellingGeneralAndAdministrativeExpenses": 33000000,
        "otherExpenses": 58000000,
        "operatingExpenses": 91000000,
        "costAndExpenses": 481000000,
        "interestIncome": 0,
        "interestExpense": 32000000,
        "depreciationAndAmortization": 55000000,
        "ebitda": 80000000,
        "ebitdaratio": 0.1581027668,
        "operatingIncome": 25000000,
        "operatingIncomeRatio": 0.0494071146,
        "totalOtherIncomeExpensesNet": -32000000,
        "incomeBeforeTax": -7000000,
        "incomeBeforeTaxRatio": -0.0138339921,
        "incomeTaxExpense": 12000000,
        "netIncome": -19000000,
        "netIncomeRatio": -0.0375494071,
        "eps": -0.14,
        "epsdiluted": -0.14,
        "weightedAverageShsOut": 133000000,
        "weightedAverageShsOutDil": 133000000,
        "link": "https://www.sec.gov/Archives/edgar/data/225648/000022564821000091/0000225648-21-000091-index.htm",
        "finalLink": "https://www.sec.gov/Archives/edgar/data/225648/000022564821000091/cva-20210630.htm"
    },
    {
        "date": "2021-03-31",
        "symbol": "CVA",
        "reportedCurrency": "USD",
        "cik": "0000225648",
        "fillingDate": "2021-04-30",
        "acceptedDate": "2021-04-30 16:11:24",
        "calendarYear": "2021",
        "period": "Q1",
        "revenue": 498000000,
        "costOfRevenue": 398000000,
        "grossProfit": 100000000,
        "grossProfitRatio": 0.2008032129,
        "researchAndDevelopmentExpenses": 0,
        "generalAndAdministrativeExpenses": 33000000,
        "sellingAndMarketingExpenses": 0,
        "sellingGeneralAndAdministrativeExpenses": 33000000,
        "otherExpenses": 53000000,
        "operatingExpenses": 86000000,
        "costAndExpenses": 484000000,
        "interestIncome": 0,
        "interestExpense": 31000000,
        "depreciationAndAmortization": 57000000,
        "ebitda": 72000000,
        "ebitdaratio": 0.1445783133,
        "operatingIncome": 14000000,
        "operatingIncomeRatio": 0.0281124498,
        "totalOtherIncomeExpensesNet": -31000000,
        "incomeBeforeTax": -17000000,
        "incomeBeforeTaxRatio": -0.0341365462,
        "incomeTaxExpense": -18000000,
        "netIncome": 2000000,
        "netIncomeRatio": 0.0040160643,
        "eps": 0.0152,
        "epsdiluted": 0.0148,
        "weightedAverageShsOut": 132000000,
        "weightedAverageShsOutDil": 135000000,
        "link": "https://www.sec.gov/Archives/edgar/data/225648/000022564821000051/0000225648-21-000051-index.htm",
        "finalLink": "https://www.sec.gov/Archives/edgar/data/225648/000022564821000051/cva-20210331.htm"
    },
    {
        "date": "2020-12-31",
        "symbol": "CVA",
        "reportedCurrency": "USD",
        "cik": "0000225648",
        "fillingDate": "2021-02-19",
        "acceptedDate": "2021-02-19 16:15:58",
        "calendarYear": "2020",
        "period": "Q4",
        "revenue": 491000000,
        "costOfRevenue": 370000000,
        "grossProfit": 121000000,
        "grossProfitRatio": 0.2464358452,
        "researchAndDevelopmentExpenses": 0,
        "generalAndAdministrativeExpenses": 37000000,
        "sellingAndMarketingExpenses": 0,
        "sellingGeneralAndAdministrativeExpenses": 37000000,
        "otherExpenses": 71000000,
        "operatingExpenses": 108000000,
        "costAndExpenses": 478000000,
        "interestIncome": 0,
        "interestExpense": 33000000,
        "depreciationAndAmortization": 56000000,
        "ebitda": 89000000,
        "ebitdaratio": 0.1812627291,
        "operatingIncome": 13000000,
        "operatingIncomeRatio": 0.0264765784,
        "totalOtherIncomeExpensesNet": -14000000,
        "incomeBeforeTax": -1000000,
        "incomeBeforeTaxRatio": -0.0020366599,
        "incomeTaxExpense": -12000000,
        "netIncome": 12000000,
        "netIncomeRatio": 0.0244399185,
        "eps": 0.0909,
        "epsdiluted": 0.0889,
        "weightedAverageShsOut": 132000000,
        "weightedAverageShsOutDil": 135000000,
        "link": "https://www.sec.gov/Archives/edgar/data/225648/000022564821000008/0000225648-21-000008-index.htm",
        "finalLink": "https://www.sec.gov/Archives/edgar/data/225648/000022564821000008/cva-20201231.htm"
    },
    {
        "date": "2020-09-30",
        "symbol": "CVA",
        "reportedCurrency": "USD",
        "cik": "0000225648",
        "fillingDate": "2020-10-30",
        "acceptedDate": "2020-10-30 16:16:17",
        "calendarYear": "2020",
        "period": "Q3",
        "revenue": 491000000,
        "costOfRevenue": 349000000,
        "grossProfit": 142000000,
        "grossProfitRatio": 0.2892057026,
        "researchAndDevelopmentExpenses": 0,
        "generalAndAdministrativeExpenses": 27000000,
        "sellingAndMarketingExpenses": 0,
        "sellingGeneralAndAdministrativeExpenses": 27000000,
        "otherExpenses": 65000000,
        "operatingExpenses": 92000000,
        "costAndExpenses": 441000000,
        "interestIncome": 0,
        "interestExpense": 32000000,
        "depreciationAndAmortization": 54000000,
        "ebitda": 94000000,
        "ebitdaratio": 0.1914460285,
        "operatingIncome": 50000000,
        "operatingIncomeRatio": 0.1018329939,
        "totalOtherIncomeExpensesNet": -44000000,
        "incomeBeforeTax": 6000000,
        "incomeBeforeTaxRatio": 0.0122199593,
        "incomeTaxExpense": 3000000,
        "netIncome": 5000000,
        "netIncomeRatio": 0.0101832994,
        "eps": 0.0379,
        "epsdiluted": 0.0373,
        "weightedAverageShsOut": 132000000,
        "weightedAverageShsOutDil": 134000000,
        "link": "https://www.sec.gov/Archives/edgar/data/225648/000022564820000182/0000225648-20-000182-index.htm",
        "finalLink": "https://www.sec.gov/Archives/edgar/data/225648/000022564820000182/cva-20200930.htm"
    },
    {
        "date": "2020-06-30",
        "symbol": "CVA",
        "reportedCurrency": "USD",
        "cik": "0000225648",
        "fillingDate": "2020-07-31",
        "acceptedDate": "2020-07-31 16:15:55",
        "calendarYear": "2020",
        "period": "Q2",
        "revenue": 454000000,
        "costOfRevenue": 340000000,
        "grossProfit": 114000000,
        "grossProfitRatio": 0.2511013216,
        "researchAndDevelopmentExpenses": 0,
        "generalAndAdministrativeExpenses": 26000000,
        "sellingAndMarketingExpenses": 0,
        "sellingGeneralAndAdministrativeExpenses": 26000000,
        "otherExpenses": 70000000,
        "operatingExpenses": 96000000,
        "costAndExpenses": 436000000,
        "interestIncome": 0,
        "interestExpense": 34000000,
        "depreciationAndAmortization": 56000000,
        "ebitda": 73000000,
        "ebitdaratio": 0.1607929515,
        "operatingIncome": 18000000,
        "operatingIncomeRatio": 0.0396475771,
        "totalOtherIncomeExpensesNet": -35000000,
        "incomeBeforeTax": -17000000,
        "incomeBeforeTaxRatio": -0.0374449339,
        "incomeTaxExpense": -4000000,
        "netIncome": -13000000,
        "netIncomeRatio": -0.0286343612,
        "eps": -0.0985,
        "epsdiluted": -0.0985,
        "weightedAverageShsOut": 132000000,
        "weightedAverageShsOutDil": 132000000,
        "link": "https://www.sec.gov/Archives/edgar/data/225648/000022564820000155/0000225648-20-000155-index.htm",
        "finalLink": "https://www.sec.gov/Archives/edgar/data/225648/000022564820000155/cva-063020x10q.htm"
    },
    {
        "date": "2020-03-31",
        "symbol": "CVA",
        "reportedCurrency": "USD",
        "cik": "0000225648",
        "fillingDate": "2020-05-08",
        "acceptedDate": "2020-05-08 16:16:19",
        "calendarYear": "2020",
        "period": "Q1",
        "revenue": 468000000,
        "costOfRevenue": 361000000,
        "grossProfit": 107000000,
        "grossProfitRatio": 0.2286324786,
        "researchAndDevelopmentExpenses": 0,
        "generalAndAdministrativeExpenses": 30000000,
        "sellingAndMarketingExpenses": 70000000,
        "sellingGeneralAndAdministrativeExpenses": 100000000,
        "otherExpenses": 0,
        "operatingExpenses": 100000000,
        "costAndExpenses": 461000000,
        "interestIncome": 0,
        "interestExpense": 34000000,
        "depreciationAndAmortization": 58000000,
        "ebitda": 55000000,
        "ebitdaratio": 0.1175213675,
        "operatingIncome": 7000000,
        "operatingIncomeRatio": 0.014957265,
        "totalOtherIncomeExpensesNet": -45000000,
        "incomeBeforeTax": -38000000,
        "incomeBeforeTaxRatio": -0.0811965812,
        "incomeTaxExpense": -5000000,
        "netIncome": -32000000,
        "netIncomeRatio": -0.0683760684,
        "eps": -0.24,
        "epsdiluted": -0.24,
        "weightedAverageShsOut": 131000000,
        "weightedAverageShsOutDil": 131000000,
        "link": "https://www.sec.gov/Archives/edgar/data/225648/000022564820000112/0000225648-20-000112-index.html",
        "finalLink": "https://www.sec.gov/Archives/edgar/data/225648/000022564820000112/cva-033120x10q.htm"
    },
    {
        "date": "2019-12-31",
        "symbol": "CVA",
        "reportedCurrency": "USD",
        "cik": "0000225648",
        "fillingDate": "2020-02-25",
        "acceptedDate": "2020-02-25 16:37:21",
        "calendarYear": "2019",
        "period": "Q4",
        "revenue": 485000000,
        "costOfRevenue": 333000000,
        "grossProfit": 152000000,
        "grossProfitRatio": 0.3134020619,
        "researchAndDevelopmentExpenses": 0,
        "generalAndAdministrativeExpenses": 32000000,
        "sellingAndMarketingExpenses": 77000000,
        "sellingGeneralAndAdministrativeExpenses": 109000000,
        "otherExpenses": 0,
        "operatingExpenses": 109000000,
        "costAndExpenses": 442000000,
        "interestIncome": 0,
        "interestExpense": 35000000,
        "depreciationAndAmortization": 56000000,
        "ebitda": 102000000,
        "ebitdaratio": 0.2103092784,
        "operatingIncome": 43000000,
        "operatingIncomeRatio": 0.0886597938,
        "totalOtherIncomeExpensesNet": -34000000,
        "incomeBeforeTax": 9000000,
        "incomeBeforeTaxRatio": 0.018556701,
        "incomeTaxExpense": -1000000,
        "netIncome": 12000000,
        "netIncomeRatio": 0.024742268,
        "eps": 0.0916,
        "epsdiluted": 0.0896,
        "weightedAverageShsOut": 131000000,
        "weightedAverageShsOutDil": 134000000,
        "link": "https://www.sec.gov/Archives/edgar/data/225648/000022564820000007/0000225648-20-000007-index.html",
        "finalLink": "https://www.sec.gov/Archives/edgar/data/225648/000022564820000007/cva-123119x10k.htm"
    },
    {
        "date": "2019-09-30",
        "symbol": "CVA",
        "reportedCurrency": "USD",
        "cik": "0000225648",
        "fillingDate": "2019-11-04",
        "acceptedDate": "2019-11-04 17:14:13",
        "calendarYear": "2019",
        "period": "Q3",
        "revenue": 465000000,
        "costOfRevenue": 325000000,
        "grossProfit": 140000000,
        "grossProfitRatio": 0.3010752688,
        "researchAndDevelopmentExpenses": 0,
        "generalAndAdministrativeExpenses": 29000000,
        "sellingAndMarketingExpenses": 65000000,
        "sellingGeneralAndAdministrativeExpenses": 94000000,
        "otherExpenses": 0,
        "operatingExpenses": 94000000,
        "costAndExpenses": 419000000,
        "interestIncome": 0,
        "interestExpense": 36000000,
        "depreciationAndAmortization": 55000000,
        "ebitda": 100000000,
        "ebitdaratio": 0.2150537634,
        "operatingIncome": 46000000,
        "operatingIncomeRatio": 0.0989247312,
        "totalOtherIncomeExpensesNet": -38000000,
        "incomeBeforeTax": 8000000,
        "incomeBeforeTaxRatio": 0.0172043011,
        "incomeTaxExpense": -5000000,
        "netIncome": 14000000,
        "netIncomeRatio": 0.0301075269,
        "eps": 0.11,
        "epsdiluted": 0.11,
        "weightedAverageShsOut": 131000000,
        "weightedAverageShsOutDil": 133000000,
        "link": "https://www.sec.gov/Archives/edgar/data/225648/000022564819000127/0000225648-19-000127-index.html",
        "finalLink": "https://www.sec.gov/Archives/edgar/data/225648/000022564819000127/cva-093019x10q.htm"
    },
    {
        "date": "2019-06-30",
        "symbol": "CVA",
        "reportedCurrency": "USD",
        "cik": "0000225648",
        "fillingDate": "2019-07-26",
        "acceptedDate": "2019-07-26 16:30:39",
        "calendarYear": "2019",
        "period": "Q2",
        "revenue": 467000000,
        "costOfRevenue": 354000000,
        "grossProfit": 113000000,
        "grossProfitRatio": 0.2419700214,
        "researchAndDevelopmentExpenses": 0,
        "generalAndAdministrativeExpenses": 31000000,
        "sellingAndMarketingExpenses": 71000000,
        "sellingGeneralAndAdministrativeExpenses": 102000000,
        "otherExpenses": 0,
        "operatingExpenses": 102000000,
        "costAndExpenses": 456000000,
        "interestIncome": 0,
        "interestExpense": 36000000,
        "depreciationAndAmortization": 55000000,
        "ebitda": 67000000,
        "ebitdaratio": 0.1434689507,
        "operatingIncome": 11000000,
        "operatingIncomeRatio": 0.0235546039,
        "totalOtherIncomeExpensesNet": -38000000,
        "incomeBeforeTax": -27000000,
        "incomeBeforeTaxRatio": -0.0578158458,
        "incomeTaxExpense": -3000000,
        "netIncome": -21000000,
        "netIncomeRatio": -0.0449678801,
        "eps": -0.16,
        "epsdiluted": -0.16,
        "weightedAverageShsOut": 131000000,
        "weightedAverageShsOutDil": 131000000,
        "link": "https://www.sec.gov/Archives/edgar/data/225648/000022564819000108/0000225648-19-000108-index.html",
        "finalLink": "https://www.sec.gov/Archives/edgar/data/225648/000022564819000108/cva-063019x10q.htm"
    },
    {
        "date": "2019-03-31",
        "symbol": "CVA",
        "reportedCurrency": "USD",
        "cik": "0000225648",
        "fillingDate": "2019-04-26",
        "acceptedDate": "2019-04-26 16:16:41",
        "calendarYear": "2019",
        "period": "Q1",
        "revenue": 453000000,
        "costOfRevenue": 359000000,
        "grossProfit": 94000000,
        "grossProfitRatio": 0.2075055188,
        "researchAndDevelopmentExpenses": 0,
        "generalAndAdministrativeExpenses": 30000000,
        "sellingAndMarketingExpenses": 72000000,
        "sellingGeneralAndAdministrativeExpenses": 102000000,
        "otherExpenses": 0,
        "operatingExpenses": 102000000,
        "costAndExpenses": 461000000,
        "interestIncome": 0,
        "interestExpense": 36000000,
        "depreciationAndAmortization": 55000000,
        "ebitda": 98000000,
        "ebitdaratio": 0.2163355408,
        "operatingIncome": -8000000,
        "operatingIncomeRatio": -0.0176600442,
        "totalOtherIncomeExpensesNet": 15000000,
        "incomeBeforeTax": 7000000,
        "incomeBeforeTaxRatio": 0.0154525386,
        "incomeTaxExpense": 2000000,
        "netIncome": 5000000,
        "netIncomeRatio": 0.0110375276,
        "eps": 0.0382,
        "epsdiluted": 0.0376,
        "weightedAverageShsOut": 131000000,
        "weightedAverageShsOutDil": 133000000,
        "link": "https://www.sec.gov/Archives/edgar/data/225648/000022564819000083/0000225648-19-000083-index.html",
        "finalLink": "https://www.sec.gov/Archives/edgar/data/225648/000022564819000083/cva-033119x10q.htm"
    },
    {
        "date": "2018-12-31",
        "symbol": "CVA",
        "reportedCurrency": "USD",
        "cik": "0000225648",
        "fillingDate": "2019-02-19",
        "acceptedDate": "2019-02-19 17:22:43",
        "calendarYear": "2018",
        "period": "Q4",
        "revenue": 500000000,
        "costOfRevenue": 334000000,
        "grossProfit": 166000000,
        "grossProfitRatio": 0.332,
        "researchAndDevelopmentExpenses": 0,
        "generalAndAdministrativeExpenses": 30000000,
        "sellingAndMarketingExpenses": 77000000,
        "sellingGeneralAndAdministrativeExpenses": 107000000,
        "otherExpenses": 0,
        "operatingExpenses": 107000000,
        "costAndExpenses": 441000000,
        "interestIncome": 0,
        "interestExpense": 34000000,
        "depreciationAndAmortization": 56000000,
        "ebitda": 104000000,
        "ebitdaratio": 0.208,
        "operatingIncome": 59000000,
        "operatingIncomeRatio": 0.118,
        "totalOtherIncomeExpensesNet": -48000000,
        "incomeBeforeTax": 11000000,
        "incomeBeforeTaxRatio": 0.022,
        "incomeTaxExpense": 5000000,
        "netIncome": 9000000,
        "netIncomeRatio": 0.018,
        "eps": 0.0692,
        "epsdiluted": 0.0677,
        "weightedAverageShsOut": 130000000,
        "weightedAverageShsOutDil": 133000000,
        "link": "https://www.sec.gov/Archives/edgar/data/225648/000022564819000009/0000225648-19-000009-index.html",
        "finalLink": "https://www.sec.gov/Archives/edgar/data/225648/000022564819000009/cva-123118x10k.htm"
    },
    {
        "date": "2018-09-30",
        "symbol": "CVA",
        "reportedCurrency": "USD",
        "cik": "0000225648",
        "fillingDate": "2018-10-26",
        "acceptedDate": "2018-10-26 16:16:51",
        "calendarYear": "2018",
        "period": "Q3",
        "revenue": 456000000,
        "costOfRevenue": 308000000,
        "grossProfit": 148000000,
        "grossProfitRatio": 0.3245614035,
        "researchAndDevelopmentExpenses": 0,
        "generalAndAdministrativeExpenses": 27000000,
        "sellingAndMarketingExpenses": 70000000,
        "sellingGeneralAndAdministrativeExpenses": 97000000,
        "otherExpenses": 0,
        "operatingExpenses": 97000000,
        "costAndExpenses": 405000000,
        "interestIncome": 0,
        "interestExpense": 37000000,
        "depreciationAndAmortization": 53000000,
        "ebitda": 60000000,
        "ebitdaratio": 0.1315789474,
        "operatingIncome": 51000000,
        "operatingIncomeRatio": 0.1118421053,
        "totalOtherIncomeExpensesNet": -82000000,
        "incomeBeforeTax": -31000000,
        "incomeBeforeTaxRatio": -0.0679824561,
        "incomeTaxExpense": -3000000,
        "netIncome": -27000000,
        "netIncomeRatio": -0.0592105263,
        "eps": -0.21,
        "epsdiluted": -0.21,
        "weightedAverageShsOut": 130000000,
        "weightedAverageShsOutDil": 130000000,
        "link": "https://www.sec.gov/Archives/edgar/data/225648/000022564818000156/0000225648-18-000156-index.html",
        "finalLink": "https://www.sec.gov/Archives/edgar/data/225648/000022564818000156/cva-093018x10q.htm"
    },
    {
        "date": "2018-06-30",
        "symbol": "CVA",
        "reportedCurrency": "USD",
        "cik": "0000225648",
        "fillingDate": "2018-07-27",
        "acceptedDate": "2018-07-27 16:16:44",
        "calendarYear": "2018",
        "period": "Q2",
        "revenue": 454000000,
        "costOfRevenue": 334000000,
        "grossProfit": 120000000,
        "grossProfitRatio": 0.2643171806,
        "researchAndDevelopmentExpenses": 0,
        "generalAndAdministrativeExpenses": 27000000,
        "sellingAndMarketingExpenses": 74000000,
        "sellingGeneralAndAdministrativeExpenses": 101000000,
        "otherExpenses": 0,
        "operatingExpenses": 101000000,
        "costAndExpenses": 435000000,
        "interestIncome": 0,
        "interestExpense": 36000000,
        "depreciationAndAmortization": 55000000,
        "ebitda": 38000000,
        "ebitdaratio": 0.0837004405,
        "operatingIncome": 19000000,
        "operatingIncomeRatio": 0.0418502203,
        "totalOtherIncomeExpensesNet": -74000000,
        "incomeBeforeTax": -55000000,
        "incomeBeforeTaxRatio": -0.1211453744,
        "incomeTaxExpense": -22000000,
        "netIncome": -31000000,
        "netIncomeRatio": -0.0682819383,
        "eps": -0.24,
        "epsdiluted": -0.24,
        "weightedAverageShsOut": 130000000,
        "weightedAverageShsOutDil": 130000000,
        "link": "https://www.sec.gov/Archives/edgar/data/225648/000022564818000115/0000225648-18-000115-index.html",
        "finalLink": "https://www.sec.gov/Archives/edgar/data/225648/000022564818000115/cva-063018x10q.htm"
    },
    {
        "date": "2018-03-31",
        "symbol": "CVA",
        "reportedCurrency": "USD",
        "cik": "0000225648",
        "fillingDate": "2018-04-27",
        "acceptedDate": "2018-04-27 16:23:14",
        "calendarYear": "2018",
        "period": "Q1",
        "revenue": 458000000,
        "costOfRevenue": 345000000,
        "grossProfit": 113000000,
        "grossProfitRatio": 0.2467248908,
        "researchAndDevelopmentExpenses": 0,
        "generalAndAdministrativeExpenses": 31000000,
        "sellingAndMarketingExpenses": 62000000,
        "sellingGeneralAndAdministrativeExpenses": 93000000,
        "otherExpenses": 0,
        "operatingExpenses": 93000000,
        "costAndExpenses": 438000000,
        "interestIncome": 0,
        "interestExpense": 38000000,
        "depreciationAndAmortization": 54000000,
        "ebitda": 284000000,
        "ebitdaratio": 0.6200873362,
        "operatingIncome": 20000000,
        "operatingIncomeRatio": 0.0436681223,
        "totalOtherIncomeExpensesNet": 172000000,
        "incomeBeforeTax": 192000000,
        "incomeBeforeTaxRatio": 0.4192139738,
        "incomeTaxExpense": -9000000,
        "netIncome": 201000000,
        "netIncomeRatio": 0.4388646288,
        "eps": 1.55,
        "epsdiluted": 1.52,
        "weightedAverageShsOut": 130000000,
        "weightedAverageShsOutDil": 132000000,
        "link": "https://www.sec.gov/Archives/edgar/data/225648/000022564818000068/0000225648-18-000068-index.html",
        "finalLink": "https://www.sec.gov/Archives/edgar/data/225648/000022564818000068/cva-033118x10q.htm"
    },
    {
        "date": "2017-12-31",
        "symbol": "CVA",
        "reportedCurrency": "USD",
        "cik": "0000225648",
        "fillingDate": "2018-02-26",
        "acceptedDate": "2018-02-26 16:39:10",
        "calendarYear": "2017",
        "period": "Q4",
        "revenue": 495000000,
        "costOfRevenue": 319000000,
        "grossProfit": 176000000,
        "grossProfitRatio": 0.3555555556,
        "researchAndDevelopmentExpenses": 0,
        "generalAndAdministrativeExpenses": 30000000,
        "sellingAndMarketingExpenses": 87000000,
        "sellingGeneralAndAdministrativeExpenses": 117000000,
        "otherExpenses": 0,
        "operatingExpenses": 117000000,
        "costAndExpenses": 436000000,
        "interestIncome": 0,
        "interestExpense": 41000000,
        "depreciationAndAmortization": 60000000,
        "ebitda": 46000000,
        "ebitdaratio": 0.0929292929,
        "operatingIncome": 59000000,
        "operatingIncomeRatio": 0.1191919192,
        "totalOtherIncomeExpensesNet": -114000000,
        "incomeBeforeTax": -55000000,
        "incomeBeforeTaxRatio": -0.1111111111,
        "incomeTaxExpense": -186000000,
        "netIncome": 131000000,
        "netIncomeRatio": 0.2646464646,
        "eps": 1.01,
        "epsdiluted": 1,
        "weightedAverageShsOut": 130000000,
        "weightedAverageShsOutDil": 131000000,
        "link": "https://www.sec.gov/Archives/edgar/data/225648/000022564818000008/0000225648-18-000008-index.html",
        "finalLink": "https://www.sec.gov/Archives/edgar/data/225648/000022564818000008/cva-123117x10k.htm"
    },
    {
        "date": "2017-09-30",
        "symbol": "CVA",
        "reportedCurrency": "USD",
        "cik": "0000225648",
        "fillingDate": "2017-10-27",
        "acceptedDate": "2017-10-27 16:17:27",
        "calendarYear": "2017",
        "period": "Q3",
        "revenue": 429000000,
        "costOfRevenue": 301000000,
        "grossProfit": 128000000,
        "grossProfitRatio": 0.2983682984,
        "researchAndDevelopmentExpenses": 0,
        "generalAndAdministrativeExpenses": 24000000,
        "sellingAndMarketingExpenses": 58000000,
        "sellingGeneralAndAdministrativeExpenses": 82000000,
        "otherExpenses": 0,
        "operatingExpenses": 82000000,
        "costAndExpenses": 383000000,
        "interestIncome": 0,
        "interestExpense": 35000000,
        "depreciationAndAmortization": 51000000,
        "ebitda": 99000000,
        "ebitdaratio": 0.2307692308,
        "operatingIncome": 46000000,
        "operatingIncomeRatio": 0.1072261072,
        "totalOtherIncomeExpensesNet": -33000000,
        "incomeBeforeTax": 13000000,
        "incomeBeforeTaxRatio": 0.0303030303,
        "incomeTaxExpense": -2000000,
        "netIncome": 15000000,
        "netIncomeRatio": 0.034965035,
        "eps": 0.12,
        "epsdiluted": 0.11,
        "weightedAverageShsOut": 130000000,
        "weightedAverageShsOutDil": 131000000,
        "link": "https://www.sec.gov/Archives/edgar/data/225648/000022564817000136/0000225648-17-000136-index.html",
        "finalLink": "https://www.sec.gov/Archives/edgar/data/225648/000022564817000136/cva-093017x10q.htm"
    },
    {
        "date": "2017-06-30",
        "symbol": "CVA",
        "reportedCurrency": "USD",
        "cik": "0000225648",
        "fillingDate": "2017-07-28",
        "acceptedDate": "2017-07-28 16:19:47",
        "calendarYear": "2017",
        "period": "Q2",
        "revenue": 424000000,
        "costOfRevenue": 319000000,
        "grossProfit": 105000000,
        "grossProfitRatio": 0.2476415094,
        "researchAndDevelopmentExpenses": 0,
        "generalAndAdministrativeExpenses": 30000000,
        "sellingAndMarketingExpenses": 54000000,
        "sellingGeneralAndAdministrativeExpenses": 84000000,
        "otherExpenses": 0,
        "operatingExpenses": 84000000,
        "costAndExpenses": 403000000,
        "interestIncome": 0,
        "interestExpense": 35000000,
        "depreciationAndAmortization": 52000000,
        "ebitda": 58000000,
        "ebitdaratio": 0.1367924528,
        "operatingIncome": 21000000,
        "operatingIncomeRatio": 0.0495283019,
        "totalOtherIncomeExpensesNet": -51000000,
        "incomeBeforeTax": -30000000,
        "incomeBeforeTaxRatio": -0.070754717,
        "incomeTaxExpense": 8000000,
        "netIncome": -37000000,
        "netIncomeRatio": -0.0872641509,
        "eps": -0.28,
        "epsdiluted": -0.28,
        "weightedAverageShsOut": 130000000,
        "weightedAverageShsOutDil": 130000000,
        "link": "https://www.sec.gov/Archives/edgar/data/225648/000022564817000115/0000225648-17-000115-index.html",
        "finalLink": "https://www.sec.gov/Archives/edgar/data/225648/000022564817000115/cva-063017x10q.htm"
    },
    {
        "date": "2017-03-31",
        "symbol": "CVA",
        "reportedCurrency": "USD",
        "cik": "0000225648",
        "fillingDate": "2017-04-27",
        "acceptedDate": "2017-04-27 16:36:01",
        "calendarYear": "2017",
        "period": "Q1",
        "revenue": 404000000,
        "costOfRevenue": 332000000,
        "grossProfit": 72000000,
        "grossProfitRatio": 0.1782178218,
        "researchAndDevelopmentExpenses": 0,
        "generalAndAdministrativeExpenses": 28000000,
        "sellingAndMarketingExpenses": 67000000,
        "sellingGeneralAndAdministrativeExpenses": 95000000,
        "otherExpenses": 0,
        "operatingExpenses": 95000000,
        "costAndExpenses": 427000000,
        "interestIncome": 0,
        "interestExpense": 36000000,
        "depreciationAndAmortization": 52000000,
        "ebitda": 25000000,
        "ebitdaratio": 0.0618811881,
        "operatingIncome": -23000000,
        "operatingIncomeRatio": -0.0569306931,
        "totalOtherIncomeExpensesNet": -40000000,
        "incomeBeforeTax": -63000000,
        "incomeBeforeTaxRatio": -0.1559405941,
        "incomeTaxExpense": -11000000,
        "netIncome": -52000000,
        "netIncomeRatio": -0.1287128713,
        "eps": -0.4,
        "epsdiluted": -0.4,
        "weightedAverageShsOut": 129000000,
        "weightedAverageShsOutDil": 129000000,
        "link": "https://www.sec.gov/Archives/edgar/data/225648/000022564817000066/0000225648-17-000066-index.html",
        "finalLink": "https://www.sec.gov/Archives/edgar/data/225648/000022564817000066/cva-033117x10q.htm"
    },
    {
        "date": "2016-12-31",
        "symbol": "CVA",
        "reportedCurrency": "USD",
        "cik": "0000225648",
        "fillingDate": "2017-02-28",
        "acceptedDate": "2017-02-28 06:19:08",
        "calendarYear": "2016",
        "period": "Q4",
        "revenue": 457000000,
        "costOfRevenue": 276000000,
        "grossProfit": 181000000,
        "grossProfitRatio": 0.3960612691,
        "researchAndDevelopmentExpenses": 0,
        "generalAndAdministrativeExpenses": 29000000,
        "sellingAndMarketingExpenses": 93000000,
        "sellingGeneralAndAdministrativeExpenses": 122000000,
        "otherExpenses": 0,
        "operatingExpenses": 122000000,
        "costAndExpenses": 398000000,
        "interestIncome": 0,
        "interestExpense": 36000000,
        "depreciationAndAmortization": 52000000,
        "ebitda": 113000000,
        "ebitdaratio": 0.2472647702,
        "operatingIncome": 59000000,
        "operatingIncomeRatio": 0.1291028446,
        "totalOtherIncomeExpensesNet": -35000000,
        "incomeBeforeTax": 24000000,
        "incomeBeforeTaxRatio": 0.0525164114,
        "incomeTaxExpense": 17000000,
        "netIncome": 8000000,
        "netIncomeRatio": 0.0175054705,
        "eps": 0.062,
        "epsdiluted": 0.062,
        "weightedAverageShsOut": 129000000,
        "weightedAverageShsOutDil": 129000000,
        "link": "https://www.sec.gov/Archives/edgar/data/225648/000022564817000012/0000225648-17-000012-index.html",
        "finalLink": "https://www.sec.gov/Archives/edgar/data/225648/000022564817000012/cva-123116x10k.htm"
    },
    {
        "date": "2016-09-30",
        "symbol": "CVA",
        "reportedCurrency": "USD",
        "cik": "0000225648",
        "fillingDate": "2016-10-26",
        "acceptedDate": "2016-10-26 17:06:38",
        "calendarYear": "2016",
        "period": "Q3",
        "revenue": 421000000,
        "costOfRevenue": 272000000,
        "grossProfit": 149000000,
        "grossProfitRatio": 0.3539192399,
        "researchAndDevelopmentExpenses": 0,
        "generalAndAdministrativeExpenses": 23000000,
        "sellingAndMarketingExpenses": 66000000,
        "sellingGeneralAndAdministrativeExpenses": 89000000,
        "otherExpenses": 0,
        "operatingExpenses": 89000000,
        "costAndExpenses": 361000000,
        "interestIncome": 0,
        "interestExpense": 35000000,
        "depreciationAndAmortization": 52000000,
        "ebitda": 153000000,
        "ebitdaratio": 0.3634204276,
        "operatingIncome": 60000000,
        "operatingIncomeRatio": 0.1425178147,
        "totalOtherIncomeExpensesNet": 7000000,
        "incomeBeforeTax": 67000000,
        "incomeBeforeTaxRatio": 0.1591448931,
        "incomeTaxExpense": 12000000,
        "netIncome": 54000000,
        "netIncomeRatio": 0.1282660333,
        "eps": 0.42,
        "epsdiluted": 0.41,
        "weightedAverageShsOut": 129000000,
        "weightedAverageShsOutDil": 131000000,
        "link": "https://www.sec.gov/Archives/edgar/data/225648/000022564816000223/0000225648-16-000223-index.html",
        "finalLink": "https://www.sec.gov/Archives/edgar/data/225648/000022564816000223/cva-93016x10q.htm"
    },
    {
        "date": "2016-06-30",
        "symbol": "CVA",
        "reportedCurrency": "USD",
        "cik": "0000225648",
        "fillingDate": "2016-07-28",
        "acceptedDate": "2016-07-28 16:53:56",
        "calendarYear": "2016",
        "period": "Q2",
        "revenue": 418000000,
        "costOfRevenue": 314000000,
        "grossProfit": 104000000,
        "grossProfitRatio": 0.2488038278,
        "researchAndDevelopmentExpenses": 0,
        "generalAndAdministrativeExpenses": 25000000,
        "sellingAndMarketingExpenses": 70000000,
        "sellingGeneralAndAdministrativeExpenses": 95000000,
        "otherExpenses": 0,
        "operatingExpenses": 95000000,
        "costAndExpenses": 409000000,
        "interestIncome": 0,
        "interestExpense": 34000000,
        "depreciationAndAmortization": 51000000,
        "ebitda": 59000000,
        "ebitdaratio": 0.1411483254,
        "operatingIncome": 9000000,
        "operatingIncomeRatio": 0.0215311005,
        "totalOtherIncomeExpensesNet": -36000000,
        "incomeBeforeTax": -27000000,
        "incomeBeforeTaxRatio": -0.0645933014,
        "incomeTaxExpense": 3000000,
        "netIncome": -29000000,
        "netIncomeRatio": -0.0693779904,
        "eps": -0.22,
        "epsdiluted": -0.22,
        "weightedAverageShsOut": 129000000,
        "weightedAverageShsOutDil": 129000000,
        "link": "https://www.sec.gov/Archives/edgar/data/225648/000022564816000209/0000225648-16-000209-index.htm",
        "finalLink": "https://www.sec.gov/Archives/edgar/data/225648/000022564816000209/cva-63016x10q.htm"
    },
    {
        "date": "2016-03-31",
        "symbol": "CVA",
        "reportedCurrency": "USD",
        "cik": "0000225648",
        "fillingDate": "2016-04-27",
        "acceptedDate": "2016-04-27 16:37:19",
        "calendarYear": "2016",
        "period": "Q1",
        "revenue": 403000000,
        "costOfRevenue": 315000000,
        "grossProfit": 88000000,
        "grossProfitRatio": 0.2183622829,
        "researchAndDevelopmentExpenses": 0,
        "generalAndAdministrativeExpenses": 23000000,
        "sellingAndMarketingExpenses": 64000000,
        "sellingGeneralAndAdministrativeExpenses": 87000000,
        "otherExpenses": 0,
        "operatingExpenses": 87000000,
        "costAndExpenses": 402000000,
        "interestIncome": 0,
        "interestExpense": 34000000,
        "depreciationAndAmortization": 52000000,
        "ebitda": 39000000,
        "ebitdaratio": 0.0967741935,
        "operatingIncome": 1000000,
        "operatingIncomeRatio": 0.0024813896,
        "totalOtherIncomeExpensesNet": -51000000,
        "incomeBeforeTax": -50000000,
        "incomeBeforeTaxRatio": -0.1240694789,
        "incomeTaxExpense": -10000000,
        "netIncome": -37000000,
        "netIncomeRatio": -0.0918114144,
        "eps": -0.29,
        "epsdiluted": -0.29,
        "weightedAverageShsOut": 129000000,
        "weightedAverageShsOutDil": 129000000,
        "link": "https://www.sec.gov/Archives/edgar/data/225648/000022564816000180/0000225648-16-000180-index.html",
        "finalLink": "https://www.sec.gov/Archives/edgar/data/225648/000022564816000180/cva-33116x10q.htm"
    },
    {
        "date": "2015-12-31",
        "symbol": "CVA",
        "reportedCurrency": "USD",
        "cik": "0000225648",
        "fillingDate": "2016-02-26",
        "acceptedDate": "2016-02-26 17:12:11",
        "calendarYear": "2015",
        "period": "Q4",
        "revenue": 432000000,
        "costOfRevenue": 280000000,
        "grossProfit": 152000000,
        "grossProfitRatio": 0.3518518519,
        "researchAndDevelopmentExpenses": 0,
        "generalAndAdministrativeExpenses": 22000000,
        "sellingAndMarketingExpenses": 68000000,
        "sellingGeneralAndAdministrativeExpenses": 90000000,
        "otherExpenses": 0,
        "operatingExpenses": 90000000,
        "costAndExpenses": 370000000,
        "interestIncome": 0,
        "interestExpense": 32000000,
        "depreciationAndAmortization": 50000000,
        "ebitda": 94000000,
        "ebitdaratio": 0.2175925926,
        "operatingIncome": 62000000,
        "operatingIncomeRatio": 0.1435185185,
        "totalOtherIncomeExpensesNet": -51000000,
        "incomeBeforeTax": 11000000,
        "incomeBeforeTaxRatio": 0.025462963,
        "incomeTaxExpense": -65000000,
        "netIncome": 77000000,
        "netIncomeRatio": 0.1782407407,
        "eps": 0.59,
        "epsdiluted": 0.58,
        "weightedAverageShsOut": 131000000,
        "weightedAverageShsOutDil": 133000000,
        "link": "https://www.sec.gov/Archives/edgar/data/225648/000022564816000130/0000225648-16-000130-index.html",
        "finalLink": "https://www.sec.gov/Archives/edgar/data/225648/000022564816000130/cva-123115x10k.htm"
    },
    {
        "date": "2015-09-30",
        "symbol": "CVA",
        "reportedCurrency": "USD",
        "cik": "0000225648",
        "fillingDate": "2015-10-29",
        "acceptedDate": "2015-10-29 16:58:24",
        "calendarYear": "2015",
        "period": "Q3",
        "revenue": 422000000,
        "costOfRevenue": 260000000,
        "grossProfit": 162000000,
        "grossProfitRatio": 0.3838862559,
        "researchAndDevelopmentExpenses": 0,
        "generalAndAdministrativeExpenses": 20000000,
        "sellingAndMarketingExpenses": 68000000,
        "sellingGeneralAndAdministrativeExpenses": 88000000,
        "otherExpenses": 0,
        "operatingExpenses": 88000000,
        "costAndExpenses": 348000000,
        "interestIncome": 0,
        "interestExpense": 34000000,
        "depreciationAndAmortization": 50000000,
        "ebitda": 129000000,
        "ebitdaratio": 0.3056872038,
        "operatingIncome": 74000000,
        "operatingIncomeRatio": 0.1753554502,
        "totalOtherIncomeExpensesNet": -34000000,
        "incomeBeforeTax": 40000000,
        "incomeBeforeTaxRatio": 0.0947867299,
        "incomeTaxExpense": 11000000,
        "netIncome": 34000000,
        "netIncomeRatio": 0.0805687204,
        "eps": 0.26,
        "epsdiluted": 0.25,
        "weightedAverageShsOut": 132000000,
        "weightedAverageShsOutDil": 134000000,
        "link": "https://www.sec.gov/Archives/edgar/data/225648/000022564815000112/0000225648-15-000112-index.html",
        "finalLink": "https://www.sec.gov/Archives/edgar/data/225648/000022564815000112/cva-93015x10q.htm"
    },
    {
        "date": "2015-06-30",
        "symbol": "CVA",
        "reportedCurrency": "USD",
        "cik": "0000225648",
        "fillingDate": "2015-07-29",
        "acceptedDate": "2015-07-29 16:59:34",
        "calendarYear": "2015",
        "period": "Q2",
        "revenue": 408000000,
        "costOfRevenue": 300000000,
        "grossProfit": 108000000,
        "grossProfitRatio": 0.2647058824,
        "researchAndDevelopmentExpenses": 0,
        "generalAndAdministrativeExpenses": 23000000,
        "sellingAndMarketingExpenses": 76000000,
        "sellingGeneralAndAdministrativeExpenses": 99000000,
        "otherExpenses": 0,
        "operatingExpenses": 99000000,
        "costAndExpenses": 399000000,
        "interestIncome": 0,
        "interestExpense": 33000000,
        "depreciationAndAmortization": 50000000,
        "ebitda": 37000000,
        "ebitdaratio": 0.0906862745,
        "operatingIncome": 9000000,
        "operatingIncomeRatio": 0.0220588235,
        "totalOtherIncomeExpensesNet": -58000000,
        "incomeBeforeTax": -49000000,
        "incomeBeforeTaxRatio": -0.1200980392,
        "incomeTaxExpense": -40000000,
        "netIncome": -6000000,
        "netIncomeRatio": -0.0147058824,
        "eps": -0.0455,
        "epsdiluted": -0.0455,
        "weightedAverageShsOut": 132000000,
        "weightedAverageShsOutDil": 132000000,
        "link": "https://www.sec.gov/Archives/edgar/data/225648/000022564815000103/0000225648-15-000103-index.html",
        "finalLink": "https://www.sec.gov/Archives/edgar/data/225648/000022564815000103/cva-63015x10q.htm"
    },
    {
        "date": "2015-03-31",
        "symbol": "CVA",
        "reportedCurrency": "USD",
        "cik": "0000225648",
        "fillingDate": "2015-04-23",
        "acceptedDate": "2015-04-23 16:20:55",
        "calendarYear": "2015",
        "period": "Q1",
        "revenue": 383000000,
        "costOfRevenue": 289000000,
        "grossProfit": 94000000,
        "grossProfitRatio": 0.2454308094,
        "researchAndDevelopmentExpenses": 0,
        "generalAndAdministrativeExpenses": 28000000,
        "sellingAndMarketingExpenses": 59000000,
        "sellingGeneralAndAdministrativeExpenses": 87000000,
        "otherExpenses": 0,
        "operatingExpenses": 87000000,
        "costAndExpenses": 376000000,
        "interestIncome": 0,
        "interestExpense": 35000000,
        "depreciationAndAmortization": 48000000,
        "ebitda": 56000000,
        "ebitdaratio": 0.1462140992,
        "operatingIncome": 7000000,
        "operatingIncomeRatio": 0.0182767624,
        "totalOtherIncomeExpensesNet": -37000000,
        "incomeBeforeTax": -30000000,
        "incomeBeforeTaxRatio": -0.0783289817,
        "incomeTaxExpense": 10000000,
        "netIncome": -37000000,
        "netIncomeRatio": -0.0966057441,
        "eps": -0.28,
        "epsdiluted": -0.28,
        "weightedAverageShsOut": 132000000,
        "weightedAverageShsOutDil": 132000000,
        "link": "https://www.sec.gov/Archives/edgar/data/225648/000022564815000061/0000225648-15-000061-index.html",
        "finalLink": "https://www.sec.gov/Archives/edgar/data/225648/000022564815000061/cva-33115x10q.htm"
    },
    {
        "date": "2014-12-31",
        "symbol": "CVA",
        "reportedCurrency": "USD",
        "cik": "0000225648",
        "fillingDate": "2015-03-02",
        "acceptedDate": "2015-03-02 15:52:06",
        "calendarYear": "2014",
        "period": "Q4",
        "revenue": 435000000,
        "costOfRevenue": 257000000,
        "grossProfit": 178000000,
        "grossProfitRatio": 0.4091954023,
        "researchAndDevelopmentExpenses": 0,
        "generalAndAdministrativeExpenses": 24000000,
        "sellingAndMarketingExpenses": 90000000,
        "sellingGeneralAndAdministrativeExpenses": 114000000,
        "otherExpenses": 0,
        "operatingExpenses": 114000000,
        "costAndExpenses": 371000000,
        "interestIncome": 0,
        "interestExpense": 35000000,
        "depreciationAndAmortization": 53000000,
        "ebitda": 117000000,
        "ebitdaratio": 0.2689655172,
        "operatingIncome": 64000000,
        "operatingIncomeRatio": 0.1471264368,
        "totalOtherIncomeExpensesNet": -33000000,
        "incomeBeforeTax": 31000000,
        "incomeBeforeTaxRatio": 0.0712643678,
        "incomeTaxExpense": 35000000,
        "netIncome": -4000000,
        "netIncomeRatio": -0.0091954023,
        "eps": -0.0305,
        "epsdiluted": -0.0305,
        "weightedAverageShsOut": 131000000,
        "weightedAverageShsOutDil": 131000000,
        "link": "https://www.sec.gov/Archives/edgar/data/225648/000022564815000008/0000225648-15-000008-index.htm",
        "finalLink": "https://www.sec.gov/Archives/edgar/data/225648/000022564815000008/cva-123114x10k.htm"
    },
    {
        "date": "2014-09-30",
        "symbol": "CVA",
        "reportedCurrency": "USD",
        "cik": "0000225648",
        "fillingDate": "2014-10-23",
        "acceptedDate": "2014-10-23 16:10:45",
        "calendarYear": "2014",
        "period": "Q3",
        "revenue": 414000000,
        "costOfRevenue": 248000000,
        "grossProfit": 166000000,
        "grossProfitRatio": 0.4009661836,
        "researchAndDevelopmentExpenses": 0,
        "generalAndAdministrativeExpenses": 26000000,
        "sellingAndMarketingExpenses": 72000000,
        "sellingGeneralAndAdministrativeExpenses": 98000000,
        "otherExpenses": 0,
        "operatingExpenses": 98000000,
        "costAndExpenses": 346000000,
        "interestIncome": 0,
        "interestExpense": 33000000,
        "depreciationAndAmortization": 52000000,
        "ebitda": 75000000,
        "ebitdaratio": 0.1811594203,
        "operatingIncome": 68000000,
        "operatingIncomeRatio": 0.1642512077,
        "totalOtherIncomeExpensesNet": -80000000,
        "incomeBeforeTax": -12000000,
        "incomeBeforeTaxRatio": -0.0289855072,
        "incomeTaxExpense": -16000000,
        "netIncome": 6000000,
        "netIncomeRatio": 0.0144927536,
        "eps": 0.0462,
        "epsdiluted": 0.0458,
        "weightedAverageShsOut": 130000000,
        "weightedAverageShsOutDil": 131000000,
        "link": "https://www.sec.gov/Archives/edgar/data/225648/000022564814000107/0000225648-14-000107-index.html",
        "finalLink": "https://www.sec.gov/Archives/edgar/data/225648/000022564814000107/cva-93014x10q.htm"
    },
    {
        "date": "2014-06-30",
        "symbol": "CVA",
        "reportedCurrency": "USD",
        "cik": "0000225648",
        "fillingDate": "2014-08-08",
        "acceptedDate": "2014-08-08 16:01:33",
        "calendarYear": "2014",
        "period": "Q2",
        "revenue": 432000000,
        "costOfRevenue": 268000000,
        "grossProfit": 164000000,
        "grossProfitRatio": 0.3796296296,
        "researchAndDevelopmentExpenses": 0,
        "generalAndAdministrativeExpenses": 26000000,
        "sellingAndMarketingExpenses": 82000000,
        "sellingGeneralAndAdministrativeExpenses": 108000000,
        "otherExpenses": 0,
        "operatingExpenses": 108000000,
        "costAndExpenses": 376000000,
        "interestIncome": 0,
        "interestExpense": 35000000,
        "depreciationAndAmortization": 53000000,
        "ebitda": 99000000,
        "ebitdaratio": 0.2291666667,
        "operatingIncome": 56000000,
        "operatingIncomeRatio": 0.1296296296,
        "totalOtherIncomeExpensesNet": -47000000,
        "incomeBeforeTax": 9000000,
        "incomeBeforeTaxRatio": 0.0208333333,
        "incomeTaxExpense": 10000000,
        "netIncome": 1000000,
        "netIncomeRatio": 0.0023148148,
        "eps": 0.0077,
        "epsdiluted": 0.0076,
        "weightedAverageShsOut": 130000000,
        "weightedAverageShsOutDil": 131000000,
        "link": "https://www.sec.gov/Archives/edgar/data/225648/000022564814000083/0000225648-14-000083-index.html",
        "finalLink": "https://www.sec.gov/Archives/edgar/data/225648/000022564814000083/cva-63014x10q.htm"
    },
    {
        "date": "2014-03-31",
        "symbol": "CVA",
        "reportedCurrency": "USD",
        "cik": "0000225648",
        "fillingDate": "2014-04-23",
        "acceptedDate": "2014-04-23 16:03:26",
        "calendarYear": "2014",
        "period": "Q1",
        "revenue": 401000000,
        "costOfRevenue": 282000000,
        "grossProfit": 119000000,
        "grossProfitRatio": 0.2967581047,
        "researchAndDevelopmentExpenses": 0,
        "generalAndAdministrativeExpenses": 21000000,
        "sellingAndMarketingExpenses": 71000000,
        "sellingGeneralAndAdministrativeExpenses": 92000000,
        "otherExpenses": 0,
        "operatingExpenses": 92000000,
        "costAndExpenses": 374000000,
        "interestIncome": 0,
        "interestExpense": 32000000,
        "depreciationAndAmortization": 53000000,
        "ebitda": 62000000,
        "ebitdaratio": 0.1546134663,
        "operatingIncome": 27000000,
        "operatingIncomeRatio": 0.0673316708,
        "totalOtherIncomeExpensesNet": -51000000,
        "incomeBeforeTax": -24000000,
        "incomeBeforeTaxRatio": -0.0598503741,
        "incomeTaxExpense": -14000000,
        "netIncome": -9000000,
        "netIncomeRatio": -0.0224438903,
        "eps": -0.0698,
        "epsdiluted": -0.0698,
        "weightedAverageShsOut": 129000000,
        "weightedAverageShsOutDil": 129000000,
        "link": "https://www.sec.gov/Archives/edgar/data/225648/000022564814000033/0000225648-14-000033-index.html",
        "finalLink": "https://www.sec.gov/Archives/edgar/data/225648/000022564814000033/cva-33114x10q.htm"
    },
    {
        "date": "2013-12-31",
        "symbol": "CVA",
        "reportedCurrency": "USD",
        "cik": "0000225648",
        "fillingDate": "2014-02-18",
        "acceptedDate": "2014-02-18 17:11:57",
        "calendarYear": "2013",
        "period": "Q4",
        "revenue": 417000000,
        "costOfRevenue": 228000000,
        "grossProfit": 189000000,
        "grossProfitRatio": 0.4532374101,
        "researchAndDevelopmentExpenses": 0,
        "generalAndAdministrativeExpenses": 12000000,
        "sellingAndMarketingExpenses": 80000000,
        "sellingGeneralAndAdministrativeExpenses": 92000000,
        "otherExpenses": 0,
        "operatingExpenses": 92000000,
        "costAndExpenses": 320000000,
        "interestIncome": 0,
        "interestExpense": 33000000,
        "depreciationAndAmortization": 53000000,
        "ebitda": 145000000,
        "ebitdaratio": 0.3477218225,
        "operatingIncome": 97000000,
        "operatingIncomeRatio": 0.2326139089,
        "totalOtherIncomeExpensesNet": 12000000,
        "incomeBeforeTax": 109000000,
        "incomeBeforeTaxRatio": 0.2613908873,
        "incomeTaxExpense": 31000000,
        "netIncome": 28000000,
        "netIncomeRatio": 0.067146283,
        "eps": 0.22,
        "epsdiluted": 0.22,
        "weightedAverageShsOut": 129000000,
        "weightedAverageShsOutDil": 130000000,
        "link": "https://www.sec.gov/Archives/edgar/data/225648/000022564814000011/0000225648-14-000011-index.htm",
        "finalLink": "https://www.sec.gov/Archives/edgar/data/225648/000022564814000011/cva-123113x10k.htm"
    },
    {
        "date": "2013-09-30",
        "symbol": "CVA",
        "reportedCurrency": "USD",
        "cik": "0000225648",
        "fillingDate": "2013-10-24",
        "acceptedDate": "2013-10-24 16:01:59",
        "calendarYear": "2013",
        "period": "Q3",
        "revenue": 427000000,
        "costOfRevenue": 232000000,
        "grossProfit": 195000000,
        "grossProfitRatio": 0.4566744731,
        "researchAndDevelopmentExpenses": 0,
        "generalAndAdministrativeExpenses": 22000000,
        "sellingAndMarketingExpenses": 82000000,
        "sellingGeneralAndAdministrativeExpenses": 104000000,
        "otherExpenses": 0,
        "operatingExpenses": 104000000,
        "costAndExpenses": 336000000,
        "interestIncome": 0,
        "interestExpense": 33000000,
        "depreciationAndAmortization": 52000000,
        "ebitda": 132000000,
        "ebitdaratio": 0.3091334895,
        "operatingIncome": 91000000,
        "operatingIncomeRatio": 0.2131147541,
        "totalOtherIncomeExpensesNet": -48000000,
        "incomeBeforeTax": 43000000,
        "incomeBeforeTaxRatio": 0.1007025761,
        "incomeTaxExpense": 19000000,
        "netIncome": 28000000,
        "netIncomeRatio": 0.0655737705,
        "eps": 0.22,
        "epsdiluted": 0.22,
        "weightedAverageShsOut": 129000000,
        "weightedAverageShsOutDil": 130000000,
        "link": "https://www.sec.gov/Archives/edgar/data/225648/000022564813000064/0000225648-13-000064-index.html",
        "finalLink": "https://www.sec.gov/Archives/edgar/data/225648/000022564813000064/cva-93013x10q.htm"
    },
    {
        "date": "2013-06-30",
        "symbol": "CVA",
        "reportedCurrency": "USD",
        "cik": "0000225648",
        "fillingDate": "2013-07-18",
        "acceptedDate": "2013-07-18 16:03:06",
        "calendarYear": "2013",
        "period": "Q2",
        "revenue": 413000000,
        "costOfRevenue": 252000000,
        "grossProfit": 161000000,
        "grossProfitRatio": 0.3898305085,
        "researchAndDevelopmentExpenses": 0,
        "generalAndAdministrativeExpenses": 26000000,
        "sellingAndMarketingExpenses": 77000000,
        "sellingGeneralAndAdministrativeExpenses": 103000000,
        "otherExpenses": 0,
        "operatingExpenses": 103000000,
        "costAndExpenses": 355000000,
        "interestIncome": 0,
        "interestExpense": 33000000,
        "depreciationAndAmortization": 52000000,
        "ebitda": 54000000,
        "ebitdaratio": 0.1307506053,
        "operatingIncome": 58000000,
        "operatingIncomeRatio": 0.1404358354,
        "totalOtherIncomeExpensesNet": -90000000,
        "incomeBeforeTax": -32000000,
        "incomeBeforeTaxRatio": -0.0774818402,
        "incomeTaxExpense": 7000000,
        "netIncome": -38000000,
        "netIncomeRatio": -0.0920096852,
        "eps": -0.29,
        "epsdiluted": -0.29,
        "weightedAverageShsOut": 129000000,
        "weightedAverageShsOutDil": 129000000,
        "link": "https://www.sec.gov/Archives/edgar/data/225648/000022564813000049/0000225648-13-000049-index.html",
        "finalLink": "https://www.sec.gov/Archives/edgar/data/225648/000022564813000049/cva-63013x10q.htm"
    },
    {
        "date": "2013-03-31",
        "symbol": "CVA",
        "reportedCurrency": "USD",
        "cik": "0000225648",
        "fillingDate": "2013-04-17",
        "acceptedDate": "2013-04-17 16:06:37",
        "calendarYear": "2013",
        "period": "Q1",
        "revenue": 373000000,
        "costOfRevenue": 281000000,
        "grossProfit": 92000000,
        "grossProfitRatio": 0.2466487936,
        "researchAndDevelopmentExpenses": 0,
        "generalAndAdministrativeExpenses": 24000000,
        "sellingAndMarketingExpenses": 76000000,
        "sellingGeneralAndAdministrativeExpenses": 100000000,
        "otherExpenses": 0,
        "operatingExpenses": 100000000,
        "costAndExpenses": 381000000,
        "interestIncome": 0,
        "interestExpense": 32000000,
        "depreciationAndAmortization": 53000000,
        "ebitda": 43000000,
        "ebitdaratio": 0.1152815013,
        "operatingIncome": -8000000,
        "operatingIncomeRatio": -0.0214477212,
        "totalOtherIncomeExpensesNet": -34000000,
        "incomeBeforeTax": -42000000,
        "incomeBeforeTaxRatio": -0.1126005362,
        "incomeTaxExpense": -17000000,
        "netIncome": -25000000,
        "netIncomeRatio": -0.0670241287,
        "eps": -0.19,
        "epsdiluted": -0.19,
        "weightedAverageShsOut": 130000000,
        "weightedAverageShsOutDil": 130000000,
        "link": "https://www.sec.gov/Archives/edgar/data/225648/000022564813000026/0000225648-13-000026-index.html",
        "finalLink": "https://www.sec.gov/Archives/edgar/data/225648/000022564813000026/cva-33113x10q.htm"
    },
    {
        "date": "2012-12-31",
        "symbol": "CVA",
        "reportedCurrency": "USD",
        "cik": "0000225648",
        "fillingDate": "2013-02-15",
        "acceptedDate": "2013-02-15 16:54:52",
        "calendarYear": "2012",
        "period": "Q4",
        "revenue": 430000000,
        "costOfRevenue": 128000000,
        "grossProfit": 302000000,
        "grossProfitRatio": 0.7023255814,
        "researchAndDevelopmentExpenses": 0,
        "generalAndAdministrativeExpenses": 23000000,
        "sellingAndMarketingExpenses": 203000000,
        "sellingGeneralAndAdministrativeExpenses": 226000000,
        "otherExpenses": 0,
        "operatingExpenses": 226000000,
        "costAndExpenses": 354000000,
        "interestIncome": 0,
        "interestExpense": 32000000,
        "depreciationAndAmortization": 50000000,
        "ebitda": 160000000,
        "ebitdaratio": 0.3720930233,
        "operatingIncome": 76000000,
        "operatingIncomeRatio": 0.176744186,
        "totalOtherIncomeExpensesNet": 3000000,
        "incomeBeforeTax": 79000000,
        "incomeBeforeTaxRatio": 0.1837209302,
        "incomeTaxExpense": -4000000,
        "netIncome": 82000000,
        "netIncomeRatio": 0.1906976744,
        "eps": 0.63,
        "epsdiluted": 0.62,
        "weightedAverageShsOut": 130000000,
        "weightedAverageShsOutDil": 132000000,
        "link": "https://www.sec.gov/Archives/edgar/data/225648/000022564813000007/0000225648-13-000007-index.html",
        "finalLink": "https://www.sec.gov/Archives/edgar/data/225648/000022564813000007/cva-123112x10k.htm"
    },
    {
        "date": "2012-09-30",
        "symbol": "CVA",
        "reportedCurrency": "USD",
        "cik": "0000225648",
        "fillingDate": "2012-10-18",
        "acceptedDate": "2012-10-18 16:01:46",
        "calendarYear": "2012",
        "period": "Q3",
        "revenue": 412000000,
        "costOfRevenue": 256000000,
        "grossProfit": 156000000,
        "grossProfitRatio": 0.3786407767,
        "researchAndDevelopmentExpenses": 0,
        "generalAndAdministrativeExpenses": 24000000,
        "sellingAndMarketingExpenses": 46000000,
        "sellingGeneralAndAdministrativeExpenses": 70000000,
        "otherExpenses": 0,
        "operatingExpenses": 70000000,
        "costAndExpenses": 326000000,
        "interestIncome": 0,
        "interestExpense": 32000000,
        "depreciationAndAmortization": 46000000,
        "ebitda": 131000000,
        "ebitdaratio": 0.317961165,
        "operatingIncome": 86000000,
        "operatingIncomeRatio": 0.2087378641,
        "totalOtherIncomeExpensesNet": -36000000,
        "incomeBeforeTax": 50000000,
        "incomeBeforeTaxRatio": 0.1213592233,
        "incomeTaxExpense": 27000000,
        "netIncome": 26000000,
        "netIncomeRatio": 0.0631067961,
        "eps": 0.2,
        "epsdiluted": 0.2,
        "weightedAverageShsOut": 131000000,
        "weightedAverageShsOutDil": 132000000,
        "link": "https://www.sec.gov/Archives/edgar/data/225648/000022564812000015/0000225648-12-000015-index.html",
        "finalLink": "https://www.sec.gov/Archives/edgar/data/225648/000022564812000015/cva-93012x10q.htm"
    },
    {
        "date": "2012-06-30",
        "symbol": "CVA",
        "reportedCurrency": "USD",
        "cik": "0000225648",
        "fillingDate": "2012-07-19",
        "acceptedDate": "2012-07-19 16:03:10",
        "calendarYear": "2012",
        "period": "Q2",
        "revenue": 410000000,
        "costOfRevenue": 273000000,
        "grossProfit": 137000000,
        "grossProfitRatio": 0.3341463415,
        "researchAndDevelopmentExpenses": 0,
        "generalAndAdministrativeExpenses": 25000000,
        "sellingAndMarketingExpenses": 49000000,
        "sellingGeneralAndAdministrativeExpenses": 74000000,
        "otherExpenses": 0,
        "operatingExpenses": 74000000,
        "costAndExpenses": 347000000,
        "interestIncome": 0,
        "interestExpense": 31000000,
        "depreciationAndAmortization": 49000000,
        "ebitda": 109000000,
        "ebitdaratio": 0.2658536585,
        "operatingIncome": 63000000,
        "operatingIncomeRatio": 0.1536585366,
        "totalOtherIncomeExpensesNet": -38000000,
        "incomeBeforeTax": 25000000,
        "incomeBeforeTaxRatio": 0.0609756098,
        "incomeTaxExpense": 11000000,
        "netIncome": 18000000,
        "netIncomeRatio": 0.043902439,
        "eps": 0.14,
        "epsdiluted": 0.13,
        "weightedAverageShsOut": 133000000,
        "weightedAverageShsOutDil": 134000000,
        "link": "https://www.sec.gov/Archives/edgar/data/225648/000022564812000009/0000225648-12-000009-index.html",
        "finalLink": "https://www.sec.gov/Archives/edgar/data/225648/000022564812000009/cva-63012x10q.htm"
    },
    {
        "date": "2012-03-31",
        "symbol": "CVA",
        "reportedCurrency": "USD",
        "cik": "0000225648",
        "fillingDate": "2012-04-19",
        "acceptedDate": "2012-04-19 16:02:05",
        "calendarYear": "2012",
        "period": "Q1",
        "revenue": 392000000,
        "costOfRevenue": 306000000,
        "grossProfit": 86000000,
        "grossProfitRatio": 0.2193877551,
        "researchAndDevelopmentExpenses": 0,
        "generalAndAdministrativeExpenses": 25000000,
        "sellingAndMarketingExpenses": 50000000,
        "sellingGeneralAndAdministrativeExpenses": 75000000,
        "otherExpenses": 0,
        "operatingExpenses": 75000000,
        "costAndExpenses": 381000000,
        "interestIncome": 0,
        "interestExpense": 26000000,
        "depreciationAndAmortization": 50000000,
        "ebitda": 56000000,
        "ebitdaratio": 0.1428571429,
        "operatingIncome": 11000000,
        "operatingIncomeRatio": 0.0280612245,
        "totalOtherIncomeExpensesNet": -31000000,
        "incomeBeforeTax": -20000000,
        "incomeBeforeTaxRatio": -0.0510204082,
        "incomeTaxExpense": -8000000,
        "netIncome": -12000000,
        "netIncomeRatio": -0.0306122449,
        "eps": -0.0896,
        "epsdiluted": -0.0896,
        "weightedAverageShsOut": 134000000,
        "weightedAverageShsOutDil": 134000000,
        "link": "https://www.sec.gov/Archives/edgar/data/225648/000119312512063348/0001193125-12-063348-index.htm",
        "finalLink": "https://www.sec.gov/Archives/edgar/data/225648/000119312512063348/d264292d10k.htm"
    },
    {
        "date": "2011-12-31",
        "symbol": "CVA",
        "reportedCurrency": "USD",
        "cik": "0000225648",
        "fillingDate": "2012-02-15",
        "acceptedDate": "2012-02-15 16:07:17",
        "calendarYear": "2011",
        "period": "Q4",
        "revenue": 430000000,
        "costOfRevenue": 263000000,
        "grossProfit": 167000000,
        "grossProfitRatio": 0.388372093,
        "researchAndDevelopmentExpenses": 0,
        "generalAndAdministrativeExpenses": 29000000,
        "sellingAndMarketingExpenses": 51000000,
        "sellingGeneralAndAdministrativeExpenses": 80000000,
        "otherExpenses": 0,
        "operatingExpenses": 80000000,
        "costAndExpenses": 343000000,
        "interestIncome": 0,
        "interestExpense": 24000000,
        "depreciationAndAmortization": 51000000,
        "ebitda": 126000000,
        "ebitdaratio": 0.2930232558,
        "operatingIncome": 87000000,
        "operatingIncomeRatio": 0.2023255814,
        "totalOtherIncomeExpensesNet": -35000000,
        "incomeBeforeTax": 52000000,
        "incomeBeforeTaxRatio": 0.1209302326,
        "incomeTaxExpense": 25000000,
        "netIncome": 26000000,
        "netIncomeRatio": 0.0604651163,
        "eps": 0.19,
        "epsdiluted": 0.19,
        "weightedAverageShsOut": 136000000,
        "weightedAverageShsOutDil": 137000000,
        "link": "https://www.sec.gov/Archives/edgar/data/225648/000119312512063348/0001193125-12-063348-index.html",
        "finalLink": "https://www.sec.gov/Archives/edgar/data/225648/000119312512063348/d264292d10k.htm"
    },
    {
        "date": "2011-09-30",
        "symbol": "CVA",
        "reportedCurrency": "USD",
        "cik": "0000225648",
        "fillingDate": "2011-10-24",
        "acceptedDate": "2011-10-24 16:01:10",
        "calendarYear": "2011",
        "period": "Q3",
        "revenue": 432000000,
        "costOfRevenue": 265000000,
        "grossProfit": 167000000,
        "grossProfitRatio": 0.3865740741,
        "researchAndDevelopmentExpenses": 0,
        "generalAndAdministrativeExpenses": 24000000,
        "sellingAndMarketingExpenses": 48000000,
        "sellingGeneralAndAdministrativeExpenses": 72000000,
        "otherExpenses": 0,
        "operatingExpenses": 72000000,
        "costAndExpenses": 337000000,
        "interestIncome": 1000000,
        "interestExpense": 24000000,
        "depreciationAndAmortization": 47420000,
        "ebitda": 115420000,
        "ebitdaratio": 0.2671759259,
        "operatingIncome": 95000000,
        "operatingIncomeRatio": 0.2199074074,
        "totalOtherIncomeExpensesNet": -43000000,
        "incomeBeforeTax": 52000000,
        "incomeBeforeTaxRatio": 0.1203703704,
        "incomeTaxExpense": 2000000,
        "netIncome": 42000000,
        "netIncomeRatio": 0.0972222222,
        "eps": 0.3,
        "epsdiluted": 0.3,
        "weightedAverageShsOut": 139000000,
        "weightedAverageShsOutDil": 140000000,
        "link": "https://www.sec.gov/Archives/edgar/data/225648/000119312511278606/0001193125-11-278606-index.html",
        "finalLink": "https://www.sec.gov/Archives/edgar/data/225648/000119312511278606/d234254d10q.htm"
    },
    {
        "date": "2011-06-30",
        "symbol": "CVA",
        "reportedCurrency": "USD",
        "cik": "0000225648",
        "fillingDate": "2011-07-26",
        "acceptedDate": "2011-07-26 12:16:11",
        "calendarYear": "2011",
        "period": "Q2",
        "revenue": 411535000,
        "costOfRevenue": 278823000,
        "grossProfit": 132712000,
        "grossProfitRatio": 0.3224804695,
        "researchAndDevelopmentExpenses": 0,
        "generalAndAdministrativeExpenses": 25274000,
        "sellingAndMarketingExpenses": 47215000,
        "sellingGeneralAndAdministrativeExpenses": 72489000,
        "otherExpenses": 0,
        "operatingExpenses": 72489000,
        "costAndExpenses": 351312000,
        "interestIncome": 118000,
        "interestExpense": 24673000,
        "depreciationAndAmortization": 47215000,
        "ebitda": 100592000,
        "ebitdaratio": 0.2444312148,
        "operatingIncome": 60223000,
        "operatingIncomeRatio": 0.1463374926,
        "totalOtherIncomeExpensesNet": -33758000,
        "incomeBeforeTax": 26465000,
        "incomeBeforeTaxRatio": 0.0643080175,
        "incomeTaxExpense": 10564000,
        "netIncome": 18140000,
        "netIncomeRatio": 0.0440788754,
        "eps": 0.13,
        "epsdiluted": 0.13,
        "weightedAverageShsOut": 144000000,
        "weightedAverageShsOutDil": 145000000,
        "link": "https://www.sec.gov/Archives/edgar/data/225648/000095012311068177/0000950123-11-068177-index.html",
        "finalLink": "https://www.sec.gov/Archives/edgar/data/225648/000095012311068177/c64708e10vq.htm"
    },
    {
        "date": "2011-03-31",
        "symbol": "CVA",
        "reportedCurrency": "USD",
        "cik": "0000225648",
        "fillingDate": "2011-04-20",
        "acceptedDate": "2011-04-20 16:13:42",
        "calendarYear": "2011",
        "period": "Q1",
        "revenue": 376770000,
        "costOfRevenue": 298581000,
        "grossProfit": 78189000,
        "grossProfitRatio": 0.2075244844,
        "researchAndDevelopmentExpenses": 0,
        "generalAndAdministrativeExpenses": 24503000,
        "sellingAndMarketingExpenses": 47365000,
        "sellingGeneralAndAdministrativeExpenses": 71868000,
        "otherExpenses": 0,
        "operatingExpenses": 71868000,
        "costAndExpenses": 370449000,
        "interestIncome": 0,
        "interestExpense": 24724000,
        "depreciationAndAmortization": 47365000,
        "ebitda": 195596000,
        "ebitdaratio": 0.5191389973,
        "operatingIncome": 6321000,
        "operatingIncomeRatio": 0.0167768134,
        "totalOtherIncomeExpensesNet": -29979000,
        "incomeBeforeTax": -23658000,
        "incomeBeforeTaxRatio": -0.0627916235,
        "incomeTaxExpense": -9986000,
        "netIncome": 133493000,
        "netIncomeRatio": 0.3543089949,
        "eps": 0.91,
        "epsdiluted": 0.91,
        "weightedAverageShsOut": 147000000,
        "weightedAverageShsOutDil": 147000000,
        "link": "https://www.sec.gov/Archives/edgar/data/225648/000095012311037277/0000950123-11-037277-index.html",
        "finalLink": "https://www.sec.gov/Archives/edgar/data/225648/000095012311037277/c64000e10vq.htm"
    },
    {
        "date": "2010-12-31",
        "symbol": "CVA",
        "reportedCurrency": "USD",
        "cik": "0000225648",
        "fillingDate": "2011-02-22",
        "acceptedDate": "2011-02-22 16:11:41",
        "calendarYear": "2010",
        "period": "Q4",
        "revenue": 293318000,
        "costOfRevenue": 250357000,
        "grossProfit": 42961000,
        "grossProfitRatio": 0.1464656107,
        "researchAndDevelopmentExpenses": 0,
        "generalAndAdministrativeExpenses": 25181000,
        "sellingAndMarketingExpenses": 330819000,
        "sellingGeneralAndAdministrativeExpenses": 356000000,
        "otherExpenses": 0,
        "operatingExpenses": 356000000,
        "costAndExpenses": 241201000,
        "interestIncome": 0,
        "interestExpense": 19321000,
        "depreciationAndAmortization": 43231000,
        "ebitda": 85500000,
        "ebitdaratio": 0.2914925098,
        "operatingIncome": 52117000,
        "operatingIncomeRatio": 0.1776808788,
        "totalOtherIncomeExpensesNet": -46089000,
        "incomeBeforeTax": 6028000,
        "incomeBeforeTaxRatio": 0.0205510743,
        "incomeTaxExpense": 7000,
        "netIncome": 22941000,
        "netIncomeRatio": 0.0782120429,
        "eps": 0.16,
        "epsdiluted": 0.16,
        "weightedAverageShsOut": 147000000,
        "weightedAverageShsOutDil": 147000000,
        "link": "https://www.sec.gov/Archives/edgar/data/225648/000095012311016506/0000950123-11-016506-index.htm",
        "finalLink": "https://www.sec.gov/Archives/edgar/data/225648/000095012311016506/c62179e10vk.htm"
    },
    {
        "date": "2010-09-30",
        "symbol": "CVA",
        "reportedCurrency": "USD",
        "cik": "0000225648",
        "fillingDate": "2010-10-20",
        "acceptedDate": "2010-10-20 16:02:20",
        "calendarYear": "2010",
        "period": "Q3",
        "revenue": 436977000,
        "costOfRevenue": 242069000,
        "grossProfit": 194908000,
        "grossProfitRatio": 0.4460372056,
        "researchAndDevelopmentExpenses": 0,
        "generalAndAdministrativeExpenses": 23014000,
        "sellingAndMarketingExpenses": 77329000,
        "sellingGeneralAndAdministrativeExpenses": 100343000,
        "otherExpenses": 0,
        "operatingExpenses": 100343000,
        "costAndExpenses": 342412000,
        "interestIncome": 0,
        "interestExpense": 20850000,
        "depreciationAndAmortization": 48622000,
        "ebitda": 106043000,
        "ebitdaratio": 0.2426740996,
        "operatingIncome": 94565000,
        "operatingIncomeRatio": 0.2164072709,
        "totalOtherIncomeExpensesNet": -62376000,
        "incomeBeforeTax": 32189000,
        "incomeBeforeTaxRatio": 0.0736629159,
        "incomeTaxExpense": 16414000,
        "netIncome": 20157000,
        "netIncomeRatio": 0.0461282859,
        "eps": 0.13,
        "epsdiluted": 0.13,
        "weightedAverageShsOut": 153443000,
        "weightedAverageShsOutDil": 154312000,
        "link": "https://www.sec.gov/Archives/edgar/data/225648/000095012310094553/0000950123-10-094553-index.html",
        "finalLink": "https://www.sec.gov/Archives/edgar/data/225648/000095012310094553/c60355e10vq.htm"
    },
    {
        "date": "2010-06-30",
        "symbol": "CVA",
        "reportedCurrency": "USD",
        "cik": "0000225648",
        "fillingDate": "2010-07-22",
        "acceptedDate": "2010-07-22 16:02:19",
        "calendarYear": "2010",
        "period": "Q2",
        "revenue": 435211000,
        "costOfRevenue": 266791000,
        "grossProfit": 168420000,
        "grossProfitRatio": 0.386984704,
        "researchAndDevelopmentExpenses": 0,
        "generalAndAdministrativeExpenses": 28198000,
        "sellingAndMarketingExpenses": 73334000,
        "sellingGeneralAndAdministrativeExpenses": 101532000,
        "otherExpenses": 0,
        "operatingExpenses": 101532000,
        "costAndExpenses": 368323000,
        "interestIncome": 0,
        "interestExpense": 21101000,
        "depreciationAndAmortization": 47983000,
        "ebitda": 109682000,
        "ebitdaratio": 0.2520202844,
        "operatingIncome": 66888000,
        "operatingIncomeRatio": 0.1536909683,
        "totalOtherIncomeExpensesNet": -32326000,
        "incomeBeforeTax": 34562000,
        "incomeBeforeTaxRatio": 0.079414353,
        "incomeTaxExpense": 14809000,
        "netIncome": 25789000,
        "netIncomeRatio": 0.0592563148,
        "eps": 0.17,
        "epsdiluted": 0.17,
        "weightedAverageShsOut": 154377000,
        "weightedAverageShsOutDil": 155026000,
        "link": "https://www.sec.gov/Archives/edgar/data/225648/000095012310067262/0000950123-10-067262-index.html",
        "finalLink": "https://www.sec.gov/Archives/edgar/data/225648/000095012310067262/c58031e10vq.htm"
    },
    {
        "date": "2010-03-31",
        "symbol": "CVA",
        "reportedCurrency": "USD",
        "cik": "0000225648",
        "fillingDate": "2010-04-21",
        "acceptedDate": "2010-04-21 16:01:49",
        "calendarYear": "2010",
        "period": "Q1",
        "revenue": 416795000,
        "costOfRevenue": 304226000,
        "grossProfit": 112569000,
        "grossProfitRatio": 0.2700824146,
        "researchAndDevelopmentExpenses": 0,
        "generalAndAdministrativeExpenses": 26189000,
        "sellingAndMarketingExpenses": 73432000,
        "sellingGeneralAndAdministrativeExpenses": 99621000,
        "otherExpenses": 0,
        "operatingExpenses": 99621000,
        "costAndExpenses": 403847000,
        "interestIncome": 0,
        "interestExpense": 21565000,
        "depreciationAndAmortization": 49922000,
        "ebitda": 56379000,
        "ebitdaratio": 0.1352679375,
        "operatingIncome": 12948000,
        "operatingIncomeRatio": 0.0310656318,
        "totalOtherIncomeExpensesNet": -29226000,
        "incomeBeforeTax": -16278000,
        "incomeBeforeTaxRatio": -0.039055171,
        "incomeTaxExpense": -7875000,
        "netIncome": -7233000,
        "netIncomeRatio": -0.017353855,
        "eps": -0.047,
        "epsdiluted": -0.047,
        "weightedAverageShsOut": 153894000,
        "weightedAverageShsOutDil": 153894000,
        "link": "https://www.sec.gov/Archives/edgar/data/225648/000095012310036672/0000950123-10-036672-index.html",
        "finalLink": "https://www.sec.gov/Archives/edgar/data/225648/000095012310036672/c57510e10vq.htm"
    },
    {
        "date": "2009-12-31",
        "symbol": "CVA",
        "reportedCurrency": "USD",
        "cik": "0000225648",
        "fillingDate": "2010-02-22",
        "acceptedDate": "2010-02-22 16:02:55",
        "calendarYear": "2009",
        "period": "Q4",
        "revenue": 407212000,
        "costOfRevenue": 242278000,
        "grossProfit": 164934000,
        "grossProfitRatio": 0.4050322682,
        "researchAndDevelopmentExpenses": 0,
        "generalAndAdministrativeExpenses": 27869000,
        "sellingAndMarketingExpenses": 65853000,
        "sellingGeneralAndAdministrativeExpenses": 93722000,
        "otherExpenses": 0,
        "operatingExpenses": 93722000,
        "costAndExpenses": 336000000,
        "interestIncome": 0,
        "interestExpense": 21705000,
        "depreciationAndAmortization": 52155000,
        "ebitda": 117984000,
        "ebitdaratio": 0.2897360589,
        "operatingIncome": 71212000,
        "operatingIncomeRatio": 0.1748769683,
        "totalOtherIncomeExpensesNet": -30562000,
        "incomeBeforeTax": 40650000,
        "incomeBeforeTaxRatio": 0.0998251525,
        "incomeTaxExpense": 15847000,
        "netIncome": 28277000,
        "netIncomeRatio": 0.069440488,
        "eps": 0.18,
        "epsdiluted": 0.18,
        "weightedAverageShsOut": 153894000,
        "weightedAverageShsOutDil": 153894000,
        "link": "https://www.sec.gov/Archives/edgar/data/225648/000095012310015135/0000950123-10-015135-index.html",
        "finalLink": "https://www.sec.gov/Archives/edgar/data/225648/000095012310015135/c55585e10vk.htm"
    },
    {
        "date": "2009-09-30",
        "symbol": "CVA",
        "reportedCurrency": "USD",
        "cik": "0000225648",
        "fillingDate": "2009-10-21",
        "acceptedDate": "2009-10-21 16:02:04",
        "calendarYear": "2009",
        "period": "Q3",
        "revenue": 408709000,
        "costOfRevenue": 233290000,
        "grossProfit": 175419000,
        "grossProfitRatio": 0.4292026846,
        "researchAndDevelopmentExpenses": 0,
        "generalAndAdministrativeExpenses": 28945000,
        "sellingAndMarketingExpenses": 62861000,
        "sellingGeneralAndAdministrativeExpenses": 91806000,
        "otherExpenses": 0,
        "operatingExpenses": 91806000,
        "costAndExpenses": 325096000,
        "interestIncome": 0,
        "interestExpense": 23477000,
        "depreciationAndAmortization": 48057000,
        "ebitda": 132000000,
        "ebitdaratio": 0.3229681754,
        "operatingIncome": 83613000,
        "operatingIncomeRatio": 0.2045783186,
        "totalOtherIncomeExpensesNet": -25990000,
        "incomeBeforeTax": 57623000,
        "incomeBeforeTaxRatio": 0.1409878422,
        "incomeTaxExpense": 19614000,
        "netIncome": 40852000,
        "netIncomeRatio": 0.0999537568,
        "eps": 0.27,
        "epsdiluted": 0.26,
        "weightedAverageShsOut": 153779000,
        "weightedAverageShsOutDil": 155110000,
        "link": "https://www.sec.gov/Archives/edgar/data/225648/000095012309051921/0000950123-09-051921-index.html",
        "finalLink": "https://www.sec.gov/Archives/edgar/data/225648/000095012309051921/c54127e10vq.htm"
    },
    {
        "date": "2009-06-30",
        "symbol": "CVA",
        "reportedCurrency": "USD",
        "cik": "0000225648",
        "fillingDate": "2009-07-22",
        "acceptedDate": "2009-07-22 16:01:57",
        "calendarYear": "2009",
        "period": "Q2",
        "revenue": 375786000,
        "costOfRevenue": 214556000,
        "grossProfit": 161230000,
        "grossProfitRatio": 0.4290473834,
        "researchAndDevelopmentExpenses": 0,
        "generalAndAdministrativeExpenses": 26906000,
        "sellingAndMarketingExpenses": 60884000,
        "sellingGeneralAndAdministrativeExpenses": 87790000,
        "otherExpenses": 0,
        "operatingExpenses": 87790000,
        "costAndExpenses": 302346000,
        "interestIncome": 0,
        "interestExpense": 20640000,
        "depreciationAndAmortization": 51162000,
        "ebitda": 122870000,
        "ebitdaratio": 0.3269680084,
        "operatingIncome": 73440000,
        "operatingIncomeRatio": 0.1954303779,
        "totalOtherIncomeExpensesNet": -7978000,
        "incomeBeforeTax": 65462000,
        "incomeBeforeTaxRatio": 0.1742002097,
        "incomeTaxExpense": 17901000,
        "netIncome": 33167000,
        "netIncomeRatio": 0.0882603397,
        "eps": 0.22,
        "epsdiluted": 0.21,
        "weightedAverageShsOut": 153731000,
        "weightedAverageShsOutDil": 154953000,
        "link": "https://www.sec.gov/Archives/edgar/data/225648/000095012309024344/0000950123-09-024344-index.html",
        "finalLink": "https://www.sec.gov/Archives/edgar/data/225648/000095012309024344/c52436e10vq.htm"
    },
    {
        "date": "2009-03-31",
        "symbol": "CVA",
        "reportedCurrency": "USD",
        "cik": "0000225648",
        "fillingDate": "2009-04-22",
        "acceptedDate": "2009-04-22 16:02:00",
        "calendarYear": "2009",
        "period": "Q1",
        "revenue": 358760000,
        "costOfRevenue": 256042000,
        "grossProfit": 102718000,
        "grossProfitRatio": 0.2863139703,
        "researchAndDevelopmentExpenses": 0,
        "generalAndAdministrativeExpenses": 25515000,
        "sellingAndMarketingExpenses": 61242000,
        "sellingGeneralAndAdministrativeExpenses": 86757000,
        "otherExpenses": 0,
        "operatingExpenses": 86757000,
        "costAndExpenses": 342799000,
        "interestIncome": 0,
        "interestExpense": 22275000,
        "depreciationAndAmortization": 51498000,
        "ebitda": 72916000,
        "ebitdaratio": 0.2032445089,
        "operatingIncome": 15961000,
        "operatingIncomeRatio": 0.0444893522,
        "totalOtherIncomeExpensesNet": -21247000,
        "incomeBeforeTax": -5286000,
        "incomeBeforeTaxRatio": -0.0147340841,
        "incomeTaxExpense": -1992000,
        "netIncome": 1135000,
        "netIncomeRatio": 0.0031636749,
        "eps": 0.0074,
        "epsdiluted": 0.0073,
        "weightedAverageShsOut": 153467000,
        "weightedAverageShsOutDil": 154737000,
        "link": "https://www.sec.gov/Archives/edgar/data/225648/000095013709003170/0000950137-09-003170-index.html",
        "finalLink": "https://www.sec.gov/Archives/edgar/data/225648/000095013709003170/c50663e10vq.htm"
    },
    {
        "date": "2008-12-31",
        "symbol": "CVA",
        "reportedCurrency": "USD",
        "cik": "0000225648",
        "fillingDate": "2009-03-02",
        "acceptedDate": "2009-03-02 09:39:11",
        "calendarYear": "2008",
        "period": "Q4",
        "revenue": 413820000,
        "costOfRevenue": 0,
        "grossProfit": 413820000,
        "grossProfitRatio": 1,
        "researchAndDevelopmentExpenses": 0,
        "generalAndAdministrativeExpenses": 26445000,
        "sellingAndMarketingExpenses": 322660000,
        "sellingGeneralAndAdministrativeExpenses": 349105000,
        "otherExpenses": 0,
        "operatingExpenses": 349105000,
        "costAndExpenses": 349105000,
        "interestIncome": 0,
        "interestExpense": 0,
        "depreciationAndAmortization": -8023000,
        "ebitda": 56692000,
        "ebitdaratio": 0.1369967619,
        "operatingIncome": 64715000,
        "operatingIncomeRatio": 0.1563844183,
        "totalOtherIncomeExpensesNet": -8023000,
        "incomeBeforeTax": 56692000,
        "incomeBeforeTaxRatio": 0.1369967619,
        "incomeTaxExpense": 26744000,
        "netIncome": 29948000,
        "netIncomeRatio": 0.0723696293,
        "eps": 0.2,
        "epsdiluted": 0.2,
        "weightedAverageShsOut": 153467000,
        "weightedAverageShsOutDil": 153467000,
        "link": "https://www.sec.gov/Archives/edgar/data/225648/000095015209002016/0000950152-09-002016-index.html",
        "finalLink": "https://www.sec.gov/Archives/edgar/data/225648/000095015209002016/c48754e10vk.htm"
    },
    {
        "date": "2008-09-30",
        "symbol": "CVA",
        "reportedCurrency": "USD",
        "cik": "0000225648",
        "fillingDate": "2008-10-22",
        "acceptedDate": "2008-10-22 16:03:11",
        "calendarYear": "2008",
        "period": "Q3",
        "revenue": 438671000,
        "costOfRevenue": 0,
        "grossProfit": 438671000,
        "grossProfitRatio": 1,
        "researchAndDevelopmentExpenses": 0,
        "generalAndAdministrativeExpenses": 23282000,
        "sellingAndMarketingExpenses": 313561000,
        "sellingGeneralAndAdministrativeExpenses": 336843000,
        "otherExpenses": 0,
        "operatingExpenses": 336843000,
        "costAndExpenses": 336843000,
        "interestIncome": 0,
        "interestExpense": 0,
        "depreciationAndAmortization": -20441000,
        "ebitda": 81387000,
        "ebitdaratio": 0.185530842,
        "operatingIncome": 101828000,
        "operatingIncomeRatio": 0.232128406,
        "totalOtherIncomeExpensesNet": -20441000,
        "incomeBeforeTax": 81387000,
        "incomeBeforeTaxRatio": 0.185530842,
        "incomeTaxExpense": 31687000,
        "netIncome": 49700000,
        "netIncomeRatio": 0.1132967531,
        "eps": 0.32,
        "epsdiluted": 0.32,
        "weightedAverageShsOut": 153411000,
        "weightedAverageShsOutDil": 154833000,
        "link": "https://www.sec.gov/Archives/edgar/data/225648/000095013708012907/0000950137-08-012907-index.html",
        "finalLink": "https://www.sec.gov/Archives/edgar/data/225648/000095013708012907/c47129e10vq.htm"
    },
    {
        "date": "2008-06-30",
        "symbol": "CVA",
        "reportedCurrency": "USD",
        "cik": "0000225648",
        "fillingDate": "2008-07-29",
        "acceptedDate": "2008-07-29 16:02:01",
        "calendarYear": "2008",
        "period": "Q2",
        "revenue": 422996000,
        "costOfRevenue": 0,
        "grossProfit": 422996000,
        "grossProfitRatio": 1,
        "researchAndDevelopmentExpenses": 0,
        "generalAndAdministrativeExpenses": 23135000,
        "sellingAndMarketingExpenses": 309556000,
        "sellingGeneralAndAdministrativeExpenses": 332691000,
        "otherExpenses": 0,
        "operatingExpenses": 332691000,
        "costAndExpenses": 332691000,
        "interestIncome": 0,
        "interestExpense": 0,
        "depreciationAndAmortization": -19192000,
        "ebitda": 71113000,
        "ebitdaratio": 0.168117429,
        "operatingIncome": 90305000,
        "operatingIncomeRatio": 0.2134890164,
        "totalOtherIncomeExpensesNet": -19192000,
        "incomeBeforeTax": 71113000,
        "incomeBeforeTaxRatio": 0.168117429,
        "incomeTaxExpense": 26260000,
        "netIncome": 44853000,
        "netIncomeRatio": 0.1060364637,
        "eps": 0.29,
        "epsdiluted": 0.29,
        "weightedAverageShsOut": 153387000,
        "weightedAverageShsOutDil": 154848000,
        "link": "https://www.sec.gov/Archives/edgar/data/225648/000095013708009801/0000950137-08-009801-index.html",
        "finalLink": "https://www.sec.gov/Archives/edgar/data/225648/000095013708009801/c33415e10vq.htm"
    },
    {
        "date": "2008-03-31",
        "symbol": "CVA",
        "reportedCurrency": "USD",
        "cik": "0000225648",
        "fillingDate": "2008-04-23",
        "acceptedDate": "2008-04-23 16:02:46",
        "calendarYear": "2008",
        "period": "Q1",
        "revenue": 388766000,
        "costOfRevenue": 0,
        "grossProfit": 388766000,
        "grossProfitRatio": 1,
        "researchAndDevelopmentExpenses": 0,
        "generalAndAdministrativeExpenses": 24154000,
        "sellingAndMarketingExpenses": 320086000,
        "sellingGeneralAndAdministrativeExpenses": 344240000,
        "otherExpenses": 0,
        "operatingExpenses": 344240000,
        "costAndExpenses": 344240000,
        "interestIncome": 0,
        "interestExpense": 0,
        "depreciationAndAmortization": -22218000,
        "ebitda": 22308000,
        "ebitdaratio": 0.0573815611,
        "operatingIncome": 44526000,
        "operatingIncomeRatio": 0.1145316206,
        "totalOtherIncomeExpensesNet": -22218000,
        "incomeBeforeTax": 22308000,
        "incomeBeforeTaxRatio": 0.0573815611,
        "incomeTaxExpense": 7536000,
        "netIncome": 14772000,
        "netIncomeRatio": 0.03799715,
        "eps": 0.0964,
        "epsdiluted": 0.0956,
        "weightedAverageShsOut": 153165000,
        "weightedAverageShsOutDil": 154572000,
        "link": "https://www.sec.gov/Archives/edgar/data/225648/000095013708005827/0000950137-08-005827-index.html",
        "finalLink": "https://www.sec.gov/Archives/edgar/data/225648/000095013708005827/c25895e10vq.htm"
    },
    {
        "date": "2007-12-31",
        "symbol": "CVA",
        "reportedCurrency": "USD",
        "cik": "0000225648",
        "fillingDate": "2008-02-26",
        "acceptedDate": "2008-02-26 16:21:56",
        "calendarYear": "2007",
        "period": "Q4",
        "revenue": 395388000,
        "costOfRevenue": 0,
        "grossProfit": 395388000,
        "grossProfitRatio": 1,
        "researchAndDevelopmentExpenses": 0,
        "generalAndAdministrativeExpenses": 22025000,
        "sellingAndMarketingExpenses": 280285000,
        "sellingGeneralAndAdministrativeExpenses": 302310000,
        "otherExpenses": 0,
        "operatingExpenses": 302310000,
        "costAndExpenses": 302310000,
        "interestIncome": 0,
        "interestExpense": 0,
        "depreciationAndAmortization": -24152000,
        "ebitda": 68926000,
        "ebitdaratio": 0.1743249669,
        "operatingIncome": 93078000,
        "operatingIncomeRatio": 0.2354092689,
        "totalOtherIncomeExpensesNet": -24152000,
        "incomeBeforeTax": 68926000,
        "incomeBeforeTaxRatio": 0.1743249669,
        "incomeTaxExpense": -3374000,
        "netIncome": 72300000,
        "netIncomeRatio": 0.1828583569,
        "eps": 0.47,
        "epsdiluted": 0.47,
        "weightedAverageShsOut": 153165000,
        "weightedAverageShsOutDil": 153165000,
        "link": "https://www.sec.gov/Archives/edgar/data/225648/000095013708002764/0000950137-08-002764-index.htm",
        "finalLink": "https://www.sec.gov/Archives/edgar/data/225648/000095013708002764/c24014e10vk.htm"
    },
    {
        "date": "2007-09-30",
        "symbol": "CVA",
        "reportedCurrency": "USD",
        "cik": "0000225648",
        "fillingDate": "2007-10-24",
        "acceptedDate": "2007-10-24 16:11:00",
        "calendarYear": "2007",
        "period": "Q3",
        "revenue": 352350000,
        "costOfRevenue": 0,
        "grossProfit": 352350000,
        "grossProfitRatio": 1,
        "researchAndDevelopmentExpenses": 0,
        "generalAndAdministrativeExpenses": 18483000,
        "sellingAndMarketingExpenses": 249804000,
        "sellingGeneralAndAdministrativeExpenses": 268287000,
        "otherExpenses": 0,
        "operatingExpenses": 268287000,
        "costAndExpenses": 268287000,
        "interestIncome": 0,
        "interestExpense": 0,
        "depreciationAndAmortization": -21880000,
        "ebitda": 62183000,
        "ebitdaratio": 0.176480772,
        "operatingIncome": 84063000,
        "operatingIncomeRatio": 0.2385781183,
        "totalOtherIncomeExpensesNet": -21880000,
        "incomeBeforeTax": 62183000,
        "incomeBeforeTaxRatio": 0.176480772,
        "incomeTaxExpense": 23768000,
        "netIncome": 38415000,
        "netIncomeRatio": 0.1090251171,
        "eps": 0.25,
        "epsdiluted": 0.25,
        "weightedAverageShsOut": 153035000,
        "weightedAverageShsOutDil": 154319000,
        "link": "https://www.sec.gov/Archives/edgar/data/225648/000095013707015943/0000950137-07-015943-index.html",
        "finalLink": "https://www.sec.gov/Archives/edgar/data/225648/000095013707015943/c19496e10vq.htm"
    },
    {
        "date": "2007-06-30",
        "symbol": "CVA",
        "reportedCurrency": "USD",
        "cik": "0000225648",
        "fillingDate": "2007-07-25",
        "acceptedDate": "2007-07-25 16:07:59",
        "calendarYear": "2007",
        "period": "Q2",
        "revenue": 355140000,
        "costOfRevenue": 0,
        "grossProfit": 355140000,
        "grossProfitRatio": 1,
        "researchAndDevelopmentExpenses": 0,
        "generalAndAdministrativeExpenses": 20029000,
        "sellingAndMarketingExpenses": 244013000,
        "sellingGeneralAndAdministrativeExpenses": 264042000,
        "otherExpenses": 0,
        "operatingExpenses": 264042000,
        "costAndExpenses": 264042000,
        "interestIncome": 0,
        "interestExpense": 0,
        "depreciationAndAmortization": -24560000,
        "ebitda": 66538000,
        "ebitdaratio": 0.1873570986,
        "operatingIncome": 91098000,
        "operatingIncomeRatio": 0.2565129245,
        "totalOtherIncomeExpensesNet": -24560000,
        "incomeBeforeTax": 66538000,
        "incomeBeforeTaxRatio": 0.1873570986,
        "incomeTaxExpense": 28822000,
        "netIncome": 37716000,
        "netIncomeRatio": 0.1062003717,
        "eps": 0.25,
        "epsdiluted": 0.24,
        "weightedAverageShsOut": 150864000,
        "weightedAverageShsOutDil": 157150000,
        "link": "https://www.sec.gov/Archives/edgar/data/225648/000095013707010527/0000950137-07-010527-index.html",
        "finalLink": "https://www.sec.gov/Archives/edgar/data/225648/000095013707010527/c16945e10vq.htm"
    },
    {
        "date": "2007-03-31",
        "symbol": "CVA",
        "reportedCurrency": "USD",
        "cik": "0000225648",
        "fillingDate": "2007-04-30",
        "acceptedDate": "2007-04-30 16:08:03",
        "calendarYear": "2007",
        "period": "Q1",
        "revenue": 330209000,
        "costOfRevenue": 0,
        "grossProfit": 330209000,
        "grossProfitRatio": 1,
        "researchAndDevelopmentExpenses": 0,
        "generalAndAdministrativeExpenses": 22192000,
        "sellingAndMarketingExpenses": 317138000,
        "sellingGeneralAndAdministrativeExpenses": 339330000,
        "otherExpenses": 0,
        "operatingExpenses": 339330000,
        "costAndExpenses": 339330000,
        "interestIncome": 0,
        "interestExpense": 0,
        "depreciationAndAmortization": -26973000,
        "ebitda": -36094000,
        "ebitdaratio": -0.1093065301,
        "operatingIncome": -9121000,
        "operatingIncomeRatio": -0.0276219001,
        "totalOtherIncomeExpensesNet": -26973000,
        "incomeBeforeTax": -36094000,
        "incomeBeforeTaxRatio": -0.1093065301,
        "incomeTaxExpense": -18176000,
        "netIncome": -17918000,
        "netIncomeRatio": -0.0542626034,
        "eps": -0.12,
        "epsdiluted": -0.12,
        "weightedAverageShsOut": 149316667,
        "weightedAverageShsOutDil": 149316667,
        "link": "https://www.sec.gov/Archives/edgar/data/225648/000095013707006328/0000950137-07-006328-index.html",
        "finalLink": "https://www.sec.gov/Archives/edgar/data/225648/000095013707006328/c14615e10vq.htm"
    },
    {
        "date": "2006-12-31",
        "symbol": "CVA",
        "reportedCurrency": "USD",
        "cik": "0000225648",
        "fillingDate": "2007-02-26",
        "acceptedDate": "2007-02-26 17:10:07",
        "calendarYear": "2006",
        "period": "Q4",
        "revenue": 317929000,
        "costOfRevenue": 0,
        "grossProfit": 317929000,
        "grossProfitRatio": 1,
        "researchAndDevelopmentExpenses": 0,
        "generalAndAdministrativeExpenses": 19422000,
        "sellingAndMarketingExpenses": 241399000,
        "sellingGeneralAndAdministrativeExpenses": 260821000,
        "otherExpenses": 0,
        "operatingExpenses": 260821000,
        "costAndExpenses": 260821000,
        "interestIncome": 0,
        "interestExpense": 0,
        "depreciationAndAmortization": -36496000,
        "ebitda": 20612000,
        "ebitdaratio": 0.0648320852,
        "operatingIncome": 57108000,
        "operatingIncomeRatio": 0.1796250106,
        "totalOtherIncomeExpensesNet": -36496000,
        "incomeBeforeTax": 20612000,
        "incomeBeforeTaxRatio": 0.0648320852,
        "incomeTaxExpense": 8670000,
        "netIncome": 11942000,
        "netIncomeRatio": 0.0375618456,
        "eps": 0.08,
        "epsdiluted": 0.08,
        "weightedAverageShsOut": 149316667,
        "weightedAverageShsOutDil": 149316667,
        "link": "https://www.sec.gov/Archives/edgar/data/225648/000095013707002792/0000950137-07-002792-index.htm",
        "finalLink": "https://www.sec.gov/Archives/edgar/data/225648/000095013707002792/c12499e10vk.htm"
    },
    {
        "date": "2006-09-30",
        "symbol": "CVA",
        "reportedCurrency": "USD",
        "cik": "0000225648",
        "fillingDate": "2006-10-30",
        "acceptedDate": "2006-10-30 16:46:21",
        "calendarYear": "2006",
        "period": "Q3",
        "revenue": 311115000,
        "costOfRevenue": 0,
        "grossProfit": 311115000,
        "grossProfitRatio": 1,
        "researchAndDevelopmentExpenses": 0,
        "generalAndAdministrativeExpenses": 18346000,
        "sellingAndMarketingExpenses": 206404000,
        "sellingGeneralAndAdministrativeExpenses": 224750000,
        "otherExpenses": 0,
        "operatingExpenses": 224750000,
        "costAndExpenses": 224750000,
        "interestIncome": 0,
        "interestExpense": 0,
        "depreciationAndAmortization": -36244000,
        "ebitda": 50121000,
        "ebitdaratio": 0.1611012005,
        "operatingIncome": 86365000,
        "operatingIncomeRatio": 0.2775983157,
        "totalOtherIncomeExpensesNet": -36244000,
        "incomeBeforeTax": 50121000,
        "incomeBeforeTaxRatio": 0.1611012005,
        "incomeTaxExpense": 18870000,
        "netIncome": 31251000,
        "netIncomeRatio": 0.1004483873,
        "eps": 0.21,
        "epsdiluted": 0.21,
        "weightedAverageShsOut": 148814286,
        "weightedAverageShsOutDil": 148814286,
        "link": "https://www.sec.gov/Archives/edgar/data/225648/000095013706011591/0000950137-06-011591-index.htm",
        "finalLink": "https://www.sec.gov/Archives/edgar/data/225648/000095013706011591/c09376e10vq.htm"
    },
    {
        "date": "2006-06-30",
        "symbol": "CVA",
        "reportedCurrency": "USD",
        "cik": "0000225648",
        "fillingDate": "2006-08-03",
        "acceptedDate": "2006-08-03 16:39:04",
        "calendarYear": "2006",
        "period": "Q2",
        "revenue": 334136000,
        "costOfRevenue": 0,
        "grossProfit": 334136000,
        "grossProfitRatio": 1,
        "researchAndDevelopmentExpenses": 0,
        "generalAndAdministrativeExpenses": 17236000,
        "sellingAndMarketingExpenses": 227261000,
        "sellingGeneralAndAdministrativeExpenses": 244497000,
        "otherExpenses": 0,
        "operatingExpenses": 244497000,
        "costAndExpenses": 244497000,
        "interestIncome": 0,
        "interestExpense": 0,
        "depreciationAndAmortization": -31799000,
        "ebitda": 57840000,
        "ebitdaratio": 0.1731031676,
        "operatingIncome": 89639000,
        "operatingIncomeRatio": 0.2682710034,
        "totalOtherIncomeExpensesNet": -31799000,
        "incomeBeforeTax": 57840000,
        "incomeBeforeTaxRatio": 0.1731031676,
        "incomeTaxExpense": 6662000,
        "netIncome": 51178000,
        "netIncomeRatio": 0.1531651783,
        "eps": 0.35,
        "epsdiluted": 0.35,
        "weightedAverageShsOut": 146222857,
        "weightedAverageShsOutDil": 146222857,
        "link": "https://www.sec.gov/Archives/edgar/data/225648/000095013706008595/0000950137-06-008595-index.htm",
        "finalLink": "https://www.sec.gov/Archives/edgar/data/225648/000095013706008595/c07210e10vq.htm"
    },
    {
        "date": "2006-03-31",
        "symbol": "CVA",
        "reportedCurrency": "USD",
        "cik": "0000225648",
        "fillingDate": "2006-05-04",
        "acceptedDate": "2006-05-04 16:38:41",
        "calendarYear": "2006",
        "period": "Q1",
        "revenue": 305356000,
        "costOfRevenue": 0,
        "grossProfit": 305356000,
        "grossProfitRatio": 1,
        "researchAndDevelopmentExpenses": 0,
        "generalAndAdministrativeExpenses": 19515000,
        "sellingAndMarketingExpenses": 234325000,
        "sellingGeneralAndAdministrativeExpenses": 253840000,
        "otherExpenses": 0,
        "operatingExpenses": 253840000,
        "costAndExpenses": 253840000,
        "interestIncome": 0,
        "interestExpense": 0,
        "depreciationAndAmortization": -35835000,
        "ebitda": 15681000,
        "ebitdaratio": 0.0513531747,
        "operatingIncome": 51516000,
        "operatingIncomeRatio": 0.1687079998,
        "totalOtherIncomeExpensesNet": -35835000,
        "incomeBeforeTax": 15681000,
        "incomeBeforeTaxRatio": 0.0513531747,
        "incomeTaxExpense": 4263000,
        "netIncome": 11418000,
        "netIncomeRatio": 0.0373924206,
        "eps": 0.08,
        "epsdiluted": 0.08,
        "weightedAverageShsOut": 142725000,
        "weightedAverageShsOutDil": 142725000,
        "link": "https://www.sec.gov/Archives/edgar/data/225648/000095013706003023/0000950137-06-003023-index.htm",
        "finalLink": "https://www.sec.gov/Archives/edgar/data/225648/000095013706003023/c03133e10vk.htm"
    },
    {
        "date": "2005-12-31",
        "symbol": "CVA",
        "reportedCurrency": "USD",
        "cik": "0000225648",
        "fillingDate": "2006-03-14",
        "acceptedDate": "2006-03-14 17:34:03",
        "calendarYear": "2005",
        "period": "Q4",
        "revenue": 303362000,
        "costOfRevenue": 0,
        "grossProfit": 303362000,
        "grossProfitRatio": 1,
        "researchAndDevelopmentExpenses": 0,
        "generalAndAdministrativeExpenses": 23316000,
        "sellingAndMarketingExpenses": 225763000,
        "sellingGeneralAndAdministrativeExpenses": 249079000,
        "otherExpenses": 0,
        "operatingExpenses": 249079000,
        "costAndExpenses": 249079000,
        "interestIncome": 0,
        "interestExpense": 0,
        "depreciationAndAmortization": -37935000,
        "ebitda": 16348000,
        "ebitdaratio": 0.0538894126,
        "operatingIncome": 54283000,
        "operatingIncomeRatio": 0.1789380344,
        "totalOtherIncomeExpensesNet": -37935000,
        "incomeBeforeTax": 16348000,
        "incomeBeforeTaxRatio": 0.0538894126,
        "incomeTaxExpense": 10643000,
        "netIncome": 5705000,
        "netIncomeRatio": 0.018805915,
        "eps": 0.04,
        "epsdiluted": 0.04,
        "weightedAverageShsOut": 142725000,
        "weightedAverageShsOutDil": 142725000,
        "link": "https://www.sec.gov/Archives/edgar/data/225648/000095013706003023/0000950137-06-003023-index.html",
        "finalLink": "https://www.sec.gov/Archives/edgar/data/225648/000095013706003023/c03133e10vk.htm"
    },
    {
        "date": "2005-09-30",
        "symbol": "CVA",
        "reportedCurrency": "USD",
        "cik": "0000225648",
        "fillingDate": "2005-11-09",
        "acceptedDate": "2005-11-09 16:01:47",
        "calendarYear": "2005",
        "period": "Q3",
        "revenue": 301490000,
        "costOfRevenue": 0,
        "grossProfit": 301490000,
        "grossProfitRatio": 1,
        "researchAndDevelopmentExpenses": 0,
        "generalAndAdministrativeExpenses": 19615000,
        "sellingAndMarketingExpenses": 199896000,
        "sellingGeneralAndAdministrativeExpenses": 219511000,
        "otherExpenses": 0,
        "operatingExpenses": 219511000,
        "costAndExpenses": 219511000,
        "interestIncome": 0,
        "interestExpense": 0,
        "depreciationAndAmortization": 44800000,
        "ebitda": 98592000,
        "ebitdaratio": 0.3270158214,
        "operatingIncome": 81979000,
        "operatingIncomeRatio": 0.2719128329,
        "totalOtherIncomeExpensesNet": -28187000,
        "incomeBeforeTax": 53792000,
        "incomeBeforeTaxRatio": 0.1784205115,
        "incomeTaxExpense": 16391000,
        "netIncome": 37401000,
        "netIncomeRatio": 0.1240538658,
        "eps": 0.27,
        "epsdiluted": 0.26,
        "weightedAverageShsOut": 138522222,
        "weightedAverageShsOutDil": 143850000,
        "link": "https://www.sec.gov/Archives/edgar/data/225648/000095013705013561/0000950137-05-013561-index.htm",
        "finalLink": "https://www.sec.gov/Archives/edgar/data/225648/000095013705013561/c99503e10vq.htm"
    },
    {
        "date": "2005-06-30",
        "symbol": "CVA",
        "reportedCurrency": "USD",
        "cik": "0000225648",
        "fillingDate": "2005-08-09",
        "acceptedDate": "2005-08-09 16:53:45",
        "calendarYear": "2005",
        "period": "Q2",
        "revenue": 204690000,
        "costOfRevenue": 0,
        "grossProfit": 204690000,
        "grossProfitRatio": 1,
        "researchAndDevelopmentExpenses": 0,
        "generalAndAdministrativeExpenses": 0,
        "sellingAndMarketingExpenses": 0,
        "sellingGeneralAndAdministrativeExpenses": 170000000,
        "otherExpenses": 0,
        "operatingExpenses": 170000000,
        "costAndExpenses": 170000000,
        "interestIncome": 0,
        "interestExpense": 0,
        "depreciationAndAmortization": 17800000,
        "ebitda": 23717000,
        "ebitdaratio": 0.1158678978,
        "operatingIncome": 204690000,
        "operatingIncomeRatio": 1,
        "totalOtherIncomeExpensesNet": 0,
        "incomeBeforeTax": 0,
        "incomeBeforeTaxRatio": 0,
        "incomeTaxExpense": 0,
        "netIncome": 5917000,
        "netIncomeRatio": 0.0289071279,
        "eps": 0.06,
        "epsdiluted": 0.05,
        "weightedAverageShsOut": 98616667,
        "weightedAverageShsOutDil": 118340000,
        "link": "https://www.sec.gov/Archives/edgar/data/225648/000095013705009921/0000950137-05-009921-index.htm",
        "finalLink": "https://www.sec.gov/Archives/edgar/data/225648/000095013705009921/c97515e10vq.htm"
    },
    {
        "date": "2005-03-31",
        "symbol": "CVA",
        "reportedCurrency": "USD",
        "cik": "0000225648",
        "fillingDate": "2005-05-04",
        "acceptedDate": "2005-05-04 17:25:07",
        "calendarYear": "2005",
        "period": "Q1",
        "revenue": 185994000,
        "costOfRevenue": 0,
        "grossProfit": 185994000,
        "grossProfitRatio": 1,
        "researchAndDevelopmentExpenses": 0,
        "generalAndAdministrativeExpenses": 0,
        "sellingAndMarketingExpenses": 0,
        "sellingGeneralAndAdministrativeExpenses": 161000000,
        "otherExpenses": 0,
        "operatingExpenses": 161000000,
        "costAndExpenses": 161000000,
        "interestIncome": 0,
        "interestExpense": 0,
        "depreciationAndAmortization": 15700000,
        "ebitda": 26003000,
        "ebitdaratio": 0.1398055851,
        "operatingIncome": 185994000,
        "operatingIncomeRatio": 1,
        "totalOtherIncomeExpensesNet": 0,
        "incomeBeforeTax": 0,
        "incomeBeforeTaxRatio": 0,
        "incomeTaxExpense": 0,
        "netIncome": 10303000,
        "netIncomeRatio": 0.05539426,
        "eps": 0.14,
        "epsdiluted": 0.13,
        "weightedAverageShsOut": 73592857,
        "weightedAverageShsOutDil": 79253846,
        "link": "https://www.sec.gov/Archives/edgar/data/225648/000095013705003152/0000950137-05-003152-index.htm",
        "finalLink": "https://www.sec.gov/Archives/edgar/data/225648/000095013705003152/c92753e10vk.htm"
    },
    {
        "date": "2004-12-31",
        "symbol": "CVA",
        "reportedCurrency": "USD",
        "cik": "0000225648",
        "fillingDate": "2005-03-16",
        "acceptedDate": "2005-03-16 17:27:49",
        "calendarYear": "2004",
        "period": "Q4",
        "revenue": 161539000,
        "costOfRevenue": 0,
        "grossProfit": 161539000,
        "grossProfitRatio": 1,
        "researchAndDevelopmentExpenses": 0,
        "generalAndAdministrativeExpenses": 0,
        "sellingAndMarketingExpenses": 0,
        "sellingGeneralAndAdministrativeExpenses": 0,
        "otherExpenses": 0,
        "operatingExpenses": 0,
        "costAndExpenses": 0,
        "interestIncome": 0,
        "interestExpense": 0,
        "depreciationAndAmortization": 16400000,
        "ebitda": 24657000,
        "ebitdaratio": 0.1526380626,
        "operatingIncome": 161539000,
        "operatingIncomeRatio": 1,
        "totalOtherIncomeExpensesNet": 0,
        "incomeBeforeTax": 0,
        "incomeBeforeTaxRatio": 0,
        "incomeTaxExpense": 0,
        "netIncome": 8257000,
        "netIncomeRatio": 0.0511145915,
        "eps": 0.11,
        "epsdiluted": 0.11,
        "weightedAverageShsOut": 73592857,
        "weightedAverageShsOutDil": 73592857,
        "link": "https://www.sec.gov/Archives/edgar/data/225648/000095013705003152/0000950137-05-003152-index.htm",
        "finalLink": "https://www.sec.gov/Archives/edgar/data/225648/000095013705003152/c92753e10vk.htm"
    },
    {
        "date": "2004-09-30",
        "symbol": "CVA",
        "reportedCurrency": "USD",
        "cik": "0000225648",
        "fillingDate": "2004-11-09",
        "acceptedDate": "2004-11-08 20:28:55",
        "calendarYear": "2004",
        "period": "Q3",
        "revenue": 181189000,
        "costOfRevenue": 0,
        "grossProfit": 181189000,
        "grossProfitRatio": 1,
        "researchAndDevelopmentExpenses": 0,
        "generalAndAdministrativeExpenses": 0,
        "sellingAndMarketingExpenses": 0,
        "sellingGeneralAndAdministrativeExpenses": 0,
        "otherExpenses": 0,
        "operatingExpenses": 0,
        "costAndExpenses": 0,
        "interestIncome": 0,
        "interestExpense": 0,
        "depreciationAndAmortization": 17200000,
        "ebitda": 30015000,
        "ebitdaratio": 0.1656557517,
        "operatingIncome": 181189000,
        "operatingIncomeRatio": 1,
        "totalOtherIncomeExpensesNet": 0,
        "incomeBeforeTax": 0,
        "incomeBeforeTaxRatio": 0,
        "incomeTaxExpense": 0,
        "netIncome": 12815000,
        "netIncomeRatio": 0.0707272517,
        "eps": 0.18,
        "epsdiluted": 0.17,
        "weightedAverageShsOut": 71194444,
        "weightedAverageShsOutDil": 75382353,
        "link": "https://www.sec.gov/Archives/edgar/data/225648/000095013704009619/0000950137-04-009619-index.htm",
        "finalLink": "https://www.sec.gov/Archives/edgar/data/225648/000095013704009619/c89402e10vq.htm"
    },
    {
        "date": "2004-06-30",
        "symbol": "CVA",
        "reportedCurrency": "USD",
        "cik": "0000225648",
        "fillingDate": "2004-08-09",
        "acceptedDate": "2004-08-06 18:44:10",
        "calendarYear": "2004",
        "period": "Q2",
        "revenue": 190591000,
        "costOfRevenue": 0,
        "grossProfit": 190591000,
        "grossProfitRatio": 1,
        "researchAndDevelopmentExpenses": 0,
        "generalAndAdministrativeExpenses": 0,
        "sellingAndMarketingExpenses": 0,
        "sellingGeneralAndAdministrativeExpenses": 0,
        "otherExpenses": 0,
        "operatingExpenses": 0,
        "costAndExpenses": 0,
        "interestIncome": 0,
        "interestExpense": 0,
        "depreciationAndAmortization": 16100000,
        "ebitda": 31295000,
        "ebitdaratio": 0.1641997786,
        "operatingIncome": 190591000,
        "operatingIncomeRatio": 1,
        "totalOtherIncomeExpensesNet": 0,
        "incomeBeforeTax": 0,
        "incomeBeforeTaxRatio": 0,
        "incomeTaxExpense": 0,
        "netIncome": 15195000,
        "netIncomeRatio": 0.0797256953,
        "eps": 0.26,
        "epsdiluted": 0.24,
        "weightedAverageShsOut": 58442308,
        "weightedAverageShsOutDil": 63312500,
        "link": "https://www.sec.gov/Archives/edgar/data/225648/000095013704006365/0000950137-04-006365-index.htm",
        "finalLink": "https://www.sec.gov/Archives/edgar/data/225648/000095013704006365/c87336e10vq.htm"
    },
    {
        "date": "2004-03-31",
        "symbol": "CVA",
        "reportedCurrency": "USD",
        "cik": "0000225648",
        "fillingDate": "2004-03-31",
        "acceptedDate": "2004-03-30 19:00:00",
        "calendarYear": "2004",
        "period": "Q1",
        "revenue": 46976000,
        "costOfRevenue": 0,
        "grossProfit": 46976000,
        "grossProfitRatio": 1,
        "researchAndDevelopmentExpenses": 0,
        "generalAndAdministrativeExpenses": 0,
        "sellingAndMarketingExpenses": 0,
        "sellingGeneralAndAdministrativeExpenses": 0,
        "otherExpenses": 0,
        "operatingExpenses": 0,
        "costAndExpenses": 0,
        "interestIncome": 0,
        "interestExpense": 0,
        "depreciationAndAmortization": 3600000,
        "ebitda": 1427000,
        "ebitdaratio": 0.0303772139,
        "operatingIncome": 46976000,
        "operatingIncomeRatio": 1,
        "totalOtherIncomeExpensesNet": 0,
        "incomeBeforeTax": 0,
        "incomeBeforeTaxRatio": 0,
        "incomeTaxExpense": 0,
        "netIncome": -2173000,
        "netIncomeRatio": -0.0462576635,
        "eps": -0.07,
        "epsdiluted": -0.07,
        "weightedAverageShsOut": 31042857,
        "weightedAverageShsOutDil": 31042857,
        "link": "",
        "finalLink": ""
    },
    {
        "date": "2003-12-31",
        "symbol": "CVA",
        "reportedCurrency": "USD",
        "cik": "0000225648",
        "fillingDate": "2003-12-31",
        "acceptedDate": "2003-12-30 19:00:00",
        "calendarYear": "2003",
        "period": "Q4",
        "revenue": 9752000,
        "costOfRevenue": 0,
        "grossProfit": 9752000,
        "grossProfitRatio": 1,
        "researchAndDevelopmentExpenses": 0,
        "generalAndAdministrativeExpenses": 0,
        "sellingAndMarketingExpenses": 0,
        "sellingGeneralAndAdministrativeExpenses": 0,
        "otherExpenses": 0,
        "operatingExpenses": 0,
        "costAndExpenses": 0,
        "interestIncome": 0,
        "interestExpense": 0,
        "depreciationAndAmortization": -13198000,
        "ebitda": -3446000,
        "ebitdaratio": -0.3533634126,
        "operatingIncome": 9752000,
        "operatingIncomeRatio": 1,
        "totalOtherIncomeExpensesNet": 0,
        "incomeBeforeTax": 0,
        "incomeBeforeTaxRatio": 0,
        "incomeTaxExpense": 13198000,
        "netIncome": -3446000,
        "netIncomeRatio": -0.3533634126,
        "eps": -0.11,
        "epsdiluted": -0.11,
        "weightedAverageShsOut": 31042857,
        "weightedAverageShsOutDil": 31042857,
        "link": "",
        "finalLink": ""
    },
    {
        "date": "2003-09-30",
        "symbol": "CVA",
        "reportedCurrency": "USD",
        "cik": "0000225648",
        "fillingDate": "2003-09-30",
        "acceptedDate": "2003-09-29 20:00:00",
        "calendarYear": "2003",
        "period": "Q3",
        "revenue": 9083000,
        "costOfRevenue": 0,
        "grossProfit": 9083000,
        "grossProfitRatio": 1,
        "researchAndDevelopmentExpenses": 0,
        "generalAndAdministrativeExpenses": 0,
        "sellingAndMarketingExpenses": 0,
        "sellingGeneralAndAdministrativeExpenses": 0,
        "otherExpenses": 0,
        "operatingExpenses": 0,
        "costAndExpenses": 0,
        "interestIncome": 0,
        "interestExpense": 0,
        "depreciationAndAmortization": -12525000,
        "ebitda": -3442000,
        "ebitdaratio": -0.3789496862,
        "operatingIncome": 9083000,
        "operatingIncomeRatio": 1,
        "totalOtherIncomeExpensesNet": 0,
        "incomeBeforeTax": 0,
        "incomeBeforeTaxRatio": 0,
        "incomeTaxExpense": 12525000,
        "netIncome": -3442000,
        "netIncomeRatio": -0.3789496862,
        "eps": -0.11,
        "epsdiluted": -0.11,
        "weightedAverageShsOut": 31290909,
        "weightedAverageShsOutDil": 31290909,
        "link": "",
        "finalLink": ""
    },
    {
        "date": "2003-06-30",
        "symbol": "CVA",
        "reportedCurrency": "USD",
        "cik": "0000225648",
        "fillingDate": "2003-06-30",
        "acceptedDate": "2003-06-29 20:00:00",
        "calendarYear": "2003",
        "period": "Q2",
        "revenue": 12086000,
        "costOfRevenue": 0,
        "grossProfit": 12086000,
        "grossProfitRatio": 1,
        "researchAndDevelopmentExpenses": 0,
        "generalAndAdministrativeExpenses": 0,
        "sellingAndMarketingExpenses": 0,
        "sellingGeneralAndAdministrativeExpenses": 0,
        "otherExpenses": 0,
        "operatingExpenses": 0,
        "costAndExpenses": 0,
        "interestIncome": 0,
        "interestExpense": 0,
        "depreciationAndAmortization": 100000,
        "ebitda": -4401000,
        "ebitdaratio": -0.3641403277,
        "operatingIncome": 12086000,
        "operatingIncomeRatio": 1,
        "totalOtherIncomeExpensesNet": 0,
        "incomeBeforeTax": 0,
        "incomeBeforeTaxRatio": 0,
        "incomeTaxExpense": 0,
        "netIncome": -4501000,
        "netIncomeRatio": -0.3724143637,
        "eps": -0.15,
        "epsdiluted": -0.15,
        "weightedAverageShsOut": 30006667,
        "weightedAverageShsOutDil": 30006667,
        "link": "",
        "finalLink": ""
    },
    {
        "date": "2003-03-28",
        "symbol": "CVA",
        "reportedCurrency": "USD",
        "cik": "0000225648",
        "fillingDate": "2003-05-12",
        "acceptedDate": "2003-05-11 20:00:00",
        "calendarYear": "2003",
        "period": "Q1",
        "revenue": 11100000,
        "costOfRevenue": 0,
        "grossProfit": 11100000,
        "grossProfitRatio": 1,
        "researchAndDevelopmentExpenses": 0,
        "generalAndAdministrativeExpenses": 14400000,
        "sellingAndMarketingExpenses": 0,
        "sellingGeneralAndAdministrativeExpenses": 14400000,
        "otherExpenses": 0,
        "operatingExpenses": 14400000,
        "costAndExpenses": 14400000,
        "interestIncome": 0,
        "interestExpense": 700000,
        "depreciationAndAmortization": 100000,
        "ebitda": -57000000,
        "ebitdaratio": -5.1351351351,
        "operatingIncome": -3300000,
        "operatingIncomeRatio": -0.2972972973,
        "totalOtherIncomeExpensesNet": 600000,
        "incomeBeforeTax": -2700000,
        "incomeBeforeTaxRatio": -0.2432432432,
        "incomeTaxExpense": 1300000,
        "netIncome": -57800000,
        "netIncomeRatio": -5.2072072072,
        "eps": -1.88,
        "epsdiluted": -1.88,
        "weightedAverageShsOut": 30800000,
        "weightedAverageShsOutDil": 30800000,
        "link": "https://www.sec.gov/Archives/edgar/data/225648/000095012303005715/0000950123-03-005715-index.htm",
        "finalLink": "https://www.sec.gov/Archives/edgar/data/225648/000095012303005715/y86292e10vq.txt"
    },
    {
        "date": "2002-12-27",
        "symbol": "CVA",
        "reportedCurrency": "USD",
        "cik": "0000225648",
        "fillingDate": "2003-03-27",
        "acceptedDate": "2003-03-26 19:00:00",
        "calendarYear": "2002",
        "period": "Q4",
        "revenue": 218800000,
        "costOfRevenue": 0,
        "grossProfit": 218800000,
        "grossProfitRatio": 1,
        "researchAndDevelopmentExpenses": 0,
        "generalAndAdministrativeExpenses": 200400000,
        "sellingAndMarketingExpenses": 17700000,
        "sellingGeneralAndAdministrativeExpenses": 218100000,
        "otherExpenses": 0,
        "operatingExpenses": 218100000,
        "costAndExpenses": 218100000,
        "interestIncome": 0,
        "interestExpense": -17100000,
        "depreciationAndAmortization": 18400000,
        "ebitda": -17700000,
        "ebitdaratio": -0.0808957952,
        "operatingIncome": 700000,
        "operatingIncomeRatio": 0.0031992687,
        "totalOtherIncomeExpensesNet": -19700000,
        "incomeBeforeTax": -19000000,
        "incomeBeforeTaxRatio": -0.0868372943,
        "incomeTaxExpense": 0,
        "netIncome": -19000000,
        "netIncomeRatio": -0.0868372943,
        "eps": -0.62,
        "epsdiluted": -0.62,
        "weightedAverageShsOut": 30800000,
        "weightedAverageShsOutDil": 30800000,
        "link": "https://www.sec.gov/Archives/edgar/data/225648/000095012303003377/0000950123-03-003377-index.htm",
        "finalLink": "https://www.sec.gov/Archives/edgar/data/225648/000095012303003377/y84695e10vk.txt"
    },
    {
        "date": "2002-09-27",
        "symbol": "CVA",
        "reportedCurrency": "USD",
        "cik": "0000225648",
        "fillingDate": "2002-11-12",
        "acceptedDate": "2002-11-12 17:26:43",
        "calendarYear": "2002",
        "period": "Q3",
        "revenue": 207900000,
        "costOfRevenue": 0,
        "grossProfit": 207900000,
        "grossProfitRatio": 1,
        "researchAndDevelopmentExpenses": 0,
        "generalAndAdministrativeExpenses": 189700000,
        "sellingAndMarketingExpenses": 17900000,
        "sellingGeneralAndAdministrativeExpenses": 207600000,
        "otherExpenses": 0,
        "operatingExpenses": 207600000,
        "costAndExpenses": 207600000,
        "interestIncome": 0,
        "interestExpense": -16100000,
        "depreciationAndAmortization": 17900000,
        "ebitda": -16300000,
        "ebitdaratio": -0.0784030784,
        "operatingIncome": 300000,
        "operatingIncomeRatio": 0.0014430014,
        "totalOtherIncomeExpensesNet": -18400000,
        "incomeBeforeTax": -18100000,
        "incomeBeforeTaxRatio": -0.0870610871,
        "incomeTaxExpense": 200000,
        "netIncome": -18300000,
        "netIncomeRatio": -0.088023088,
        "eps": -0.59,
        "epsdiluted": -0.59,
        "weightedAverageShsOut": 30800000,
        "weightedAverageShsOutDil": 30800000,
        "link": "https://www.sec.gov/Archives/edgar/data/225648/000095012302010601/0000950123-02-010601-index.html",
        "finalLink": "https://www.sec.gov/Archives/edgar/data/225648/000095012302010601/y65240e10vq.htm"
    },
    {
        "date": "2002-06-30",
        "symbol": "CVA",
        "reportedCurrency": "USD",
        "cik": "0000225648",
        "fillingDate": "2002-08-14",
        "acceptedDate": "2002-08-13 20:19:20",
        "calendarYear": "2002",
        "period": "Q2",
        "revenue": 83690000,
        "costOfRevenue": 0,
        "grossProfit": 83690000,
        "grossProfitRatio": 1,
        "researchAndDevelopmentExpenses": 0,
        "generalAndAdministrativeExpenses": 0,
        "sellingAndMarketingExpenses": 0,
        "sellingGeneralAndAdministrativeExpenses": 0,
        "otherExpenses": 0,
        "operatingExpenses": 0,
        "costAndExpenses": 0,
        "interestIncome": 0,
        "interestExpense": 0,
        "depreciationAndAmortization": 5900000,
        "ebitda": 10241000,
        "ebitdaratio": 0.1223682638,
        "operatingIncome": 83690000,
        "operatingIncomeRatio": 1,
        "totalOtherIncomeExpensesNet": 0,
        "incomeBeforeTax": 0,
        "incomeBeforeTaxRatio": 0,
        "incomeTaxExpense": 0,
        "netIncome": 4341000,
        "netIncomeRatio": 0.0518699964,
        "eps": 0.18,
        "epsdiluted": 0.18,
        "weightedAverageShsOut": 24116667,
        "weightedAverageShsOutDil": 24116667,
        "link": "https://www.sec.gov/Archives/edgar/data/225648/000095012302007887/0000950123-02-007887-index.html",
        "finalLink": "https://www.sec.gov/Archives/edgar/data/225648/000095012302007887/y63025e10vq.txt"
    },
    {
        "date": "2002-03-31",
        "symbol": "CVA",
        "reportedCurrency": "USD",
        "cik": "0000225648",
        "fillingDate": "2002-04-01",
        "acceptedDate": "2002-04-01 00:00:00",
        "calendarYear": "2002",
        "period": "Q1",
        "revenue": 20842000,
        "costOfRevenue": 0,
        "grossProfit": 20842000,
        "grossProfitRatio": 1,
        "researchAndDevelopmentExpenses": 0,
        "generalAndAdministrativeExpenses": 0,
        "sellingAndMarketingExpenses": 0,
        "sellingGeneralAndAdministrativeExpenses": 0,
        "otherExpenses": 0,
        "operatingExpenses": 0,
        "costAndExpenses": 0,
        "interestIncome": 0,
        "interestExpense": 0,
        "depreciationAndAmortization": 200000,
        "ebitda": 146000,
        "ebitdaratio": 0.0070050859,
        "operatingIncome": 20842000,
        "operatingIncomeRatio": 1,
        "totalOtherIncomeExpensesNet": 0,
        "incomeBeforeTax": 0,
        "incomeBeforeTaxRatio": 0,
        "incomeTaxExpense": 0,
        "netIncome": -54000,
        "netIncomeRatio": -0.0025909222,
        "eps": -0.0028,
        "epsdiluted": -0.0028,
        "weightedAverageShsOut": 19510954,
        "weightedAverageShsOutDil": 19510954,
        "link": "https://www.sec.gov/Archives/edgar/data/225648/000109928102000109/0001099281-02-000109-index.html",
        "finalLink": "https://www.sec.gov/Archives/edgar/data/225648/000109928102000109/dhc10k2001.txt"
    },
    {
        "date": "2001-12-31",
        "symbol": "CVA",
        "reportedCurrency": "USD",
        "cik": "0000225648",
        "fillingDate": "2002-04-01",
        "acceptedDate": "2002-04-01 00:00:00",
        "calendarYear": "2001",
        "period": "Q4",
        "revenue": 21644000,
        "costOfRevenue": 0,
        "grossProfit": 21644000,
        "grossProfitRatio": 1,
        "researchAndDevelopmentExpenses": 0,
        "generalAndAdministrativeExpenses": 0,
        "sellingAndMarketingExpenses": 0,
        "sellingGeneralAndAdministrativeExpenses": 0,
        "otherExpenses": 0,
        "operatingExpenses": 0,
        "costAndExpenses": 0,
        "interestIncome": 0,
        "interestExpense": 0,
        "depreciationAndAmortization": 1500000,
        "ebitda": -6548000,
        "ebitdaratio": -0.3025318795,
        "operatingIncome": 21644000,
        "operatingIncomeRatio": 1,
        "totalOtherIncomeExpensesNet": 0,
        "incomeBeforeTax": 0,
        "incomeBeforeTaxRatio": 0,
        "incomeTaxExpense": 0,
        "netIncome": -8048000,
        "netIncomeRatio": -0.3718351506,
        "eps": -0.41,
        "epsdiluted": -0.41,
        "weightedAverageShsOut": 19510954,
        "weightedAverageShsOutDil": 19510954,
        "link": "https://www.sec.gov/Archives/edgar/data/225648/000109928102000109/0001099281-02-000109-index.html",
        "finalLink": "https://www.sec.gov/Archives/edgar/data/225648/000109928102000109/dhc10k2001.txt"
    },
    {
        "date": "2001-09-30",
        "symbol": "CVA",
        "reportedCurrency": "USD",
        "cik": "0000225648",
        "fillingDate": "2001-11-14",
        "acceptedDate": "2001-11-14 00:00:00",
        "calendarYear": "2001",
        "period": "Q3",
        "revenue": 25996000,
        "costOfRevenue": 0,
        "grossProfit": 25996000,
        "grossProfitRatio": 1,
        "researchAndDevelopmentExpenses": 0,
        "generalAndAdministrativeExpenses": 0,
        "sellingAndMarketingExpenses": 0,
        "sellingGeneralAndAdministrativeExpenses": 0,
        "otherExpenses": 0,
        "operatingExpenses": 0,
        "costAndExpenses": 0,
        "interestIncome": 0,
        "interestExpense": 0,
        "depreciationAndAmortization": -400000,
        "ebitda": -1994000,
        "ebitdaratio": -0.0767041083,
        "operatingIncome": 25996000,
        "operatingIncomeRatio": 1,
        "totalOtherIncomeExpensesNet": 0,
        "incomeBeforeTax": 0,
        "incomeBeforeTaxRatio": 0,
        "incomeTaxExpense": 0,
        "netIncome": -1594000,
        "netIncomeRatio": -0.0613171257,
        "eps": -0.08,
        "epsdiluted": -0.08,
        "weightedAverageShsOut": 19925000,
        "weightedAverageShsOutDil": 19925000,
        "link": "https://www.sec.gov/Archives/edgar/data/225648/000109928101500036/0001099281-01-500036-index.html",
        "finalLink": "https://www.sec.gov/Archives/edgar/data/225648/000109928101500036/dhc10q4.htm"
    },
    {
        "date": "2001-06-30",
        "symbol": "CVA",
        "reportedCurrency": "USD",
        "cik": "0000225648",
        "fillingDate": "2001-08-14",
        "acceptedDate": "2001-08-14 00:00:00",
        "calendarYear": "2001",
        "period": "Q2",
        "revenue": 23857000,
        "costOfRevenue": 0,
        "grossProfit": 23857000,
        "grossProfitRatio": 1,
        "researchAndDevelopmentExpenses": 0,
        "generalAndAdministrativeExpenses": 0,
        "sellingAndMarketingExpenses": 0,
        "sellingGeneralAndAdministrativeExpenses": 0,
        "otherExpenses": 0,
        "operatingExpenses": 0,
        "costAndExpenses": 0,
        "interestIncome": 0,
        "interestExpense": 0,
        "depreciationAndAmortization": 200000,
        "ebitda": -5379000,
        "ebitdaratio": -0.225468416,
        "operatingIncome": 23857000,
        "operatingIncomeRatio": 1,
        "totalOtherIncomeExpensesNet": 0,
        "incomeBeforeTax": 0,
        "incomeBeforeTaxRatio": 0,
        "incomeTaxExpense": 0,
        "netIncome": -5579000,
        "netIncomeRatio": -0.2338516997,
        "eps": -0.29,
        "epsdiluted": -0.29,
        "weightedAverageShsOut": 19237931,
        "weightedAverageShsOutDil": 19237931,
        "link": "https://www.sec.gov/Archives/edgar/data/225648/000092859801500240/0000928598-01-500240-index.html",
        "finalLink": "https://www.sec.gov/Archives/edgar/data/225648/000092859801500240/dhc10.txt"
    },
    {
        "date": "2001-03-31",
        "symbol": "CVA",
        "reportedCurrency": "USD",
        "cik": "0000225648",
        "fillingDate": "2001-05-15",
        "acceptedDate": "2001-05-15 00:00:00",
        "calendarYear": "2001",
        "period": "Q1",
        "revenue": 22605000,
        "costOfRevenue": 0,
        "grossProfit": 22605000,
        "grossProfitRatio": 1,
        "researchAndDevelopmentExpenses": 0,
        "generalAndAdministrativeExpenses": 0,
        "sellingAndMarketingExpenses": 0,
        "sellingGeneralAndAdministrativeExpenses": 0,
        "otherExpenses": 0,
        "operatingExpenses": 0,
        "costAndExpenses": 0,
        "interestIncome": 0,
        "interestExpense": 0,
        "depreciationAndAmortization": 200000,
        "ebitda": 1087000,
        "ebitdaratio": 0.0480867065,
        "operatingIncome": 22605000,
        "operatingIncomeRatio": 1,
        "totalOtherIncomeExpensesNet": 0,
        "incomeBeforeTax": 0,
        "incomeBeforeTaxRatio": 0,
        "incomeTaxExpense": 0,
        "netIncome": 887000,
        "netIncomeRatio": 0.0392391064,
        "eps": 0.05,
        "epsdiluted": 0.05,
        "weightedAverageShsOut": 17740000,
        "weightedAverageShsOutDil": 17740000,
        "link": "https://www.sec.gov/Archives/edgar/data/225648/000092859801500159/0000928598-01-500159-index.html",
        "finalLink": "https://www.sec.gov/Archives/edgar/data/225648/000092859801500159/dhc10q5-15.txt"
    },
    {
        "date": "2000-12-31",
        "symbol": "CVA",
        "reportedCurrency": "USD",
        "cik": "0000225648",
        "fillingDate": "2001-03-30",
        "acceptedDate": "2001-03-30 00:00:00",
        "calendarYear": "2000",
        "period": "Q4",
        "revenue": 25037000,
        "costOfRevenue": 0,
        "grossProfit": 25037000,
        "grossProfitRatio": 1,
        "researchAndDevelopmentExpenses": 0,
        "generalAndAdministrativeExpenses": 0,
        "sellingAndMarketingExpenses": 0,
        "sellingGeneralAndAdministrativeExpenses": 0,
        "otherExpenses": 0,
        "operatingExpenses": 0,
        "costAndExpenses": 0,
        "interestIncome": 0,
        "interestExpense": 0,
        "depreciationAndAmortization": 200000,
        "ebitda": -4796000,
        "ebitdaratio": -0.1915564964,
        "operatingIncome": 25037000,
        "operatingIncomeRatio": 1,
        "totalOtherIncomeExpensesNet": 0,
        "incomeBeforeTax": 0,
        "incomeBeforeTaxRatio": 0,
        "incomeTaxExpense": 0,
        "netIncome": -4996000,
        "netIncomeRatio": -0.1995446739,
        "eps": -0.28,
        "epsdiluted": -0.28,
        "weightedAverageShsOut": 17740000,
        "weightedAverageShsOutDil": 17740000,
        "link": "https://www.sec.gov/Archives/edgar/data/225648/000092859801500093/0000928598-01-500093-index.html",
        "finalLink": "https://www.sec.gov/Archives/edgar/data/225648/000092859801500093/dhc10k.txt"
    },
    {
        "date": "2000-09-30",
        "symbol": "CVA",
        "reportedCurrency": "USD",
        "cik": "0000225648",
        "fillingDate": "2000-11-14",
        "acceptedDate": "2000-11-14 00:00:00",
        "calendarYear": "2000",
        "period": "Q3",
        "revenue": 21389000,
        "costOfRevenue": 0,
        "grossProfit": 21389000,
        "grossProfitRatio": 1,
        "researchAndDevelopmentExpenses": 0,
        "generalAndAdministrativeExpenses": 0,
        "sellingAndMarketingExpenses": 0,
        "sellingGeneralAndAdministrativeExpenses": 0,
        "otherExpenses": 0,
        "operatingExpenses": 0,
        "costAndExpenses": 0,
        "interestIncome": 0,
        "interestExpense": 0,
        "depreciationAndAmortization": 200000,
        "ebitda": 1467000,
        "ebitdaratio": 0.0685866567,
        "operatingIncome": 21389000,
        "operatingIncomeRatio": 1,
        "totalOtherIncomeExpensesNet": 0,
        "incomeBeforeTax": 0,
        "incomeBeforeTaxRatio": 0,
        "incomeTaxExpense": 0,
        "netIncome": 1267000,
        "netIncomeRatio": 0.0592360559,
        "eps": 0.07,
        "epsdiluted": 0.07,
        "weightedAverageShsOut": 18100000,
        "weightedAverageShsOutDil": 18100000,
        "link": "https://www.sec.gov/Archives/edgar/data/225648/000105423600000189/0001054236-00-000189-index.html",
        "finalLink": "https://www.sec.gov/Archives/edgar/data/225648/000105423600000189/0001054236-00-000189-0001.txt"
    },
    {
        "date": "2000-06-30",
        "symbol": "CVA",
        "reportedCurrency": "USD",
        "cik": "0000225648",
        "fillingDate": "2000-08-14",
        "acceptedDate": "2000-08-14 00:00:00",
        "calendarYear": "2000",
        "period": "Q2",
        "revenue": 18952000,
        "costOfRevenue": 0,
        "grossProfit": 18952000,
        "grossProfitRatio": 1,
        "researchAndDevelopmentExpenses": 0,
        "generalAndAdministrativeExpenses": 0,
        "sellingAndMarketingExpenses": 0,
        "sellingGeneralAndAdministrativeExpenses": 0,
        "otherExpenses": 0,
        "operatingExpenses": 0,
        "costAndExpenses": 0,
        "interestIncome": 0,
        "interestExpense": 0,
        "depreciationAndAmortization": 200000,
        "ebitda": 1524000,
        "ebitdaratio": 0.0804136767,
        "operatingIncome": 18952000,
        "operatingIncomeRatio": 1,
        "totalOtherIncomeExpensesNet": 0,
        "incomeBeforeTax": 0,
        "incomeBeforeTaxRatio": 0,
        "incomeTaxExpense": 0,
        "netIncome": 1324000,
        "netIncomeRatio": 0.0698607007,
        "eps": 0.07,
        "epsdiluted": 0.07,
        "weightedAverageShsOut": 18914286,
        "weightedAverageShsOutDil": 18914286,
        "link": "https://www.sec.gov/Archives/edgar/data/225648/000105423600000149/0001054236-00-000149-index.html",
        "finalLink": "https://www.sec.gov/Archives/edgar/data/225648/000105423600000149/0001054236-00-000149-0001.txt"
    },
    {
        "date": "2000-03-31",
        "symbol": "CVA",
        "reportedCurrency": "USD",
        "cik": "0000225648",
        "fillingDate": "2000-05-15",
        "acceptedDate": "2000-05-15 00:00:00",
        "calendarYear": "2000",
        "period": "Q1",
        "revenue": 20859000,
        "costOfRevenue": 0,
        "grossProfit": 20859000,
        "grossProfitRatio": 1,
        "researchAndDevelopmentExpenses": 0,
        "generalAndAdministrativeExpenses": 0,
        "sellingAndMarketingExpenses": 0,
        "sellingGeneralAndAdministrativeExpenses": 0,
        "otherExpenses": 0,
        "operatingExpenses": 0,
        "costAndExpenses": 0,
        "interestIncome": 0,
        "interestExpense": 0,
        "depreciationAndAmortization": 200000,
        "ebitda": 3635000,
        "ebitdaratio": 0.1742653051,
        "operatingIncome": 20859000,
        "operatingIncomeRatio": 1,
        "totalOtherIncomeExpensesNet": 0,
        "incomeBeforeTax": 0,
        "incomeBeforeTaxRatio": 0,
        "incomeTaxExpense": 0,
        "netIncome": 3435000,
        "netIncomeRatio": 0.1646771178,
        "eps": 0.19,
        "epsdiluted": 0.18,
        "weightedAverageShsOut": 18078947,
        "weightedAverageShsOutDil": 19083333,
        "link": "https://www.sec.gov/Archives/edgar/data/225648/000105423600000103/0001054236-00-000103-index.html",
        "finalLink": "https://www.sec.gov/Archives/edgar/data/225648/0001054236-00-000103.txt"
    },
    {
        "date": "1999-12-31",
        "symbol": "CVA",
        "reportedCurrency": "USD",
        "cik": "0000225648",
        "fillingDate": "1999-12-31",
        "acceptedDate": "1999-12-30 19:00:00",
        "calendarYear": "1999",
        "period": "Q4",
        "revenue": 26858000,
        "costOfRevenue": 0,
        "grossProfit": 26858000,
        "grossProfitRatio": 1,
        "researchAndDevelopmentExpenses": 0,
        "generalAndAdministrativeExpenses": 0,
        "sellingAndMarketingExpenses": 0,
        "sellingGeneralAndAdministrativeExpenses": 0,
        "otherExpenses": 0,
        "operatingExpenses": 0,
        "costAndExpenses": 0,
        "interestIncome": 0,
        "interestExpense": 0,
        "depreciationAndAmortization": 100000,
        "ebitda": 555000,
        "ebitdaratio": 0.0206642341,
        "operatingIncome": 26858000,
        "operatingIncomeRatio": 1,
        "totalOtherIncomeExpensesNet": 0,
        "incomeBeforeTax": 0,
        "incomeBeforeTaxRatio": 0,
        "incomeTaxExpense": 0,
        "netIncome": 455000,
        "netIncomeRatio": 0.0169409487,
        "eps": 0.0252,
        "epsdiluted": 0.0252,
        "weightedAverageShsOut": 18078947,
        "weightedAverageShsOutDil": 18078947,
        "link": "",
        "finalLink": ""
    },
    {
        "date": "1999-09-30",
        "symbol": "CVA",
        "reportedCurrency": "USD",
        "cik": "0000225648",
        "fillingDate": "1999-11-15",
        "acceptedDate": "1999-11-15 00:00:00",
        "calendarYear": "1999",
        "period": "Q3",
        "revenue": 15400000,
        "costOfRevenue": 0,
        "grossProfit": 15400000,
        "grossProfitRatio": 1,
        "researchAndDevelopmentExpenses": 0,
        "generalAndAdministrativeExpenses": 0,
        "sellingAndMarketingExpenses": 0,
        "sellingGeneralAndAdministrativeExpenses": 0,
        "otherExpenses": 0,
        "operatingExpenses": 0,
        "costAndExpenses": 0,
        "interestIncome": 0,
        "interestExpense": 0,
        "depreciationAndAmortization": 200000,
        "ebitda": 700000,
        "ebitdaratio": 0.0454545455,
        "operatingIncome": 15400000,
        "operatingIncomeRatio": 1,
        "totalOtherIncomeExpensesNet": 0,
        "incomeBeforeTax": 0,
        "incomeBeforeTaxRatio": 0,
        "incomeTaxExpense": 0,
        "netIncome": 500000,
        "netIncomeRatio": 0.0324675325,
        "eps": 0.03,
        "epsdiluted": 0.03,
        "weightedAverageShsOut": 16666667,
        "weightedAverageShsOutDil": 16666667,
        "link": "https://www.sec.gov/Archives/edgar/data/225648/000105423699000015/0001054236-99-000015-index.html",
        "finalLink": "https://www.sec.gov/Archives/edgar/data/225648/0001054236-99-000015.txt"
    },
    {
        "date": "1999-06-30",
        "symbol": "CVA",
        "reportedCurrency": "USD",
        "cik": "0000225648",
        "fillingDate": "1999-08-13",
        "acceptedDate": "1999-08-13 00:00:00",
        "calendarYear": "1999",
        "period": "Q2",
        "revenue": 14300000,
        "costOfRevenue": 0,
        "grossProfit": 14300000,
        "grossProfitRatio": 1,
        "researchAndDevelopmentExpenses": 0,
        "generalAndAdministrativeExpenses": 0,
        "sellingAndMarketingExpenses": 0,
        "sellingGeneralAndAdministrativeExpenses": 0,
        "otherExpenses": 0,
        "operatingExpenses": 0,
        "costAndExpenses": 0,
        "interestIncome": 0,
        "interestExpense": 0,
        "depreciationAndAmortization": 200000,
        "ebitda": 500000,
        "ebitdaratio": 0.034965035,
        "operatingIncome": 14300000,
        "operatingIncomeRatio": 1,
        "totalOtherIncomeExpensesNet": 0,
        "incomeBeforeTax": 0,
        "incomeBeforeTaxRatio": 0,
        "incomeTaxExpense": 0,
        "netIncome": 300000,
        "netIncomeRatio": 0.020979021,
        "eps": 0.0193,
        "epsdiluted": 0.0193,
        "weightedAverageShsOut": 15576000,
        "weightedAverageShsOutDil": 15576000,
        "link": "https://www.sec.gov/Archives/edgar/data/225648/000022564899000010/0000225648-99-000010-index.html",
        "finalLink": "https://www.sec.gov/Archives/edgar/data/225648/0000225648-99-000010.txt"
    },
    {
        "date": "1999-03-31",
        "symbol": "CVA",
        "reportedCurrency": "USD",
        "cik": "0000225648",
        "fillingDate": "1999-05-17",
        "acceptedDate": "1999-05-17 00:00:00",
        "calendarYear": "1999",
        "period": "Q1",
        "revenue": 14600000,
        "costOfRevenue": 0,
        "grossProfit": 14600000,
        "grossProfitRatio": 1,
        "researchAndDevelopmentExpenses": 0,
        "generalAndAdministrativeExpenses": 0,
        "sellingAndMarketingExpenses": 0,
        "sellingGeneralAndAdministrativeExpenses": 0,
        "otherExpenses": 0,
        "operatingExpenses": 0,
        "costAndExpenses": 0,
        "interestIncome": 0,
        "interestExpense": 0,
        "depreciationAndAmortization": 200000,
        "ebitda": 300000,
        "ebitdaratio": 0.0205479452,
        "operatingIncome": 14600000,
        "operatingIncomeRatio": 1,
        "totalOtherIncomeExpensesNet": 0,
        "incomeBeforeTax": 0,
        "incomeBeforeTaxRatio": 0,
        "incomeTaxExpense": 0,
        "netIncome": 100000,
        "netIncomeRatio": 0.0068493151,
        "eps": 0.0064,
        "epsdiluted": 0.0064,
        "weightedAverageShsOut": 15576000,
        "weightedAverageShsOutDil": 15576000,
        "link": "https://www.sec.gov/Archives/edgar/data/225648/000022564899000002/0000225648-99-000002-index.html",
        "finalLink": "https://www.sec.gov/Archives/edgar/data/225648/0000225648-99-000002.txt"
    },
    {
        "date": "1998-12-31",
        "symbol": "CVA",
        "reportedCurrency": "USD",
        "cik": "0000225648",
        "fillingDate": "1999-03-30",
        "acceptedDate": "1999-03-30 00:00:00",
        "calendarYear": "1998",
        "period": "Q4",
        "revenue": 16100000,
        "costOfRevenue": 0,
        "grossProfit": 16100000,
        "grossProfitRatio": 1,
        "researchAndDevelopmentExpenses": 0,
        "generalAndAdministrativeExpenses": 0,
        "sellingAndMarketingExpenses": 0,
        "sellingGeneralAndAdministrativeExpenses": 0,
        "otherExpenses": 0,
        "operatingExpenses": 0,
        "costAndExpenses": 0,
        "interestIncome": 0,
        "interestExpense": 0,
        "depreciationAndAmortization": 400000,
        "ebitda": 1000000,
        "ebitdaratio": 0.0621118012,
        "operatingIncome": 16100000,
        "operatingIncomeRatio": 1,
        "totalOtherIncomeExpensesNet": 0,
        "incomeBeforeTax": 0,
        "incomeBeforeTaxRatio": 0,
        "incomeTaxExpense": 0,
        "netIncome": 600000,
        "netIncomeRatio": 0.0372670807,
        "eps": 0.0385,
        "epsdiluted": 0.0385,
        "weightedAverageShsOut": 15576000,
        "weightedAverageShsOutDil": 15576000,
        "link": "https://www.sec.gov/Archives/edgar/data/225648/000093041399000453/0000930413-99-000453-index.html",
        "finalLink": "https://www.sec.gov/Archives/edgar/data/225648/0000930413-99-000453.txt"
    },
    {
        "date": "1998-09-30",
        "symbol": "CVA",
        "reportedCurrency": "USD",
        "cik": "0000225648",
        "fillingDate": "1998-11-16",
        "acceptedDate": "1998-11-16 00:00:00",
        "calendarYear": "1998",
        "period": "Q3",
        "revenue": 16200000,
        "costOfRevenue": 0,
        "grossProfit": 16200000,
        "grossProfitRatio": 1,
        "researchAndDevelopmentExpenses": 0,
        "generalAndAdministrativeExpenses": 0,
        "sellingAndMarketingExpenses": 0,
        "sellingGeneralAndAdministrativeExpenses": 0,
        "otherExpenses": 0,
        "operatingExpenses": 0,
        "costAndExpenses": 0,
        "interestIncome": 0,
        "interestExpense": 0,
        "depreciationAndAmortization": 100000,
        "ebitda": 700000,
        "ebitdaratio": 0.0432098765,
        "operatingIncome": 16200000,
        "operatingIncomeRatio": 1,
        "totalOtherIncomeExpensesNet": 0,
        "incomeBeforeTax": 0,
        "incomeBeforeTaxRatio": 0,
        "incomeTaxExpense": 0,
        "netIncome": 600000,
        "netIncomeRatio": 0.037037037,
        "eps": 0.0376,
        "epsdiluted": 0.0376,
        "weightedAverageShsOut": 15942000,
        "weightedAverageShsOutDil": 15942000,
        "link": "https://www.sec.gov/Archives/edgar/data/225648/000022564898000008/0000225648-98-000008-index.html",
        "finalLink": "https://www.sec.gov/Archives/edgar/data/225648/0000225648-98-000008.txt"
    },
    {
        "date": "1998-06-30",
        "symbol": "CVA",
        "reportedCurrency": "USD",
        "cik": "0000225648",
        "fillingDate": "1998-08-14",
        "acceptedDate": "1998-08-14 00:00:00",
        "calendarYear": "1998",
        "period": "Q2",
        "revenue": 15800000,
        "costOfRevenue": 0,
        "grossProfit": 15800000,
        "grossProfitRatio": 1,
        "researchAndDevelopmentExpenses": 0,
        "generalAndAdministrativeExpenses": 0,
        "sellingAndMarketingExpenses": 0,
        "sellingGeneralAndAdministrativeExpenses": 0,
        "otherExpenses": 0,
        "operatingExpenses": 0,
        "costAndExpenses": 0,
        "interestIncome": 0,
        "interestExpense": 0,
        "depreciationAndAmortization": 200000,
        "ebitda": 500000,
        "ebitdaratio": 0.0316455696,
        "operatingIncome": 15800000,
        "operatingIncomeRatio": 1,
        "totalOtherIncomeExpensesNet": 0,
        "incomeBeforeTax": 0,
        "incomeBeforeTaxRatio": 0,
        "incomeTaxExpense": 0,
        "netIncome": 300000,
        "netIncomeRatio": 0.0189873418,
        "eps": 0.02,
        "epsdiluted": 0.02,
        "weightedAverageShsOut": 15000000,
        "weightedAverageShsOutDil": 15000000,
        "link": "https://www.sec.gov/Archives/edgar/data/225648/000022564898000004/0000225648-98-000004-index.html",
        "finalLink": "https://www.sec.gov/Archives/edgar/data/225648/0000225648-98-000004.txt"
    },
    {
        "date": "1998-03-31",
        "symbol": "CVA",
        "reportedCurrency": "USD",
        "cik": "0000225648",
        "fillingDate": "1998-05-15",
        "acceptedDate": "1998-05-15 00:00:00",
        "calendarYear": "1998",
        "period": "Q1",
        "revenue": 16600000,
        "costOfRevenue": 0,
        "grossProfit": 16600000,
        "grossProfitRatio": 1,
        "researchAndDevelopmentExpenses": 0,
        "generalAndAdministrativeExpenses": 0,
        "sellingAndMarketingExpenses": 0,
        "sellingGeneralAndAdministrativeExpenses": 0,
        "otherExpenses": 0,
        "operatingExpenses": 0,
        "costAndExpenses": 0,
        "interestIncome": 0,
        "interestExpense": 0,
        "depreciationAndAmortization": 200000,
        "ebitda": 1000000,
        "ebitdaratio": 0.0602409639,
        "operatingIncome": 16600000,
        "operatingIncomeRatio": 1,
        "totalOtherIncomeExpensesNet": 0,
        "incomeBeforeTax": 0,
        "incomeBeforeTaxRatio": 0,
        "incomeTaxExpense": 0,
        "netIncome": 800000,
        "netIncomeRatio": 0.0481927711,
        "eps": 0.05,
        "epsdiluted": 0.05,
        "weightedAverageShsOut": 16000000,
        "weightedAverageShsOutDil": 16000000,
        "link": "https://www.sec.gov/Archives/edgar/data/225648/000022564898000002/0000225648-98-000002-index.html",
        "finalLink": "https://www.sec.gov/Archives/edgar/data/225648/0000225648-98-000002.txt"
    },
    {
        "date": "1997-12-31",
        "symbol": "CVA",
        "reportedCurrency": "USD",
        "cik": "0000225648",
        "fillingDate": "1997-12-31",
        "acceptedDate": "1997-12-30 19:00:00",
        "calendarYear": "1997",
        "period": "Q4",
        "revenue": 17300000,
        "costOfRevenue": 0,
        "grossProfit": 17300000,
        "grossProfitRatio": 1,
        "researchAndDevelopmentExpenses": 0,
        "generalAndAdministrativeExpenses": 0,
        "sellingAndMarketingExpenses": 0,
        "sellingGeneralAndAdministrativeExpenses": 0,
        "otherExpenses": 0,
        "operatingExpenses": 0,
        "costAndExpenses": 0,
        "interestIncome": 0,
        "interestExpense": 0,
        "depreciationAndAmortization": 300000,
        "ebitda": 1400000,
        "ebitdaratio": 0.0809248555,
        "operatingIncome": 17300000,
        "operatingIncomeRatio": 1,
        "totalOtherIncomeExpensesNet": 0,
        "incomeBeforeTax": 0,
        "incomeBeforeTaxRatio": 0,
        "incomeTaxExpense": 0,
        "netIncome": 1100000,
        "netIncomeRatio": 0.063583815,
        "eps": 0.0688,
        "epsdiluted": 0.0688,
        "weightedAverageShsOut": 16000000,
        "weightedAverageShsOutDil": 16000000,
        "link": "",
        "finalLink": ""
    },
    {
        "date": "1997-09-30",
        "symbol": "CVA",
        "reportedCurrency": "USD",
        "cik": "0000225648",
        "fillingDate": "1997-11-14",
        "acceptedDate": "1997-11-14 00:00:00",
        "calendarYear": "1997",
        "period": "Q3",
        "revenue": 17400000,
        "costOfRevenue": 0,
        "grossProfit": 17400000,
        "grossProfitRatio": 1,
        "researchAndDevelopmentExpenses": 0,
        "generalAndAdministrativeExpenses": 0,
        "sellingAndMarketingExpenses": 0,
        "sellingGeneralAndAdministrativeExpenses": 0,
        "otherExpenses": 0,
        "operatingExpenses": 0,
        "costAndExpenses": 0,
        "interestIncome": 0,
        "interestExpense": 0,
        "depreciationAndAmortization": 100000,
        "ebitda": 700000,
        "ebitdaratio": 0.0402298851,
        "operatingIncome": 17400000,
        "operatingIncomeRatio": 1,
        "totalOtherIncomeExpensesNet": 0,
        "incomeBeforeTax": 0,
        "incomeBeforeTaxRatio": 0,
        "incomeTaxExpense": 0,
        "netIncome": 600000,
        "netIncomeRatio": 0.0344827586,
        "eps": 0.0368,
        "epsdiluted": 0.0368,
        "weightedAverageShsOut": 16296000,
        "weightedAverageShsOutDil": 16296000,
        "link": "https://www.sec.gov/Archives/edgar/data/225648/000022564897000011/0000225648-97-000011-index.html",
        "finalLink": "https://www.sec.gov/Archives/edgar/data/225648/0000225648-97-000011.txt"
    },
    {
        "date": "1997-06-30",
        "symbol": "CVA",
        "reportedCurrency": "USD",
        "cik": "0000225648",
        "fillingDate": "1997-08-12",
        "acceptedDate": "1997-08-12 00:00:00",
        "calendarYear": "1997",
        "period": "Q2",
        "revenue": 15300000,
        "costOfRevenue": 0,
        "grossProfit": 15300000,
        "grossProfitRatio": 1,
        "researchAndDevelopmentExpenses": 0,
        "generalAndAdministrativeExpenses": 0,
        "sellingAndMarketingExpenses": 0,
        "sellingGeneralAndAdministrativeExpenses": 0,
        "otherExpenses": 0,
        "operatingExpenses": 0,
        "costAndExpenses": 0,
        "interestIncome": 0,
        "interestExpense": 0,
        "depreciationAndAmortization": 300000,
        "ebitda": 800000,
        "ebitdaratio": 0.0522875817,
        "operatingIncome": 15300000,
        "operatingIncomeRatio": 1,
        "totalOtherIncomeExpensesNet": 0,
        "incomeBeforeTax": 0,
        "incomeBeforeTaxRatio": 0,
        "incomeTaxExpense": 0,
        "netIncome": 500000,
        "netIncomeRatio": 0.0326797386,
        "eps": 0.03,
        "epsdiluted": 0.03,
        "weightedAverageShsOut": 16666667,
        "weightedAverageShsOutDil": 16666667,
        "link": "https://www.sec.gov/Archives/edgar/data/225648/000022564897000006/0000225648-97-000006-index.html",
        "finalLink": "https://www.sec.gov/Archives/edgar/data/225648/0000225648-97-000006.txt"
    },
    {
        "date": "1997-03-31",
        "symbol": "CVA",
        "reportedCurrency": "USD",
        "cik": "0000225648",
        "fillingDate": "1997-05-15",
        "acceptedDate": "1997-05-15 00:00:00",
        "calendarYear": "1997",
        "period": "Q1",
        "revenue": 15700000,
        "costOfRevenue": 0,
        "grossProfit": 15700000,
        "grossProfitRatio": 1,
        "researchAndDevelopmentExpenses": 0,
        "generalAndAdministrativeExpenses": 0,
        "sellingAndMarketingExpenses": 0,
        "sellingGeneralAndAdministrativeExpenses": 0,
        "otherExpenses": 0,
        "operatingExpenses": 0,
        "costAndExpenses": 0,
        "interestIncome": 0,
        "interestExpense": 0,
        "depreciationAndAmortization": 200000,
        "ebitda": 2600000,
        "ebitdaratio": 0.1656050955,
        "operatingIncome": 15700000,
        "operatingIncomeRatio": 1,
        "totalOtherIncomeExpensesNet": 0,
        "incomeBeforeTax": 0,
        "incomeBeforeTaxRatio": 0,
        "incomeTaxExpense": 0,
        "netIncome": 2400000,
        "netIncomeRatio": 0.152866242,
        "eps": 0.15,
        "epsdiluted": 0.15,
        "weightedAverageShsOut": 16000000,
        "weightedAverageShsOutDil": 16000000,
        "link": "https://www.sec.gov/Archives/edgar/data/225648/000022564897000004/0000225648-97-000004-index.html",
        "finalLink": "https://www.sec.gov/Archives/edgar/data/225648/0000225648-97-000004.txt"
    },
    {
        "date": "1996-12-31",
        "symbol": "CVA",
        "reportedCurrency": "USD",
        "cik": "0000225648",
        "fillingDate": "1997-03-28",
        "acceptedDate": "1997-03-28 00:00:00",
        "calendarYear": "1996",
        "period": "Q4",
        "revenue": 12900000,
        "costOfRevenue": 0,
        "grossProfit": 12900000,
        "grossProfitRatio": 1,
        "researchAndDevelopmentExpenses": 0,
        "generalAndAdministrativeExpenses": 0,
        "sellingAndMarketingExpenses": 0,
        "sellingGeneralAndAdministrativeExpenses": 0,
        "otherExpenses": 0,
        "operatingExpenses": 0,
        "costAndExpenses": 0,
        "interestIncome": 0,
        "interestExpense": 0,
        "depreciationAndAmortization": 200000,
        "ebitda": -4900000,
        "ebitdaratio": -0.3798449612,
        "operatingIncome": 12900000,
        "operatingIncomeRatio": 1,
        "totalOtherIncomeExpensesNet": 0,
        "incomeBeforeTax": 0,
        "incomeBeforeTaxRatio": 0,
        "incomeTaxExpense": 0,
        "netIncome": -5100000,
        "netIncomeRatio": -0.3953488372,
        "eps": -0.32,
        "epsdiluted": -0.32,
        "weightedAverageShsOut": 16000000,
        "weightedAverageShsOutDil": 16000000,
        "link": "https://www.sec.gov/Archives/edgar/data/225648/000094018097000300/0000940180-97-000300-index.html",
        "finalLink": "https://www.sec.gov/Archives/edgar/data/225648/0000940180-97-000300.txt"
    },
    {
        "date": "1996-09-30",
        "symbol": "CVA",
        "reportedCurrency": "USD",
        "cik": "0000225648",
        "fillingDate": "1996-11-14",
        "acceptedDate": "1996-11-14 00:00:00",
        "calendarYear": "1996",
        "period": "Q3",
        "revenue": 11500000,
        "costOfRevenue": 0,
        "grossProfit": 11500000,
        "grossProfitRatio": 1,
        "researchAndDevelopmentExpenses": 0,
        "generalAndAdministrativeExpenses": 0,
        "sellingAndMarketingExpenses": 0,
        "sellingGeneralAndAdministrativeExpenses": 0,
        "otherExpenses": 0,
        "operatingExpenses": 0,
        "costAndExpenses": 0,
        "interestIncome": 0,
        "interestExpense": 0,
        "depreciationAndAmortization": 300000,
        "ebitda": -1600000,
        "ebitdaratio": -0.1391304348,
        "operatingIncome": 11500000,
        "operatingIncomeRatio": 1,
        "totalOtherIncomeExpensesNet": 0,
        "incomeBeforeTax": 0,
        "incomeBeforeTaxRatio": 0,
        "incomeTaxExpense": 0,
        "netIncome": -1900000,
        "netIncomeRatio": -0.1652173913,
        "eps": -0.12,
        "epsdiluted": -0.12,
        "weightedAverageShsOut": 15833333,
        "weightedAverageShsOutDil": 15833333,
        "link": "https://www.sec.gov/Archives/edgar/data/225648/000022564896000007/0000225648-96-000007-index.html",
        "finalLink": "https://www.sec.gov/Archives/edgar/data/225648/0000225648-96-000007.txt"
    },
    {
        "date": "1996-06-30",
        "symbol": "CVA",
        "reportedCurrency": "USD",
        "cik": "0000225648",
        "fillingDate": "1996-08-14",
        "acceptedDate": "1996-08-14 00:00:00",
        "calendarYear": "1996",
        "period": "Q2",
        "revenue": 13400000,
        "costOfRevenue": 0,
        "grossProfit": 13400000,
        "grossProfitRatio": 1,
        "researchAndDevelopmentExpenses": 0,
        "generalAndAdministrativeExpenses": 0,
        "sellingAndMarketingExpenses": 0,
        "sellingGeneralAndAdministrativeExpenses": 0,
        "otherExpenses": 0,
        "operatingExpenses": 0,
        "costAndExpenses": 0,
        "interestIncome": 0,
        "interestExpense": 0,
        "depreciationAndAmortization": 200000,
        "ebitda": -1500000,
        "ebitdaratio": -0.1119402985,
        "operatingIncome": 13400000,
        "operatingIncomeRatio": 1,
        "totalOtherIncomeExpensesNet": 0,
        "incomeBeforeTax": 0,
        "incomeBeforeTaxRatio": 0,
        "incomeTaxExpense": 0,
        "netIncome": -1700000,
        "netIncomeRatio": -0.1268656716,
        "eps": -0.1,
        "epsdiluted": -0.1,
        "weightedAverageShsOut": 17000000,
        "weightedAverageShsOutDil": 17000000,
        "link": "https://www.sec.gov/Archives/edgar/data/225648/000094018096000368/0000940180-96-000368-index.html",
        "finalLink": "https://www.sec.gov/Archives/edgar/data/225648/0000940180-96-000368.txt"
    },
    {
        "date": "1996-03-31",
        "symbol": "CVA",
        "reportedCurrency": "USD",
        "cik": "0000225648",
        "fillingDate": "1996-05-14",
        "acceptedDate": "1996-05-14 00:00:00",
        "calendarYear": "1996",
        "period": "Q1",
        "revenue": 13200000,
        "costOfRevenue": 0,
        "grossProfit": 13200000,
        "grossProfitRatio": 1,
        "researchAndDevelopmentExpenses": 0,
        "generalAndAdministrativeExpenses": 0,
        "sellingAndMarketingExpenses": 0,
        "sellingGeneralAndAdministrativeExpenses": 0,
        "otherExpenses": 0,
        "operatingExpenses": 0,
        "costAndExpenses": 0,
        "interestIncome": 0,
        "interestExpense": 0,
        "depreciationAndAmortization": 200000,
        "ebitda": 800000,
        "ebitdaratio": 0.0606060606,
        "operatingIncome": 13200000,
        "operatingIncomeRatio": 1,
        "totalOtherIncomeExpensesNet": 0,
        "incomeBeforeTax": 0,
        "incomeBeforeTaxRatio": 0,
        "incomeTaxExpense": 0,
        "netIncome": 600000,
        "netIncomeRatio": 0.0454545455,
        "eps": 0.0391,
        "epsdiluted": 0.0391,
        "weightedAverageShsOut": 15360000,
        "weightedAverageShsOutDil": 15360000,
        "link": "https://www.sec.gov/Archives/edgar/data/225648/000095013096001700/0000950130-96-001700-index.html",
        "finalLink": "https://www.sec.gov/Archives/edgar/data/225648/0000950130-96-001700.txt"
    },
    {
        "date": "1995-12-31",
        "symbol": "CVA",
        "reportedCurrency": "USD",
        "cik": "0000225648",
        "fillingDate": "1996-03-20",
        "acceptedDate": "1996-03-20 00:00:00",
        "calendarYear": "1995",
        "period": "Q4",
        "revenue": 17100000,
        "costOfRevenue": 0,
        "grossProfit": 17100000,
        "grossProfitRatio": 1,
        "researchAndDevelopmentExpenses": 0,
        "generalAndAdministrativeExpenses": 0,
        "sellingAndMarketingExpenses": 0,
        "sellingGeneralAndAdministrativeExpenses": 0,
        "otherExpenses": 0,
        "operatingExpenses": 0,
        "costAndExpenses": 0,
        "interestIncome": 0,
        "interestExpense": 0,
        "depreciationAndAmortization": 300000,
        "ebitda": 17400000,
        "ebitdaratio": 1.0175438596,
        "operatingIncome": 17100000,
        "operatingIncomeRatio": 1,
        "totalOtherIncomeExpensesNet": 0,
        "incomeBeforeTax": 0,
        "incomeBeforeTaxRatio": 0,
        "incomeTaxExpense": 0,
        "netIncome": 0,
        "netIncomeRatio": 0,
        "eps": 0,
        "epsdiluted": 0,
        "weightedAverageShsOut": 15360000,
        "weightedAverageShsOutDil": 15360000,
        "link": "https://www.sec.gov/Archives/edgar/data/225648/000095013096000898/0000950130-96-000898-index.html",
        "finalLink": "https://www.sec.gov/Archives/edgar/data/225648/0000950130-96-000898.txt"
    },
    {
        "date": "1995-09-30",
        "symbol": "CVA",
        "reportedCurrency": "USD",
        "cik": "0000225648",
        "fillingDate": "1995-09-30",
        "acceptedDate": "1995-09-29 20:00:00",
        "calendarYear": "1995",
        "period": "Q3",
        "revenue": 18600000,
        "costOfRevenue": 0,
        "grossProfit": 18600000,
        "grossProfitRatio": 1,
        "researchAndDevelopmentExpenses": 0,
        "generalAndAdministrativeExpenses": 0,
        "sellingAndMarketingExpenses": 0,
        "sellingGeneralAndAdministrativeExpenses": 0,
        "otherExpenses": 0,
        "operatingExpenses": 0,
        "costAndExpenses": 0,
        "interestIncome": 0,
        "interestExpense": 0,
        "depreciationAndAmortization": -17700000,
        "ebitda": 900000,
        "ebitdaratio": 0.0483870968,
        "operatingIncome": 18600000,
        "operatingIncomeRatio": 1,
        "totalOtherIncomeExpensesNet": 0,
        "incomeBeforeTax": 0,
        "incomeBeforeTaxRatio": 0,
        "incomeTaxExpense": 17700000,
        "netIncome": 900000,
        "netIncomeRatio": 0.0483870968,
        "eps": 0.05,
        "epsdiluted": 0.05,
        "weightedAverageShsOut": 18000000,
        "weightedAverageShsOutDil": 18000000,
        "link": "",
        "finalLink": ""
    },
    {
        "date": "1995-06-30",
        "symbol": "CVA",
        "reportedCurrency": "USD",
        "cik": "0000225648",
        "fillingDate": "1995-06-30",
        "acceptedDate": "1995-06-29 20:00:00",
        "calendarYear": "1995",
        "period": "Q2",
        "revenue": 21400000,
        "costOfRevenue": 0,
        "grossProfit": 21400000,
        "grossProfitRatio": 1,
        "researchAndDevelopmentExpenses": 0,
        "generalAndAdministrativeExpenses": 0,
        "sellingAndMarketingExpenses": 0,
        "sellingGeneralAndAdministrativeExpenses": 0,
        "otherExpenses": 0,
        "operatingExpenses": 0,
        "costAndExpenses": 0,
        "interestIncome": 0,
        "interestExpense": 0,
        "depreciationAndAmortization": -20600000,
        "ebitda": 800000,
        "ebitdaratio": 0.0373831776,
        "operatingIncome": 21400000,
        "operatingIncomeRatio": 1,
        "totalOtherIncomeExpensesNet": 0,
        "incomeBeforeTax": 0,
        "incomeBeforeTaxRatio": 0,
        "incomeTaxExpense": 20600000,
        "netIncome": 800000,
        "netIncomeRatio": 0.0373831776,
        "eps": 0.05,
        "epsdiluted": 0.05,
        "weightedAverageShsOut": 16000000,
        "weightedAverageShsOutDil": 16000000,
        "link": "",
        "finalLink": ""
    },
    {
        "date": "1995-03-31",
        "symbol": "CVA",
        "reportedCurrency": "USD",
        "cik": "0000225648",
        "fillingDate": "1995-03-31",
        "acceptedDate": "1995-03-30 19:00:00",
        "calendarYear": "1995",
        "period": "Q1",
        "revenue": 23000000,
        "costOfRevenue": 0,
        "grossProfit": 23000000,
        "grossProfitRatio": 1,
        "researchAndDevelopmentExpenses": 0,
        "generalAndAdministrativeExpenses": 0,
        "sellingAndMarketingExpenses": 0,
        "sellingGeneralAndAdministrativeExpenses": 0,
        "otherExpenses": 0,
        "operatingExpenses": 0,
        "costAndExpenses": 0,
        "interestIncome": 0,
        "interestExpense": 0,
        "depreciationAndAmortization": -22400000,
        "ebitda": 600000,
        "ebitdaratio": 0.0260869565,
        "operatingIncome": 23000000,
        "operatingIncomeRatio": 1,
        "totalOtherIncomeExpensesNet": 0,
        "incomeBeforeTax": 0,
        "incomeBeforeTaxRatio": 0,
        "incomeTaxExpense": 22400000,
        "netIncome": 600000,
        "netIncomeRatio": 0.0260869565,
        "eps": 0.04,
        "epsdiluted": 0.04,
        "weightedAverageShsOut": 15000000,
        "weightedAverageShsOutDil": 15000000,
        "link": "",
        "finalLink": ""
    },
    {
        "date": "1994-12-31",
        "symbol": "CVA",
        "reportedCurrency": "USD",
        "cik": "0000225648",
        "fillingDate": "1994-12-31",
        "acceptedDate": "1994-12-30 19:00:00",
        "calendarYear": "1994",
        "period": "Q4",
        "revenue": 26000000,
        "costOfRevenue": 0,
        "grossProfit": 26000000,
        "grossProfitRatio": 1,
        "researchAndDevelopmentExpenses": 0,
        "generalAndAdministrativeExpenses": 0,
        "sellingAndMarketingExpenses": 0,
        "sellingGeneralAndAdministrativeExpenses": 0,
        "otherExpenses": 0,
        "operatingExpenses": 0,
        "costAndExpenses": 0,
        "interestIncome": 0,
        "interestExpense": 0,
        "depreciationAndAmortization": -24900000,
        "ebitda": 1100000,
        "ebitdaratio": 0.0423076923,
        "operatingIncome": 26000000,
        "operatingIncomeRatio": 1,
        "totalOtherIncomeExpensesNet": 0,
        "incomeBeforeTax": 0,
        "incomeBeforeTaxRatio": 0,
        "incomeTaxExpense": 24900000,
        "netIncome": 1100000,
        "netIncomeRatio": 0.0423076923,
        "eps": 0.0733,
        "epsdiluted": 0.0733,
        "weightedAverageShsOut": 15000000,
        "weightedAverageShsOutDil": 15000000,
        "link": "",
        "finalLink": ""
    },
    {
        "date": "1994-09-30",
        "symbol": "CVA",
        "reportedCurrency": "USD",
        "cik": "0000225648",
        "fillingDate": "1994-09-30",
        "acceptedDate": "1994-09-29 20:00:00",
        "calendarYear": "1994",
        "period": "Q3",
        "revenue": 29100000,
        "costOfRevenue": 0,
        "grossProfit": 29100000,
        "grossProfitRatio": 1,
        "researchAndDevelopmentExpenses": 0,
        "generalAndAdministrativeExpenses": 0,
        "sellingAndMarketingExpenses": 0,
        "sellingGeneralAndAdministrativeExpenses": 0,
        "otherExpenses": 0,
        "operatingExpenses": 0,
        "costAndExpenses": 0,
        "interestIncome": 0,
        "interestExpense": 0,
        "depreciationAndAmortization": -27900000,
        "ebitda": 1200000,
        "ebitdaratio": 0.0412371134,
        "operatingIncome": 29100000,
        "operatingIncomeRatio": 1,
        "totalOtherIncomeExpensesNet": 0,
        "incomeBeforeTax": 0,
        "incomeBeforeTaxRatio": 0,
        "incomeTaxExpense": 27900000,
        "netIncome": 1200000,
        "netIncomeRatio": 0.0412371134,
        "eps": 0.08,
        "epsdiluted": 0.08,
        "weightedAverageShsOut": 15000000,
        "weightedAverageShsOutDil": 15000000,
        "link": "",
        "finalLink": ""
    },
    {
        "date": "1994-06-30",
        "symbol": "CVA",
        "reportedCurrency": "USD",
        "cik": "0000225648",
        "fillingDate": "1994-06-30",
        "acceptedDate": "1994-06-29 20:00:00",
        "calendarYear": "1994",
        "period": "Q2",
        "revenue": 27400000,
        "costOfRevenue": 0,
        "grossProfit": 27400000,
        "grossProfitRatio": 1,
        "researchAndDevelopmentExpenses": 0,
        "generalAndAdministrativeExpenses": 0,
        "sellingAndMarketingExpenses": 0,
        "sellingGeneralAndAdministrativeExpenses": 0,
        "otherExpenses": 0,
        "operatingExpenses": 0,
        "costAndExpenses": 0,
        "interestIncome": 0,
        "interestExpense": 0,
        "depreciationAndAmortization": -26700000,
        "ebitda": 700000,
        "ebitdaratio": 0.0255474453,
        "operatingIncome": 27400000,
        "operatingIncomeRatio": 1,
        "totalOtherIncomeExpensesNet": 0,
        "incomeBeforeTax": 0,
        "incomeBeforeTaxRatio": 0,
        "incomeTaxExpense": 26700000,
        "netIncome": 700000,
        "netIncomeRatio": 0.0255474453,
        "eps": 0.04,
        "epsdiluted": 0.04,
        "weightedAverageShsOut": 17500000,
        "weightedAverageShsOutDil": 17500000,
        "link": "",
        "finalLink": ""
    },
    {
        "date": "1994-03-31",
        "symbol": "CVA",
        "reportedCurrency": "USD",
        "cik": "0000225648",
        "fillingDate": "1994-03-31",
        "acceptedDate": "1994-03-30 19:00:00",
        "calendarYear": "1994",
        "period": "Q1",
        "revenue": 28300000,
        "costOfRevenue": 0,
        "grossProfit": 28300000,
        "grossProfitRatio": 1,
        "researchAndDevelopmentExpenses": 0,
        "generalAndAdministrativeExpenses": 0,
        "sellingAndMarketingExpenses": 0,
        "sellingGeneralAndAdministrativeExpenses": 0,
        "otherExpenses": 0,
        "operatingExpenses": 0,
        "costAndExpenses": 0,
        "interestIncome": 0,
        "interestExpense": 0,
        "depreciationAndAmortization": -27400000,
        "ebitda": 900000,
        "ebitdaratio": 0.0318021201,
        "operatingIncome": 28300000,
        "operatingIncomeRatio": 1,
        "totalOtherIncomeExpensesNet": 0,
        "incomeBeforeTax": 0,
        "incomeBeforeTaxRatio": 0,
        "incomeTaxExpense": 27400000,
        "netIncome": 900000,
        "netIncomeRatio": 0.0318021201,
        "eps": 0.06,
        "epsdiluted": 0.06,
        "weightedAverageShsOut": 15000000,
        "weightedAverageShsOutDil": 15000000,
        "link": "",
        "finalLink": ""
    },
    {
        "date": "1993-12-31",
        "symbol": "CVA",
        "reportedCurrency": "USD",
        "cik": "0000225648",
        "fillingDate": "1993-12-31",
        "acceptedDate": "1993-12-30 19:00:00",
        "calendarYear": "1993",
        "period": "Q4",
        "revenue": 29200000,
        "costOfRevenue": 0,
        "grossProfit": 29200000,
        "grossProfitRatio": 1,
        "researchAndDevelopmentExpenses": 0,
        "generalAndAdministrativeExpenses": 0,
        "sellingAndMarketingExpenses": 0,
        "sellingGeneralAndAdministrativeExpenses": 0,
        "otherExpenses": 0,
        "operatingExpenses": 0,
        "costAndExpenses": 0,
        "interestIncome": 0,
        "interestExpense": 0,
        "depreciationAndAmortization": -27800000,
        "ebitda": 1400000,
        "ebitdaratio": 0.0479452055,
        "operatingIncome": 29200000,
        "operatingIncomeRatio": 1,
        "totalOtherIncomeExpensesNet": 0,
        "incomeBeforeTax": 0,
        "incomeBeforeTaxRatio": 0,
        "incomeTaxExpense": 27800000,
        "netIncome": 1400000,
        "netIncomeRatio": 0.0479452055,
        "eps": 0.098,
        "epsdiluted": 0.098,
        "weightedAverageShsOut": 14285714,
        "weightedAverageShsOutDil": 14285714,
        "link": "",
        "finalLink": ""
    },
    {
        "date": "1993-09-30",
        "symbol": "CVA",
        "reportedCurrency": "USD",
        "cik": "0000225648",
        "fillingDate": "1993-09-30",
        "acceptedDate": "1993-09-29 20:00:00",
        "calendarYear": "1993",
        "period": "Q3",
        "revenue": 26000000,
        "costOfRevenue": 0,
        "grossProfit": 26000000,
        "grossProfitRatio": 1,
        "researchAndDevelopmentExpenses": 0,
        "generalAndAdministrativeExpenses": 0,
        "sellingAndMarketingExpenses": 0,
        "sellingGeneralAndAdministrativeExpenses": 0,
        "otherExpenses": 0,
        "operatingExpenses": 0,
        "costAndExpenses": 0,
        "interestIncome": 0,
        "interestExpense": 0,
        "depreciationAndAmortization": -25000000,
        "ebitda": 1000000,
        "ebitdaratio": 0.0384615385,
        "operatingIncome": 26000000,
        "operatingIncomeRatio": 1,
        "totalOtherIncomeExpensesNet": 0,
        "incomeBeforeTax": 0,
        "incomeBeforeTaxRatio": 0,
        "incomeTaxExpense": 25000000,
        "netIncome": 1000000,
        "netIncomeRatio": 0.0384615385,
        "eps": 0.07,
        "epsdiluted": 0.07,
        "weightedAverageShsOut": 14285714,
        "weightedAverageShsOutDil": 14285714,
        "link": "",
        "finalLink": ""
    },
    {
        "date": "1993-06-30",
        "symbol": "CVA",
        "reportedCurrency": "USD",
        "cik": "0000225648",
        "fillingDate": "1993-06-30",
        "acceptedDate": "1993-06-29 20:00:00",
        "calendarYear": "1993",
        "period": "Q2",
        "revenue": 25500000,
        "costOfRevenue": 0,
        "grossProfit": 25500000,
        "grossProfitRatio": 1,
        "researchAndDevelopmentExpenses": 0,
        "generalAndAdministrativeExpenses": 0,
        "sellingAndMarketingExpenses": 0,
        "sellingGeneralAndAdministrativeExpenses": 0,
        "otherExpenses": 0,
        "operatingExpenses": 0,
        "costAndExpenses": 0,
        "interestIncome": 0,
        "interestExpense": 0,
        "depreciationAndAmortization": -25200000,
        "ebitda": 300000,
        "ebitdaratio": 0.0117647059,
        "operatingIncome": 25500000,
        "operatingIncomeRatio": 1,
        "totalOtherIncomeExpensesNet": 0,
        "incomeBeforeTax": 0,
        "incomeBeforeTaxRatio": 0,
        "incomeTaxExpense": 25200000,
        "netIncome": 300000,
        "netIncomeRatio": 0.0117647059,
        "eps": 0.02,
        "epsdiluted": 0.02,
        "weightedAverageShsOut": 15000000,
        "weightedAverageShsOutDil": 15000000,
        "link": "",
        "finalLink": ""
    },
    {
        "date": "1993-03-31",
        "symbol": "CVA",
        "reportedCurrency": "USD",
        "cik": "0000225648",
        "fillingDate": "1993-03-31",
        "acceptedDate": "1993-03-30 19:00:00",
        "calendarYear": "1993",
        "period": "Q1",
        "revenue": 21700000,
        "costOfRevenue": 0,
        "grossProfit": 21700000,
        "grossProfitRatio": 1,
        "researchAndDevelopmentExpenses": 0,
        "generalAndAdministrativeExpenses": 0,
        "sellingAndMarketingExpenses": 0,
        "sellingGeneralAndAdministrativeExpenses": 0,
        "otherExpenses": 0,
        "operatingExpenses": 0,
        "costAndExpenses": 0,
        "interestIncome": 0,
        "interestExpense": 0,
        "depreciationAndAmortization": -21300000,
        "ebitda": 400000,
        "ebitdaratio": 0.0184331797,
        "operatingIncome": 21700000,
        "operatingIncomeRatio": 1,
        "totalOtherIncomeExpensesNet": 0,
        "incomeBeforeTax": 0,
        "incomeBeforeTaxRatio": 0,
        "incomeTaxExpense": 21300000,
        "netIncome": 400000,
        "netIncomeRatio": 0.0184331797,
        "eps": 0.03,
        "epsdiluted": 0.03,
        "weightedAverageShsOut": 13333333,
        "weightedAverageShsOutDil": 13333333,
        "link": "",
        "finalLink": ""
    },
    {
        "date": "1992-12-31",
        "symbol": "CVA",
        "reportedCurrency": "USD",
        "cik": "0000225648",
        "fillingDate": "1992-12-31",
        "acceptedDate": "1992-12-30 19:00:00",
        "calendarYear": "1992",
        "period": "Q4",
        "revenue": 27500000,
        "costOfRevenue": 0,
        "grossProfit": 27500000,
        "grossProfitRatio": 1,
        "researchAndDevelopmentExpenses": 0,
        "generalAndAdministrativeExpenses": 0,
        "sellingAndMarketingExpenses": 0,
        "sellingGeneralAndAdministrativeExpenses": 0,
        "otherExpenses": 0,
        "operatingExpenses": 0,
        "costAndExpenses": 0,
        "interestIncome": 0,
        "interestExpense": 0,
        "depreciationAndAmortization": -19900000,
        "ebitda": 7600000,
        "ebitdaratio": 0.2763636364,
        "operatingIncome": 27500000,
        "operatingIncomeRatio": 1,
        "totalOtherIncomeExpensesNet": 0,
        "incomeBeforeTax": 0,
        "incomeBeforeTaxRatio": 0,
        "incomeTaxExpense": 19900000,
        "netIncome": 7600000,
        "netIncomeRatio": 0.2763636364,
        "eps": 0.46,
        "epsdiluted": 0.46,
        "weightedAverageShsOut": 16666667,
        "weightedAverageShsOutDil": 16666667,
        "link": "",
        "finalLink": ""
    },
    {
        "date": "1992-09-30",
        "symbol": "CVA",
        "reportedCurrency": "USD",
        "cik": "0000225648",
        "fillingDate": "1992-09-30",
        "acceptedDate": "1992-09-29 20:00:00",
        "calendarYear": "1992",
        "period": "Q3",
        "revenue": 22200000,
        "costOfRevenue": 0,
        "grossProfit": 22200000,
        "grossProfitRatio": 1,
        "researchAndDevelopmentExpenses": 0,
        "generalAndAdministrativeExpenses": 0,
        "sellingAndMarketingExpenses": 0,
        "sellingGeneralAndAdministrativeExpenses": 0,
        "otherExpenses": 0,
        "operatingExpenses": 0,
        "costAndExpenses": 0,
        "interestIncome": 0,
        "interestExpense": 0,
        "depreciationAndAmortization": -22300000,
        "ebitda": -100000,
        "ebitdaratio": -0.0045045045,
        "operatingIncome": 22200000,
        "operatingIncomeRatio": 1,
        "totalOtherIncomeExpensesNet": 0,
        "incomeBeforeTax": 0,
        "incomeBeforeTaxRatio": 0,
        "incomeTaxExpense": 22300000,
        "netIncome": -100000,
        "netIncomeRatio": -0.0045045045,
        "eps": -0.006,
        "epsdiluted": -0.006,
        "weightedAverageShsOut": 16666667,
        "weightedAverageShsOutDil": 16666667,
        "link": "",
        "finalLink": ""
    },
    {
        "date": "1992-06-30",
        "symbol": "CVA",
        "reportedCurrency": "USD",
        "cik": "0000225648",
        "fillingDate": "1992-06-30",
        "acceptedDate": "1992-06-29 20:00:00",
        "calendarYear": "1992",
        "period": "Q2",
        "revenue": 20100000,
        "costOfRevenue": 0,
        "grossProfit": 20100000,
        "grossProfitRatio": 1,
        "researchAndDevelopmentExpenses": 0,
        "generalAndAdministrativeExpenses": 0,
        "sellingAndMarketingExpenses": 0,
        "sellingGeneralAndAdministrativeExpenses": 0,
        "otherExpenses": 0,
        "operatingExpenses": 0,
        "costAndExpenses": 0,
        "interestIncome": 0,
        "interestExpense": 0,
        "depreciationAndAmortization": 0,
        "ebitda": 20100000,
        "ebitdaratio": 1,
        "operatingIncome": 20100000,
        "operatingIncomeRatio": 1,
        "totalOtherIncomeExpensesNet": 0,
        "incomeBeforeTax": 0,
        "incomeBeforeTaxRatio": 0,
        "incomeTaxExpense": 0,
        "netIncome": 0,
        "netIncomeRatio": 0,
        "eps": 0,
        "epsdiluted": 0,
        "weightedAverageShsOut": 16666667,
        "weightedAverageShsOutDil": 16666667,
        "link": "",
        "finalLink": ""
    },
    {
        "date": "1992-03-31",
        "symbol": "CVA",
        "reportedCurrency": "USD",
        "cik": "0000225648",
        "fillingDate": "1992-03-31",
        "acceptedDate": "1992-03-30 19:00:00",
        "calendarYear": "1992",
        "period": "Q1",
        "revenue": 18700000,
        "costOfRevenue": 0,
        "grossProfit": 18700000,
        "grossProfitRatio": 1,
        "researchAndDevelopmentExpenses": 0,
        "generalAndAdministrativeExpenses": 0,
        "sellingAndMarketingExpenses": 0,
        "sellingGeneralAndAdministrativeExpenses": 0,
        "otherExpenses": 0,
        "operatingExpenses": 0,
        "costAndExpenses": 0,
        "interestIncome": 0,
        "interestExpense": 0,
        "depreciationAndAmortization": -18200000,
        "ebitda": 500000,
        "ebitdaratio": 0.0267379679,
        "operatingIncome": 18700000,
        "operatingIncomeRatio": 1,
        "totalOtherIncomeExpensesNet": 0,
        "incomeBeforeTax": 0,
        "incomeBeforeTaxRatio": 0,
        "incomeTaxExpense": 18200000,
        "netIncome": 500000,
        "netIncomeRatio": 0.0267379679,
        "eps": 0.03,
        "epsdiluted": 0.03,
        "weightedAverageShsOut": 16666667,
        "weightedAverageShsOutDil": 16666667,
        "link": "",
        "finalLink": ""
    },
    {
        "date": "1991-12-31",
        "symbol": "CVA",
        "reportedCurrency": "USD",
        "cik": "0000225648",
        "fillingDate": "1991-12-31",
        "acceptedDate": "1991-12-30 19:00:00",
        "calendarYear": "1991",
        "period": "Q4",
        "revenue": 18400000,
        "costOfRevenue": 0,
        "grossProfit": 18400000,
        "grossProfitRatio": 1,
        "researchAndDevelopmentExpenses": 0,
        "generalAndAdministrativeExpenses": 0,
        "sellingAndMarketingExpenses": 0,
        "sellingGeneralAndAdministrativeExpenses": 0,
        "otherExpenses": 0,
        "operatingExpenses": 0,
        "costAndExpenses": 0,
        "interestIncome": 0,
        "interestExpense": 0,
        "depreciationAndAmortization": -18900000,
        "ebitda": -500000,
        "ebitdaratio": -0.027173913,
        "operatingIncome": 18400000,
        "operatingIncomeRatio": 1,
        "totalOtherIncomeExpensesNet": 0,
        "incomeBeforeTax": 0,
        "incomeBeforeTaxRatio": 0,
        "incomeTaxExpense": 18900000,
        "netIncome": -500000,
        "netIncomeRatio": -0.027173913,
        "eps": -0.0429,
        "epsdiluted": -0.0429,
        "weightedAverageShsOut": 11666667,
        "weightedAverageShsOutDil": 11666667,
        "link": "",
        "finalLink": ""
    },
    {
        "date": "1991-09-30",
        "symbol": "CVA",
        "reportedCurrency": "USD",
        "cik": "0000225648",
        "fillingDate": "1991-09-30",
        "acceptedDate": "1991-09-29 20:00:00",
        "calendarYear": "1991",
        "period": "Q3",
        "revenue": 20700000,
        "costOfRevenue": 0,
        "grossProfit": 20700000,
        "grossProfitRatio": 1,
        "researchAndDevelopmentExpenses": 0,
        "generalAndAdministrativeExpenses": 0,
        "sellingAndMarketingExpenses": 0,
        "sellingGeneralAndAdministrativeExpenses": 0,
        "otherExpenses": 0,
        "operatingExpenses": 0,
        "costAndExpenses": 0,
        "interestIncome": 0,
        "interestExpense": 0,
        "depreciationAndAmortization": 0,
        "ebitda": 20700000,
        "ebitdaratio": 1,
        "operatingIncome": 20700000,
        "operatingIncomeRatio": 1,
        "totalOtherIncomeExpensesNet": 0,
        "incomeBeforeTax": 0,
        "incomeBeforeTaxRatio": 0,
        "incomeTaxExpense": 0,
        "netIncome": 0,
        "netIncomeRatio": 0,
        "eps": 0,
        "epsdiluted": 0,
        "weightedAverageShsOut": 11666667,
        "weightedAverageShsOutDil": 11666667,
        "link": "",
        "finalLink": ""
    },
    {
        "date": "1991-06-30",
        "symbol": "CVA",
        "reportedCurrency": "USD",
        "cik": "0000225648",
        "fillingDate": "1991-06-30",
        "acceptedDate": "1991-06-29 20:00:00",
        "calendarYear": "1991",
        "period": "Q2",
        "revenue": 17700000,
        "costOfRevenue": 0,
        "grossProfit": 17700000,
        "grossProfitRatio": 1,
        "researchAndDevelopmentExpenses": 0,
        "generalAndAdministrativeExpenses": 0,
        "sellingAndMarketingExpenses": 0,
        "sellingGeneralAndAdministrativeExpenses": 0,
        "otherExpenses": 0,
        "operatingExpenses": 0,
        "costAndExpenses": 0,
        "interestIncome": 0,
        "interestExpense": 0,
        "depreciationAndAmortization": -17100000,
        "ebitda": 600000,
        "ebitdaratio": 0.0338983051,
        "operatingIncome": 17700000,
        "operatingIncomeRatio": 1,
        "totalOtherIncomeExpensesNet": 0,
        "incomeBeforeTax": 0,
        "incomeBeforeTaxRatio": 0,
        "incomeTaxExpense": 17100000,
        "netIncome": 600000,
        "netIncomeRatio": 0.0338983051,
        "eps": 0.04,
        "epsdiluted": 0.04,
        "weightedAverageShsOut": 15000000,
        "weightedAverageShsOutDil": 15000000,
        "link": "",
        "finalLink": ""
    },
    {
        "date": "1991-03-31",
        "symbol": "CVA",
        "reportedCurrency": "USD",
        "cik": "0000225648",
        "fillingDate": "1991-03-31",
        "acceptedDate": "1991-03-30 19:00:00",
        "calendarYear": "1991",
        "period": "Q1",
        "revenue": 17100000,
        "costOfRevenue": 0,
        "grossProfit": 17100000,
        "grossProfitRatio": 1,
        "researchAndDevelopmentExpenses": 0,
        "generalAndAdministrativeExpenses": 0,
        "sellingAndMarketingExpenses": 0,
        "sellingGeneralAndAdministrativeExpenses": 0,
        "otherExpenses": 0,
        "operatingExpenses": 0,
        "costAndExpenses": 0,
        "interestIncome": 0,
        "interestExpense": 0,
        "depreciationAndAmortization": -16900000,
        "ebitda": 200000,
        "ebitdaratio": 0.0116959064,
        "operatingIncome": 17100000,
        "operatingIncomeRatio": 1,
        "totalOtherIncomeExpensesNet": 0,
        "incomeBeforeTax": 0,
        "incomeBeforeTaxRatio": 0,
        "incomeTaxExpense": 16900000,
        "netIncome": 200000,
        "netIncomeRatio": 0.0116959064,
        "eps": 0.015,
        "epsdiluted": 0.015,
        "weightedAverageShsOut": 13361000,
        "weightedAverageShsOutDil": 13361000,
        "link": "",
        "finalLink": ""
    },
    {
        "date": "1990-09-30",
        "symbol": "CVA",
        "reportedCurrency": "USD",
        "cik": "0000225648",
        "fillingDate": "1990-09-30",
        "acceptedDate": "1990-09-29 20:00:00",
        "calendarYear": "1990",
        "period": "Q3",
        "revenue": 16300000,
        "costOfRevenue": 0,
        "grossProfit": 16300000,
        "grossProfitRatio": 1,
        "researchAndDevelopmentExpenses": 0,
        "generalAndAdministrativeExpenses": 0,
        "sellingAndMarketingExpenses": 0,
        "sellingGeneralAndAdministrativeExpenses": 0,
        "otherExpenses": 0,
        "operatingExpenses": 0,
        "costAndExpenses": 0,
        "interestIncome": 0,
        "interestExpense": 0,
        "depreciationAndAmortization": -16600000,
        "ebitda": -300000,
        "ebitdaratio": -0.018404908,
        "operatingIncome": 16300000,
        "operatingIncomeRatio": 1,
        "totalOtherIncomeExpensesNet": 0,
        "incomeBeforeTax": 0,
        "incomeBeforeTaxRatio": 0,
        "incomeTaxExpense": 16600000,
        "netIncome": -300000,
        "netIncomeRatio": -0.018404908,
        "eps": -0.05,
        "epsdiluted": -0.05,
        "weightedAverageShsOut": 6000000,
        "weightedAverageShsOutDil": 6000000,
        "link": "",
        "finalLink": ""
    }
]