[
    {
        "date": "2025-06-30",
        "symbol": "CW",
        "reportedCurrency": "USD",
        "cik": "0000026324",
        "fillingDate": "2025-08-07",
        "acceptedDate": "2025-08-07 15:04:01",
        "calendarYear": "2025",
        "period": "Q2",
        "revenue": 876576000,
        "costOfRevenue": 550419000,
        "grossProfit": 326157000,
        "grossProfitRatio": 0.3720806867,
        "researchAndDevelopmentExpenses": 23308000,
        "generalAndAdministrativeExpenses": 104071000,
        "sellingAndMarketingExpenses": 41764000,
        "sellingGeneralAndAdministrativeExpenses": 145835000,
        "otherExpenses": 707000,
        "operatingExpenses": 169850000,
        "costAndExpenses": 720269000,
        "interestIncome": 0,
        "interestExpense": 10524000,
        "depreciationAndAmortization": 31307000,
        "ebitda": 198596000,
        "ebitdaratio": 0.2265587924,
        "operatingIncome": 156307000,
        "operatingIncomeRatio": 0.1783153999,
        "totalOtherIncomeExpensesNet": 458000,
        "incomeBeforeTax": 156765000,
        "incomeBeforeTaxRatio": 0.1788378874,
        "incomeTaxExpense": 35704000,
        "netIncome": 121061000,
        "netIncomeRatio": 0.1381066787,
        "eps": 3.21,
        "epsdiluted": 3.19,
        "weightedAverageShsOut": 37682000,
        "weightedAverageShsOutDil": 37871000,
        "link": "https://www.sec.gov/Archives/edgar/data/26324/000162828025038802/0001628280-25-038802-index.htm",
        "finalLink": "https://www.sec.gov/Archives/edgar/data/26324/000162828025038802/cw-20250630.htm"
    },
    {
        "date": "2025-03-31",
        "symbol": "CW",
        "reportedCurrency": "USD",
        "cik": "0000026324",
        "fillingDate": "2025-05-08",
        "acceptedDate": "2025-05-08 15:08:11",
        "calendarYear": "2025",
        "period": "Q1",
        "revenue": 805645000,
        "costOfRevenue": 513181000,
        "grossProfit": 292464000,
        "grossProfitRatio": 0.3630184511,
        "researchAndDevelopmentExpenses": 23019000,
        "generalAndAdministrativeExpenses": 99029000,
        "sellingAndMarketingExpenses": 39925000,
        "sellingGeneralAndAdministrativeExpenses": 138954000,
        "otherExpenses": 1286000,
        "operatingExpenses": 163259000,
        "costAndExpenses": 676440000,
        "interestIncome": 0,
        "interestExpense": 10143000,
        "depreciationAndAmortization": 30821000,
        "ebitda": 166056000,
        "ebitdaratio": 0.2061155968,
        "operatingIncome": 129205000,
        "operatingIncomeRatio": 0.1603746067,
        "totalOtherIncomeExpensesNet": -4113000,
        "incomeBeforeTax": 125092000,
        "incomeBeforeTaxRatio": 0.1552693804,
        "incomeTaxExpense": 23755000,
        "netIncome": 101337000,
        "netIncomeRatio": 0.1257836888,
        "eps": 2.69,
        "epsdiluted": 2.68,
        "weightedAverageShsOut": 37683000,
        "weightedAverageShsOutDil": 37851000,
        "link": "https://www.sec.gov/Archives/edgar/data/26324/000002632425000023/0000026324-25-000023-index.htm",
        "finalLink": "https://www.sec.gov/Archives/edgar/data/26324/000002632425000023/cw-20250331.htm"
    },
    {
        "date": "2024-12-31",
        "symbol": "CW",
        "reportedCurrency": "USD",
        "cik": "0000026324",
        "fillingDate": "2025-02-13",
        "acceptedDate": "2025-02-13 16:00:37",
        "calendarYear": "2024",
        "period": "Q4",
        "revenue": 824313000,
        "costOfRevenue": 506883000,
        "grossProfit": 317430000,
        "grossProfitRatio": 0.3850843066,
        "researchAndDevelopmentExpenses": 25781000,
        "generalAndAdministrativeExpenses": 92405000,
        "sellingAndMarketingExpenses": 36158000,
        "sellingGeneralAndAdministrativeExpenses": 128563000,
        "otherExpenses": 8250000,
        "operatingExpenses": 162594000,
        "costAndExpenses": 669477000,
        "interestIncome": 0,
        "interestExpense": 11675000,
        "depreciationAndAmortization": 26823000,
        "ebitda": 191693000,
        "ebitdaratio": 0.2325488012,
        "operatingIncome": 154836000,
        "operatingIncomeRatio": 0.1878364165,
        "totalOtherIncomeExpensesNet": -1641000,
        "incomeBeforeTax": 153195000,
        "incomeBeforeTaxRatio": 0.1858456678,
        "incomeTaxExpense": 35343000,
        "netIncome": 117852000,
        "netIncomeRatio": 0.1429699641,
        "eps": 3.11,
        "epsdiluted": 3.09,
        "weightedAverageShsOut": 38153000,
        "weightedAverageShsOutDil": 38373000,
        "link": "https://www.sec.gov/Archives/edgar/data/26324/000002632425000015/0000026324-25-000015-index.htm",
        "finalLink": "https://www.sec.gov/Archives/edgar/data/26324/000002632425000015/cw-20241231.htm"
    },
    {
        "date": "2024-09-30",
        "symbol": "CW",
        "reportedCurrency": "USD",
        "cik": "0000026324",
        "fillingDate": "2024-10-31",
        "acceptedDate": "2024-10-31 12:04:43",
        "calendarYear": "2024",
        "period": "Q3",
        "revenue": 798918000,
        "costOfRevenue": 500655000,
        "grossProfit": 298263000,
        "grossProfitRatio": 0.3733336838,
        "researchAndDevelopmentExpenses": 20734000,
        "generalAndAdministrativeExpenses": 92035000,
        "sellingAndMarketingExpenses": 37311000,
        "sellingGeneralAndAdministrativeExpenses": 129346000,
        "otherExpenses": 3280000,
        "operatingExpenses": 153360000,
        "costAndExpenses": 654015000,
        "interestIncome": 0,
        "interestExpense": 11408000,
        "depreciationAndAmortization": 26693000,
        "ebitda": 181722000,
        "ebitdaratio": 0.2274601398,
        "operatingIncome": 144903000,
        "operatingIncomeRatio": 0.1813740584,
        "totalOtherIncomeExpensesNet": -1282000,
        "incomeBeforeTax": 143621000,
        "incomeBeforeTaxRatio": 0.1797693881,
        "incomeTaxExpense": 32461000,
        "netIncome": 111160000,
        "netIncomeRatio": 0.1391381844,
        "eps": 2.91,
        "epsdiluted": 2.89,
        "weightedAverageShsOut": 38208000,
        "weightedAverageShsOutDil": 38451000,
        "link": "https://www.sec.gov/Archives/edgar/data/26324/000002632424000048/0000026324-24-000048-index.htm",
        "finalLink": "https://www.sec.gov/Archives/edgar/data/26324/000002632424000048/cw-20240930.htm"
    },
    {
        "date": "2024-06-30",
        "symbol": "CW",
        "reportedCurrency": "USD",
        "cik": "0000026324",
        "fillingDate": "2024-08-08",
        "acceptedDate": "2024-08-08 12:00:58",
        "calendarYear": "2024",
        "period": "Q2",
        "revenue": 784791000,
        "costOfRevenue": 500690000,
        "grossProfit": 284101000,
        "grossProfitRatio": 0.3620084838,
        "researchAndDevelopmentExpenses": 22152000,
        "generalAndAdministrativeExpenses": 95008000,
        "sellingAndMarketingExpenses": 35126000,
        "sellingGeneralAndAdministrativeExpenses": 130134000,
        "otherExpenses": 2918000,
        "operatingExpenses": 155204000,
        "costAndExpenses": 655894000,
        "interestIncome": 0,
        "interestExpense": 11216000,
        "depreciationAndAmortization": 27168000,
        "ebitda": 164625000,
        "ebitdaratio": 0.2097692252,
        "operatingIncome": 128897000,
        "operatingIncomeRatio": 0.1642437286,
        "totalOtherIncomeExpensesNet": -2656000,
        "incomeBeforeTax": 126241000,
        "incomeBeforeTaxRatio": 0.160859388,
        "incomeTaxExpense": 26770000,
        "netIncome": 99471000,
        "netIncomeRatio": 0.1267483954,
        "eps": 2.6,
        "epsdiluted": 2.58,
        "weightedAverageShsOut": 38302000,
        "weightedAverageShsOutDil": 38501000,
        "link": "https://www.sec.gov/Archives/edgar/data/26324/000002632424000037/0000026324-24-000037-index.htm",
        "finalLink": "https://www.sec.gov/Archives/edgar/data/26324/000002632424000037/cw-20240630.htm"
    },
    {
        "date": "2024-03-31",
        "symbol": "CW",
        "reportedCurrency": "USD",
        "cik": "0000026324",
        "fillingDate": "2024-05-02",
        "acceptedDate": "2024-05-02 12:00:05",
        "calendarYear": "2024",
        "period": "Q1",
        "revenue": 713167000,
        "costOfRevenue": 459412000,
        "grossProfit": 253755000,
        "grossProfitRatio": 0.3558142763,
        "researchAndDevelopmentExpenses": 22980000,
        "generalAndAdministrativeExpenses": 94049000,
        "sellingAndMarketingExpenses": 36765000,
        "sellingGeneralAndAdministrativeExpenses": 130814000,
        "otherExpenses": 0,
        "operatingExpenses": 153794000,
        "costAndExpenses": 613206000,
        "interestIncome": 0,
        "interestExpense": 10570000,
        "depreciationAndAmortization": 26983000,
        "ebitda": 136552000,
        "ebitdaratio": 0.1914726845,
        "operatingIncome": 99961000,
        "operatingIncomeRatio": 0.1401649263,
        "totalOtherIncomeExpensesNet": -962000,
        "incomeBeforeTax": 98999000,
        "incomeBeforeTaxRatio": 0.1388160136,
        "incomeTaxExpense": 22504000,
        "netIncome": 76495000,
        "netIncomeRatio": 0.1072609922,
        "eps": 2,
        "epsdiluted": 1.99,
        "weightedAverageShsOut": 38254000,
        "weightedAverageShsOutDil": 38431000,
        "link": "https://www.sec.gov/Archives/edgar/data/26324/000002632424000012/0000026324-24-000012-index.htm",
        "finalLink": "https://www.sec.gov/Archives/edgar/data/26324/000002632424000012/cw-20240331.htm"
    },
    {
        "date": "2023-12-31",
        "symbol": "CW",
        "reportedCurrency": "USD",
        "cik": "0000026324",
        "fillingDate": "2024-02-20",
        "acceptedDate": "2024-02-20 08:43:26",
        "calendarYear": "2023",
        "period": "Q4",
        "revenue": 785791000,
        "costOfRevenue": 481062000,
        "grossProfit": 304730000,
        "grossProfitRatio": 0.3878003184,
        "researchAndDevelopmentExpenses": 20066000,
        "generalAndAdministrativeExpenses": 87664000,
        "sellingAndMarketingExpenses": 36306000,
        "sellingGeneralAndAdministrativeExpenses": 123970000,
        "otherExpenses": 0,
        "operatingExpenses": 144036000,
        "costAndExpenses": 625098000,
        "interestIncome": 0,
        "interestExpense": 10961000,
        "depreciationAndAmortization": 29336000,
        "ebitda": 197146000,
        "ebitdaratio": 0.2508885951,
        "operatingIncome": 160693000,
        "operatingIncomeRatio": 0.2044983972,
        "totalOtherIncomeExpensesNet": -3844000,
        "incomeBeforeTax": 156850000,
        "incomeBeforeTaxRatio": 0.1996077837,
        "incomeTaxExpense": 36963000,
        "netIncome": 119886000,
        "netIncomeRatio": 0.1525672857,
        "eps": 3.14,
        "epsdiluted": 3.11,
        "weightedAverageShsOut": 38232000,
        "weightedAverageShsOutDil": 38505000,
        "link": "https://www.sec.gov/Archives/edgar/data/26324/000002632424000004/0000026324-24-000004-index.htm",
        "finalLink": "https://www.sec.gov/Archives/edgar/data/26324/000002632424000004/cw-20231231.htm"
    },
    {
        "date": "2023-09-30",
        "symbol": "CW",
        "reportedCurrency": "USD",
        "cik": "0000026324",
        "fillingDate": "2023-11-02",
        "acceptedDate": "2023-11-02 12:06:00",
        "calendarYear": "2023",
        "period": "Q3",
        "revenue": 724326000,
        "costOfRevenue": 442858000,
        "grossProfit": 281468000,
        "grossProfitRatio": 0.3885929816,
        "researchAndDevelopmentExpenses": 23464000,
        "generalAndAdministrativeExpenses": 91401000,
        "sellingAndMarketingExpenses": 34084000,
        "sellingGeneralAndAdministrativeExpenses": 125485000,
        "otherExpenses": 0,
        "operatingExpenses": 148949000,
        "costAndExpenses": 591807000,
        "interestIncome": 0,
        "interestExpense": 12496000,
        "depreciationAndAmortization": 28861000,
        "ebitda": 168403000,
        "ebitdaratio": 0.2324961412,
        "operatingIncome": 132519000,
        "operatingIncomeRatio": 0.1829549126,
        "totalOtherIncomeExpensesNet": -5473000,
        "incomeBeforeTax": 127046000,
        "incomeBeforeTaxRatio": 0.1753989226,
        "incomeTaxExpense": 30268000,
        "netIncome": 96778000,
        "netIncomeRatio": 0.1336111088,
        "eps": 2.53,
        "epsdiluted": 2.51,
        "weightedAverageShsOut": 38285000,
        "weightedAverageShsOutDil": 38558000,
        "link": "https://www.sec.gov/Archives/edgar/data/26324/000002632423000015/0000026324-23-000015-index.htm",
        "finalLink": "https://www.sec.gov/Archives/edgar/data/26324/000002632423000015/cw-20230930.htm"
    },
    {
        "date": "2023-06-30",
        "symbol": "CW",
        "reportedCurrency": "USD",
        "cik": "0000026324",
        "fillingDate": "2023-08-03",
        "acceptedDate": "2023-08-03 14:31:57",
        "calendarYear": "2023",
        "period": "Q2",
        "revenue": 704396000,
        "costOfRevenue": 444823000,
        "grossProfit": 259573000,
        "grossProfitRatio": 0.368504364,
        "researchAndDevelopmentExpenses": 20210000,
        "generalAndAdministrativeExpenses": 92315000,
        "sellingAndMarketingExpenses": 34273000,
        "sellingGeneralAndAdministrativeExpenses": 126588000,
        "otherExpenses": 0,
        "operatingExpenses": 146798000,
        "costAndExpenses": 591621000,
        "interestIncome": 0,
        "interestExpense": 14992000,
        "depreciationAndAmortization": 29048000,
        "ebitda": 149777000,
        "ebitdaratio": 0.2126318151,
        "operatingIncome": 112775000,
        "operatingIncomeRatio": 0.1601017042,
        "totalOtherIncomeExpensesNet": -7038000,
        "incomeBeforeTax": 105737000,
        "incomeBeforeTaxRatio": 0.1501101653,
        "incomeTaxExpense": 24738000,
        "netIncome": 80999000,
        "netIncomeRatio": 0.1149907154,
        "eps": 2.11,
        "epsdiluted": 2.1,
        "weightedAverageShsOut": 38329000,
        "weightedAverageShsOutDil": 38555000,
        "link": "https://www.sec.gov/Archives/edgar/data/26324/000002632423000013/0000026324-23-000013-index.htm",
        "finalLink": "https://www.sec.gov/Archives/edgar/data/26324/000002632423000013/cw-20230630.htm"
    },
    {
        "date": "2023-03-31",
        "symbol": "CW",
        "reportedCurrency": "USD",
        "cik": "0000026324",
        "fillingDate": "2023-05-04",
        "acceptedDate": "2023-05-04 15:15:29",
        "calendarYear": "2023",
        "period": "Q1",
        "revenue": 630860000,
        "costOfRevenue": 409452000,
        "grossProfit": 221408000,
        "grossProfitRatio": 0.3509621786,
        "researchAndDevelopmentExpenses": 22024000,
        "generalAndAdministrativeExpenses": 88344000,
        "sellingAndMarketingExpenses": 32425000,
        "sellingGeneralAndAdministrativeExpenses": 120769000,
        "otherExpenses": 0,
        "operatingExpenses": 142793000,
        "costAndExpenses": 552245000,
        "interestIncome": 0,
        "interestExpense": 12944000,
        "depreciationAndAmortization": 28927000,
        "ebitda": 115309000,
        "ebitdaratio": 0.1827806486,
        "operatingIncome": 78615000,
        "operatingIncomeRatio": 0.1246156041,
        "totalOtherIncomeExpensesNet": -5177000,
        "incomeBeforeTax": 73438000,
        "incomeBeforeTaxRatio": 0.116409346,
        "incomeTaxExpense": 16592000,
        "netIncome": 56846000,
        "netIncomeRatio": 0.0901087404,
        "eps": 1.48,
        "epsdiluted": 1.48,
        "weightedAverageShsOut": 38303000,
        "weightedAverageShsOutDil": 38516000,
        "link": "https://www.sec.gov/Archives/edgar/data/26324/000002632423000007/0000026324-23-000007-index.htm",
        "finalLink": "https://www.sec.gov/Archives/edgar/data/26324/000002632423000007/cw-20230331.htm"
    },
    {
        "date": "2022-12-31",
        "symbol": "CW",
        "reportedCurrency": "USD",
        "cik": "0000026324",
        "fillingDate": "2023-02-22",
        "acceptedDate": "2023-02-22 16:50:56",
        "calendarYear": "2022",
        "period": "Q4",
        "revenue": 757665000,
        "costOfRevenue": 465181000,
        "grossProfit": 292484000,
        "grossProfitRatio": 0.3860334053,
        "researchAndDevelopmentExpenses": 19032000,
        "generalAndAdministrativeExpenses": 85008000,
        "sellingAndMarketingExpenses": 31199000,
        "sellingGeneralAndAdministrativeExpenses": 116207000,
        "otherExpenses": 0,
        "operatingExpenses": 135239000,
        "costAndExpenses": 600420000,
        "interestIncome": 0,
        "interestExpense": 13665000,
        "depreciationAndAmortization": 28507000,
        "ebitda": 187186000,
        "ebitdaratio": 0.2470564168,
        "operatingIncome": 157245000,
        "operatingIncomeRatio": 0.2075389519,
        "totalOtherIncomeExpensesNet": -12231000,
        "incomeBeforeTax": 145014000,
        "incomeBeforeTaxRatio": 0.1913959336,
        "incomeTaxExpense": 35991000,
        "netIncome": 109023000,
        "netIncomeRatio": 0.1438934094,
        "eps": 2.85,
        "epsdiluted": 2.82,
        "weightedAverageShsOut": 38296000,
        "weightedAverageShsOutDil": 38633000,
        "link": "https://www.sec.gov/Archives/edgar/data/26324/000002632423000005/0000026324-23-000005-index.htm",
        "finalLink": "https://www.sec.gov/Archives/edgar/data/26324/000002632423000005/cw-20221231.htm"
    },
    {
        "date": "2022-09-30",
        "symbol": "CW",
        "reportedCurrency": "USD",
        "cik": "0000026324",
        "fillingDate": "2022-11-03",
        "acceptedDate": "2022-11-03 15:02:04",
        "calendarYear": "2022",
        "period": "Q3",
        "revenue": 630542000,
        "costOfRevenue": 398333000,
        "grossProfit": 232209000,
        "grossProfitRatio": 0.3682688861,
        "researchAndDevelopmentExpenses": 17387000,
        "generalAndAdministrativeExpenses": 75351000,
        "sellingAndMarketingExpenses": 31888000,
        "sellingGeneralAndAdministrativeExpenses": 107239000,
        "otherExpenses": 0,
        "operatingExpenses": 124626000,
        "costAndExpenses": 522959000,
        "interestIncome": 0,
        "interestExpense": 13997000,
        "depreciationAndAmortization": 29875000,
        "ebitda": 141204000,
        "ebitdaratio": 0.2239406733,
        "operatingIncome": 107583000,
        "operatingIncomeRatio": 0.1706198794,
        "totalOtherIncomeExpensesNet": -10251000,
        "incomeBeforeTax": 97332000,
        "incomeBeforeTaxRatio": 0.1543624374,
        "incomeTaxExpense": 23564000,
        "netIncome": 73768000,
        "netIncomeRatio": 0.1169914137,
        "eps": 1.92,
        "epsdiluted": 1.91,
        "weightedAverageShsOut": 38368000,
        "weightedAverageShsOutDil": 38647000,
        "link": "https://www.sec.gov/Archives/edgar/data/26324/000002632422000027/0000026324-22-000027-index.htm",
        "finalLink": "https://www.sec.gov/Archives/edgar/data/26324/000002632422000027/cw-20220930.htm"
    },
    {
        "date": "2022-06-30",
        "symbol": "CW",
        "reportedCurrency": "USD",
        "cik": "0000026324",
        "fillingDate": "2022-08-04",
        "acceptedDate": "2022-08-04 15:01:29",
        "calendarYear": "2022",
        "period": "Q2",
        "revenue": 609357000,
        "costOfRevenue": 380843000,
        "grossProfit": 228514000,
        "grossProfitRatio": 0.3750084105,
        "researchAndDevelopmentExpenses": 23868000,
        "generalAndAdministrativeExpenses": 76134000,
        "sellingAndMarketingExpenses": 30407000,
        "sellingGeneralAndAdministrativeExpenses": 106541000,
        "otherExpenses": 0,
        "operatingExpenses": 130409000,
        "costAndExpenses": 511252000,
        "interestIncome": 0,
        "interestExpense": 9788000,
        "depreciationAndAmortization": 26282000,
        "ebitda": 128942000,
        "ebitdaratio": 0.2116033786,
        "operatingIncome": 98105000,
        "operatingIncomeRatio": 0.1609975761,
        "totalOtherIncomeExpensesNet": -5233000,
        "incomeBeforeTax": 92872000,
        "incomeBeforeTaxRatio": 0.1524098353,
        "incomeTaxExpense": 22000000,
        "netIncome": 70872000,
        "netIncomeRatio": 0.1163062047,
        "eps": 1.84,
        "epsdiluted": 1.83,
        "weightedAverageShsOut": 38429000,
        "weightedAverageShsOutDil": 38654000,
        "link": "https://www.sec.gov/Archives/edgar/data/26324/000002632422000023/0000026324-22-000023-index.htm",
        "finalLink": "https://www.sec.gov/Archives/edgar/data/26324/000002632422000023/cw-20220630.htm"
    },
    {
        "date": "2022-03-31",
        "symbol": "CW",
        "reportedCurrency": "USD",
        "cik": "0000026324",
        "fillingDate": "2022-05-05",
        "acceptedDate": "2022-05-05 14:06:03",
        "calendarYear": "2022",
        "period": "Q1",
        "revenue": 559461000,
        "costOfRevenue": 358059000,
        "grossProfit": 201402000,
        "grossProfitRatio": 0.3599929218,
        "researchAndDevelopmentExpenses": 20549000,
        "generalAndAdministrativeExpenses": 87600000,
        "sellingAndMarketingExpenses": 28092000,
        "sellingGeneralAndAdministrativeExpenses": 115692000,
        "otherExpenses": 4651000,
        "operatingExpenses": 140892000,
        "costAndExpenses": 498951000,
        "interestIncome": 0,
        "interestExpense": 9530000,
        "depreciationAndAmortization": 27363000,
        "ebitda": 90870000,
        "ebitdaratio": 0.1624241904,
        "operatingIncome": 60510000,
        "operatingIncomeRatio": 0.1081576732,
        "totalOtherIncomeExpensesNet": -6533000,
        "incomeBeforeTax": 53977000,
        "incomeBeforeTaxRatio": 0.0964803623,
        "incomeTaxExpense": 13292000,
        "netIncome": 40685000,
        "netIncomeRatio": 0.0727217804,
        "eps": 1.06,
        "epsdiluted": 1.05,
        "weightedAverageShsOut": 38456000,
        "weightedAverageShsOutDil": 38668000,
        "link": "https://www.sec.gov/Archives/edgar/data/26324/000002632422000012/0000026324-22-000012-index.htm",
        "finalLink": "https://www.sec.gov/Archives/edgar/data/26324/000002632422000012/cw-20220331.htm"
    },
    {
        "date": "2021-12-31",
        "symbol": "CW",
        "reportedCurrency": "USD",
        "cik": "0000026324",
        "fillingDate": "2022-02-24",
        "acceptedDate": "2022-02-24 16:23:38",
        "calendarYear": "2021",
        "period": "Q4",
        "revenue": 666758000,
        "costOfRevenue": 404886000,
        "grossProfit": 261872000,
        "grossProfitRatio": 0.3927541927,
        "researchAndDevelopmentExpenses": 21814000,
        "generalAndAdministrativeExpenses": 96532000,
        "sellingAndMarketingExpenses": 27729000,
        "sellingGeneralAndAdministrativeExpenses": 124261000,
        "otherExpenses": 10432000,
        "operatingExpenses": 156507000,
        "costAndExpenses": 561393000,
        "interestIncome": 0,
        "interestExpense": 10146000,
        "depreciationAndAmortization": 28144000,
        "ebitda": 136666000,
        "ebitdaratio": 0.204970919,
        "operatingIncome": 105365000,
        "operatingIncomeRatio": 0.1580258505,
        "totalOtherIncomeExpensesNet": -6989000,
        "incomeBeforeTax": 98376000,
        "incomeBeforeTaxRatio": 0.1475437865,
        "incomeTaxExpense": 21797000,
        "netIncome": 76579000,
        "netIncomeRatio": 0.1148527652,
        "eps": 1.95,
        "epsdiluted": 1.94,
        "weightedAverageShsOut": 39073000,
        "weightedAverageShsOutDil": 39524000,
        "link": "https://www.sec.gov/Archives/edgar/data/26324/000002632422000004/0000026324-22-000004-index.htm",
        "finalLink": "https://www.sec.gov/Archives/edgar/data/26324/000002632422000004/cw-20211231.htm"
    },
    {
        "date": "2021-09-30",
        "symbol": "CW",
        "reportedCurrency": "USD",
        "cik": "0000026324",
        "fillingDate": "2021-11-04",
        "acceptedDate": "2021-11-04 13:12:32",
        "calendarYear": "2021",
        "period": "Q3",
        "revenue": 620619000,
        "costOfRevenue": 383611000,
        "grossProfit": 237008000,
        "grossProfitRatio": 0.381889694,
        "researchAndDevelopmentExpenses": 21618000,
        "generalAndAdministrativeExpenses": 78998000,
        "sellingAndMarketingExpenses": 30067000,
        "sellingGeneralAndAdministrativeExpenses": 109065000,
        "otherExpenses": 8656000,
        "operatingExpenses": 139339000,
        "costAndExpenses": 522950000,
        "interestIncome": 0,
        "interestExpense": 9955000,
        "depreciationAndAmortization": 28624000,
        "ebitda": 129920000,
        "ebitdaratio": 0.2093393854,
        "operatingIncome": 97669000,
        "operatingIncomeRatio": 0.1573735255,
        "totalOtherIncomeExpensesNet": -6328000,
        "incomeBeforeTax": 91341000,
        "incomeBeforeTaxRatio": 0.1471772537,
        "incomeTaxExpense": 21638000,
        "netIncome": 69703000,
        "netIncomeRatio": 0.1123120626,
        "eps": 1.71,
        "epsdiluted": 1.7,
        "weightedAverageShsOut": 40769000,
        "weightedAverageShsOutDil": 40950000,
        "link": "https://www.sec.gov/Archives/edgar/data/26324/000002632421000022/0000026324-21-000022-index.htm",
        "finalLink": "https://www.sec.gov/Archives/edgar/data/26324/000002632421000022/cw-20210930.htm"
    },
    {
        "date": "2021-06-30",
        "symbol": "CW",
        "reportedCurrency": "USD",
        "cik": "0000026324",
        "fillingDate": "2021-08-04",
        "acceptedDate": "2021-08-04 15:13:37",
        "calendarYear": "2021",
        "period": "Q2",
        "revenue": 621495000,
        "costOfRevenue": 396776000,
        "grossProfit": 224719000,
        "grossProfitRatio": 0.3615781302,
        "researchAndDevelopmentExpenses": 23194000,
        "generalAndAdministrativeExpenses": 77378000,
        "sellingAndMarketingExpenses": 29564000,
        "sellingGeneralAndAdministrativeExpenses": 106942000,
        "otherExpenses": 0,
        "operatingExpenses": 130136000,
        "costAndExpenses": 526912000,
        "interestIncome": 0,
        "interestExpense": 10180000,
        "depreciationAndAmortization": 29021000,
        "ebitda": 124044000,
        "ebitdaratio": 0.199589699,
        "operatingIncome": 94583000,
        "operatingIncomeRatio": 0.1521862605,
        "totalOtherIncomeExpensesNet": -9740000,
        "incomeBeforeTax": 84843000,
        "incomeBeforeTaxRatio": 0.1365143726,
        "incomeTaxExpense": 23435000,
        "netIncome": 61408000,
        "netIncomeRatio": 0.0988069091,
        "eps": 1.5,
        "epsdiluted": 1.49,
        "weightedAverageShsOut": 40915000,
        "weightedAverageShsOutDil": 41088000,
        "link": "https://www.sec.gov/Archives/edgar/data/26324/000002632421000018/0000026324-21-000018-index.htm",
        "finalLink": "https://www.sec.gov/Archives/edgar/data/26324/000002632421000018/cw-20210630.htm"
    },
    {
        "date": "2021-03-31",
        "symbol": "CW",
        "reportedCurrency": "USD",
        "cik": "0000026324",
        "fillingDate": "2021-05-06",
        "acceptedDate": "2021-05-06 15:47:34",
        "calendarYear": "2021",
        "period": "Q1",
        "revenue": 597059000,
        "costOfRevenue": 387302000,
        "grossProfit": 209757000,
        "grossProfitRatio": 0.351317039,
        "researchAndDevelopmentExpenses": 21863000,
        "generalAndAdministrativeExpenses": 73232000,
        "sellingAndMarketingExpenses": 29596000,
        "sellingGeneralAndAdministrativeExpenses": 102828000,
        "otherExpenses": 0,
        "operatingExpenses": 124691000,
        "costAndExpenses": 511993000,
        "interestIncome": 0,
        "interestExpense": 9959000,
        "depreciationAndAmortization": 28595000,
        "ebitda": 118504000,
        "ebitdaratio": 0.1984795472,
        "operatingIncome": 85066000,
        "operatingIncomeRatio": 0.1424750318,
        "totalOtherIncomeExpensesNet": -5116000,
        "incomeBeforeTax": 79950000,
        "incomeBeforeTaxRatio": 0.1339063644,
        "incomeTaxExpense": 20481000,
        "netIncome": 59469000,
        "netIncomeRatio": 0.0996032218,
        "eps": 1.45,
        "epsdiluted": 1.45,
        "weightedAverageShsOut": 40933000,
        "weightedAverageShsOutDil": 41103000,
        "link": "https://www.sec.gov/Archives/edgar/data/26324/000002632421000011/0000026324-21-000011-index.htm",
        "finalLink": "https://www.sec.gov/Archives/edgar/data/26324/000002632421000011/cw-20210331.htm"
    },
    {
        "date": "2020-12-31",
        "symbol": "CW",
        "reportedCurrency": "USD",
        "cik": "0000026324",
        "fillingDate": "2021-02-25",
        "acceptedDate": "2021-02-25 13:41:53",
        "calendarYear": "2020",
        "period": "Q4",
        "revenue": 668444000,
        "costOfRevenue": 426643000,
        "grossProfit": 241801000,
        "grossProfitRatio": 0.3617371089,
        "researchAndDevelopmentExpenses": 20653000,
        "generalAndAdministrativeExpenses": 72773000,
        "sellingAndMarketingExpenses": 27887000,
        "sellingGeneralAndAdministrativeExpenses": 100660000,
        "otherExpenses": 44008000,
        "operatingExpenses": 165321000,
        "costAndExpenses": 591964000,
        "interestIncome": 0,
        "interestExpense": 10486000,
        "depreciationAndAmortization": 31134000,
        "ebitda": 110518000,
        "ebitdaratio": 0.1653362137,
        "operatingIncome": 76480000,
        "operatingIncomeRatio": 0.1144149697,
        "totalOtherIncomeExpensesNet": -7582000,
        "incomeBeforeTax": 68898000,
        "incomeBeforeTaxRatio": 0.1030722095,
        "incomeTaxExpense": 14905000,
        "netIncome": 53993000,
        "netIncomeRatio": 0.0807741561,
        "eps": 1.31,
        "epsdiluted": 1.3,
        "weightedAverageShsOut": 41209000,
        "weightedAverageShsOutDil": 41460000,
        "link": "https://www.sec.gov/Archives/edgar/data/26324/000002632421000007/0000026324-21-000007-index.htm",
        "finalLink": "https://www.sec.gov/Archives/edgar/data/26324/000002632421000007/cw-20201231.htm"
    },
    {
        "date": "2020-09-30",
        "symbol": "CW",
        "reportedCurrency": "USD",
        "cik": "0000026324",
        "fillingDate": "2020-10-29",
        "acceptedDate": "2020-10-29 11:49:06",
        "calendarYear": "2020",
        "period": "Q3",
        "revenue": 571614000,
        "costOfRevenue": 358793000,
        "grossProfit": 212821000,
        "grossProfitRatio": 0.3723159335,
        "researchAndDevelopmentExpenses": 17587000,
        "generalAndAdministrativeExpenses": 77251000,
        "sellingAndMarketingExpenses": 24869000,
        "sellingGeneralAndAdministrativeExpenses": 102120000,
        "otherExpenses": 8541000,
        "operatingExpenses": 128248000,
        "costAndExpenses": 487041000,
        "interestIncome": 0,
        "interestExpense": 9055000,
        "depreciationAndAmortization": 28201000,
        "ebitda": 118191000,
        "ebitdaratio": 0.2067671541,
        "operatingIncome": 84573000,
        "operatingIncomeRatio": 0.1479547387,
        "totalOtherIncomeExpensesNet": -3638000,
        "incomeBeforeTax": 80935000,
        "incomeBeforeTaxRatio": 0.1415903039,
        "incomeTaxExpense": 16315000,
        "netIncome": 64620000,
        "netIncomeRatio": 0.1130483158,
        "eps": 1.56,
        "epsdiluted": 1.55,
        "weightedAverageShsOut": 41545000,
        "weightedAverageShsOutDil": 41797000,
        "link": "https://www.sec.gov/Archives/edgar/data/26324/000002632420000032/0000026324-20-000032-index.htm",
        "finalLink": "https://www.sec.gov/Archives/edgar/data/26324/000002632420000032/cw-20200930.htm"
    },
    {
        "date": "2020-06-30",
        "symbol": "CW",
        "reportedCurrency": "USD",
        "cik": "0000026324",
        "fillingDate": "2020-08-04",
        "acceptedDate": "2020-08-04 12:00:35",
        "calendarYear": "2020",
        "period": "Q2",
        "revenue": 550047000,
        "costOfRevenue": 364021000,
        "grossProfit": 186026000,
        "grossProfitRatio": 0.3382001902,
        "researchAndDevelopmentExpenses": 18269000,
        "generalAndAdministrativeExpenses": 76606000,
        "sellingAndMarketingExpenses": 25193000,
        "sellingGeneralAndAdministrativeExpenses": 101799000,
        "otherExpenses": 10609000,
        "operatingExpenses": 130677000,
        "costAndExpenses": 494698000,
        "interestIncome": 0,
        "interestExpense": 8515000,
        "depreciationAndAmortization": 28426000,
        "ebitda": 79670000,
        "ebitdaratio": 0.144842168,
        "operatingIncome": 55349000,
        "operatingIncomeRatio": 0.1006259465,
        "totalOtherIncomeExpensesNet": -12620000,
        "incomeBeforeTax": 42729000,
        "incomeBeforeTaxRatio": 0.0776824526,
        "incomeTaxExpense": 11711000,
        "netIncome": 31018000,
        "netIncomeRatio": 0.0563915447,
        "eps": 0.75,
        "epsdiluted": 0.74,
        "weightedAverageShsOut": 41629000,
        "weightedAverageShsOutDil": 41855000,
        "link": "https://www.sec.gov/Archives/edgar/data/26324/000002632420000029/0000026324-20-000029-index.htm",
        "finalLink": "https://www.sec.gov/Archives/edgar/data/26324/000002632420000029/cw-20200630.htm"
    },
    {
        "date": "2020-03-31",
        "symbol": "CW",
        "reportedCurrency": "USD",
        "cik": "0000026324",
        "fillingDate": "2020-05-07",
        "acceptedDate": "2020-05-07 11:47:06",
        "calendarYear": "2020",
        "period": "Q1",
        "revenue": 601231000,
        "costOfRevenue": 400652000,
        "grossProfit": 200579000,
        "grossProfitRatio": 0.3336138689,
        "researchAndDevelopmentExpenses": 18307000,
        "generalAndAdministrativeExpenses": 76658000,
        "sellingAndMarketingExpenses": 31588000,
        "sellingGeneralAndAdministrativeExpenses": 108246000,
        "otherExpenses": 1580000,
        "operatingExpenses": 128133000,
        "costAndExpenses": 528785000,
        "interestIncome": 0,
        "interestExpense": 7489000,
        "depreciationAndAmortization": 28142000,
        "ebitda": 106120000,
        "ebitdaratio": 0.1765045382,
        "operatingIncome": 72446000,
        "operatingIncomeRatio": 0.1204961155,
        "totalOtherIncomeExpensesNet": -1957000,
        "incomeBeforeTax": 70489000,
        "incomeBeforeTaxRatio": 0.117241127,
        "incomeTaxExpense": 18728000,
        "netIncome": 51761000,
        "netIncomeRatio": 0.0860917019,
        "eps": 1.22,
        "epsdiluted": 1.21,
        "weightedAverageShsOut": 42456000,
        "weightedAverageShsOutDil": 42770000,
        "link": "https://www.sec.gov/Archives/edgar/data/26324/000002632420000012/0000026324-20-000012-index.htm",
        "finalLink": "https://www.sec.gov/Archives/edgar/data/26324/000002632420000012/cw-20200331.htm"
    },
    {
        "date": "2019-12-31",
        "symbol": "CW",
        "reportedCurrency": "USD",
        "cik": "0000026324",
        "fillingDate": "2020-02-27",
        "acceptedDate": "2020-02-27 13:46:44",
        "calendarYear": "2019",
        "period": "Q4",
        "revenue": 655771000,
        "costOfRevenue": 410019000,
        "grossProfit": 245752000,
        "grossProfitRatio": 0.3747527719,
        "researchAndDevelopmentExpenses": 18017000,
        "generalAndAdministrativeExpenses": 76523000,
        "sellingAndMarketingExpenses": 30558000,
        "sellingGeneralAndAdministrativeExpenses": 107081000,
        "otherExpenses": 0,
        "operatingExpenses": 125098000,
        "costAndExpenses": 535117000,
        "interestIncome": 0,
        "interestExpense": 8164000,
        "depreciationAndAmortization": 25414000,
        "ebitda": 152220000,
        "ebitdaratio": 0.2321237139,
        "operatingIncome": 120654000,
        "operatingIncomeRatio": 0.183988008,
        "totalOtherIncomeExpensesNet": -2012000,
        "incomeBeforeTax": 118642000,
        "incomeBeforeTaxRatio": 0.1809198638,
        "incomeTaxExpense": 29234000,
        "netIncome": 89408000,
        "netIncomeRatio": 0.1363402773,
        "eps": 2.09,
        "epsdiluted": 2.08,
        "weightedAverageShsOut": 42687000,
        "weightedAverageShsOutDil": 42986000,
        "link": "https://www.sec.gov/Archives/edgar/data/26324/000002632420000004/0000026324-20-000004-index.htm",
        "finalLink": "https://www.sec.gov/Archives/edgar/data/26324/000002632420000004/cw-20191231.htm"
    },
    {
        "date": "2019-09-30",
        "symbol": "CW",
        "reportedCurrency": "USD",
        "cik": "0000026324",
        "fillingDate": "2019-10-31",
        "acceptedDate": "2019-10-31 12:04:28",
        "calendarYear": "2019",
        "period": "Q3",
        "revenue": 614880000,
        "costOfRevenue": 388804000,
        "grossProfit": 226076000,
        "grossProfitRatio": 0.3676749935,
        "researchAndDevelopmentExpenses": 18362000,
        "generalAndAdministrativeExpenses": 74012000,
        "sellingAndMarketingExpenses": 28133000,
        "sellingGeneralAndAdministrativeExpenses": 102145000,
        "otherExpenses": 0,
        "operatingExpenses": 120507000,
        "costAndExpenses": 509311000,
        "interestIncome": 0,
        "interestExpense": 7951000,
        "depreciationAndAmortization": 25398000,
        "ebitda": 137322000,
        "ebitdaratio": 0.2233313817,
        "operatingIncome": 105569000,
        "operatingIncomeRatio": 0.1716904111,
        "totalOtherIncomeExpensesNet": -1596000,
        "incomeBeforeTax": 103973000,
        "incomeBeforeTaxRatio": 0.1690947827,
        "incomeTaxExpense": 21463000,
        "netIncome": 82510000,
        "netIncomeRatio": 0.1341887848,
        "eps": 1.93,
        "epsdiluted": 1.92,
        "weightedAverageShsOut": 42709000,
        "weightedAverageShsOutDil": 42995000,
        "link": "https://www.sec.gov/Archives/edgar/data/26324/000002632419000022/0000026324-19-000022-index.htm",
        "finalLink": "https://www.sec.gov/Archives/edgar/data/26324/000002632419000022/cw-20190930.htm"
    },
    {
        "date": "2019-06-30",
        "symbol": "CW",
        "reportedCurrency": "USD",
        "cik": "0000026324",
        "fillingDate": "2019-08-01",
        "acceptedDate": "2019-08-01 12:29:46",
        "calendarYear": "2019",
        "period": "Q2",
        "revenue": 638996000,
        "costOfRevenue": 408952000,
        "grossProfit": 230044000,
        "grossProfitRatio": 0.3600085134,
        "researchAndDevelopmentExpenses": 18900000,
        "generalAndAdministrativeExpenses": 74766000,
        "sellingAndMarketingExpenses": 30693000,
        "sellingGeneralAndAdministrativeExpenses": 105459000,
        "otherExpenses": 0,
        "operatingExpenses": 124359000,
        "costAndExpenses": 533311000,
        "interestIncome": 0,
        "interestExpense": 7960000,
        "depreciationAndAmortization": 25807000,
        "ebitda": 137363000,
        "ebitdaratio": 0.2149669169,
        "operatingIncome": 105685000,
        "operatingIncomeRatio": 0.1653922716,
        "totalOtherIncomeExpensesNet": -2089000,
        "incomeBeforeTax": 103596000,
        "incomeBeforeTaxRatio": 0.1621230806,
        "incomeTaxExpense": 23524000,
        "netIncome": 80072000,
        "netIncomeRatio": 0.1253090786,
        "eps": 1.87,
        "epsdiluted": 1.86,
        "weightedAverageShsOut": 42758000,
        "weightedAverageShsOutDil": 43024000,
        "link": "https://www.sec.gov/Archives/edgar/data/26324/000002632419000018/0000026324-19-000018-index.htm",
        "finalLink": "https://www.sec.gov/Archives/edgar/data/26324/000002632419000018/cw-2019q2x10q.htm"
    },
    {
        "date": "2019-03-31",
        "symbol": "CW",
        "reportedCurrency": "USD",
        "cik": "0000026324",
        "fillingDate": "2019-05-09",
        "acceptedDate": "2019-05-09 15:04:10",
        "calendarYear": "2019",
        "period": "Q1",
        "revenue": 578314000,
        "costOfRevenue": 381441000,
        "grossProfit": 196873000,
        "grossProfitRatio": 0.3404257895,
        "researchAndDevelopmentExpenses": 17241000,
        "generalAndAdministrativeExpenses": 76110000,
        "sellingAndMarketingExpenses": 31477000,
        "sellingGeneralAndAdministrativeExpenses": 107587000,
        "otherExpenses": 0,
        "operatingExpenses": 124828000,
        "costAndExpenses": 506269000,
        "interestIncome": 0,
        "interestExpense": 7272000,
        "depreciationAndAmortization": 25793000,
        "ebitda": 103316000,
        "ebitdaratio": 0.1786503526,
        "operatingIncome": 72045000,
        "operatingIncomeRatio": 0.1245776516,
        "totalOtherIncomeExpensesNet": -1794000,
        "incomeBeforeTax": 70251000,
        "incomeBeforeTaxRatio": 0.1214755306,
        "incomeTaxExpense": 14658000,
        "netIncome": 55593000,
        "netIncomeRatio": 0.0961294383,
        "eps": 1.3,
        "epsdiluted": 1.29,
        "weightedAverageShsOut": 42799000,
        "weightedAverageShsOutDil": 43058000,
        "link": "https://www.sec.gov/Archives/edgar/data/26324/000002632419000005/0000026324-19-000005-index.htm",
        "finalLink": "https://www.sec.gov/Archives/edgar/data/26324/000002632419000005/cw-2019331x10q.htm"
    },
    {
        "date": "2018-12-31",
        "symbol": "CW",
        "reportedCurrency": "USD",
        "cik": "0000026324",
        "fillingDate": "2019-02-27",
        "acceptedDate": "2019-02-27 14:53:44",
        "calendarYear": "2018",
        "period": "Q4",
        "revenue": 648622000,
        "costOfRevenue": 407570000,
        "grossProfit": 241052000,
        "grossProfitRatio": 0.3716371014,
        "researchAndDevelopmentExpenses": 19291000,
        "generalAndAdministrativeExpenses": 79661000,
        "sellingAndMarketingExpenses": 32095000,
        "sellingGeneralAndAdministrativeExpenses": 111756000,
        "otherExpenses": 0,
        "operatingExpenses": 131047000,
        "costAndExpenses": 538617000,
        "interestIncome": 0,
        "interestExpense": 8264000,
        "depreciationAndAmortization": 25803000,
        "ebitda": 139907000,
        "ebitdaratio": 0.21569882,
        "operatingIncome": 110005000,
        "operatingIncomeRatio": 0.1695980093,
        "totalOtherIncomeExpensesNet": -4165000,
        "incomeBeforeTax": 105840000,
        "incomeBeforeTaxRatio": 0.1631767038,
        "incomeTaxExpense": 23005000,
        "netIncome": 82835000,
        "netIncomeRatio": 0.1277092051,
        "eps": 1.91,
        "epsdiluted": 1.89,
        "weightedAverageShsOut": 43447000,
        "weightedAverageShsOutDil": 43782000,
        "link": "https://www.sec.gov/Archives/edgar/data/26324/000002632419000003/0000026324-19-000003-index.htm",
        "finalLink": "https://www.sec.gov/Archives/edgar/data/26324/000002632419000003/a20181231-10k.htm"
    },
    {
        "date": "2018-09-30",
        "symbol": "CW",
        "reportedCurrency": "USD",
        "cik": "0000026324",
        "fillingDate": "2018-10-31",
        "acceptedDate": "2018-10-31 10:52:33",
        "calendarYear": "2018",
        "period": "Q3",
        "revenue": 595393000,
        "costOfRevenue": 372875000,
        "grossProfit": 222518000,
        "grossProfitRatio": 0.3737329797,
        "researchAndDevelopmentExpenses": 14239000,
        "generalAndAdministrativeExpenses": 80871000,
        "sellingAndMarketingExpenses": 30361000,
        "sellingGeneralAndAdministrativeExpenses": 111232000,
        "otherExpenses": 0,
        "operatingExpenses": 125471000,
        "costAndExpenses": 498346000,
        "interestIncome": 0,
        "interestExpense": 7949000,
        "depreciationAndAmortization": 25889000,
        "ebitda": 126779000,
        "ebitdaratio": 0.2129333062,
        "operatingIncome": 97047000,
        "operatingIncomeRatio": 0.1629965418,
        "totalOtherIncomeExpensesNet": -4106000,
        "incomeBeforeTax": 92941000,
        "incomeBeforeTaxRatio": 0.1561002565,
        "incomeTaxExpense": 18458000,
        "netIncome": 74483000,
        "netIncomeRatio": 0.1250988843,
        "eps": 1.7,
        "epsdiluted": 1.68,
        "weightedAverageShsOut": 43892000,
        "weightedAverageShsOutDil": 44334000,
        "link": "https://www.sec.gov/Archives/edgar/data/26324/000002632418000018/0000026324-18-000018-index.htm",
        "finalLink": "https://www.sec.gov/Archives/edgar/data/26324/000002632418000018/cw-2018q3x10q.htm"
    },
    {
        "date": "2018-06-30",
        "symbol": "CW",
        "reportedCurrency": "USD",
        "cik": "0000026324",
        "fillingDate": "2018-07-26",
        "acceptedDate": "2018-07-26 10:55:53",
        "calendarYear": "2018",
        "period": "Q2",
        "revenue": 620298000,
        "costOfRevenue": 393798000,
        "grossProfit": 226500000,
        "grossProfitRatio": 0.3651470745,
        "researchAndDevelopmentExpenses": 15054000,
        "generalAndAdministrativeExpenses": 76705000,
        "sellingAndMarketingExpenses": 32665000,
        "sellingGeneralAndAdministrativeExpenses": 109370000,
        "otherExpenses": 0,
        "operatingExpenses": 124424000,
        "costAndExpenses": 518222000,
        "interestIncome": 0,
        "interestExpense": 9566000,
        "depreciationAndAmortization": 26656000,
        "ebitda": 132703000,
        "ebitdaratio": 0.2139342703,
        "operatingIncome": 102076000,
        "operatingIncomeRatio": 0.1645596149,
        "totalOtherIncomeExpensesNet": -5595000,
        "incomeBeforeTax": 96481000,
        "incomeBeforeTaxRatio": 0.1555397567,
        "incomeTaxExpense": 21693000,
        "netIncome": 74788000,
        "netIncomeRatio": 0.1205678561,
        "eps": 1.69,
        "epsdiluted": 1.68,
        "weightedAverageShsOut": 44124000,
        "weightedAverageShsOutDil": 44553000,
        "link": "https://www.sec.gov/Archives/edgar/data/26324/000002632418000013/0000026324-18-000013-index.htm",
        "finalLink": "https://www.sec.gov/Archives/edgar/data/26324/000002632418000013/cw-2018q2x10q.htm"
    },
    {
        "date": "2018-03-31",
        "symbol": "CW",
        "reportedCurrency": "USD",
        "cik": "0000026324",
        "fillingDate": "2018-05-03",
        "acceptedDate": "2018-05-03 13:53:00",
        "calendarYear": "2018",
        "period": "Q1",
        "revenue": 547522000,
        "costOfRevenue": 366331000,
        "grossProfit": 181191000,
        "grossProfitRatio": 0.3309291681,
        "researchAndDevelopmentExpenses": 15941000,
        "generalAndAdministrativeExpenses": 69232000,
        "sellingAndMarketingExpenses": 31520000,
        "sellingGeneralAndAdministrativeExpenses": 100752000,
        "otherExpenses": 0,
        "operatingExpenses": 116693000,
        "costAndExpenses": 483024000,
        "interestIncome": 0,
        "interestExpense": 8204000,
        "depreciationAndAmortization": 24601000,
        "ebitda": 93782000,
        "ebitdaratio": 0.1712844415,
        "operatingIncome": 64498000,
        "operatingIncomeRatio": 0.1177998327,
        "totalOtherIncomeExpensesNet": -3521000,
        "incomeBeforeTax": 60977000,
        "incomeBeforeTaxRatio": 0.1113690409,
        "incomeTaxExpense": 17334000,
        "netIncome": 43643000,
        "netIncomeRatio": 0.079710039,
        "eps": 0.99,
        "epsdiluted": 0.98,
        "weightedAverageShsOut": 44188000,
        "weightedAverageShsOutDil": 44678000,
        "link": "https://www.sec.gov/Archives/edgar/data/26324/000002632418000005/0000026324-18-000005-index.htm",
        "finalLink": "https://www.sec.gov/Archives/edgar/data/26324/000002632418000005/cw-2018331x10q.htm"
    },
    {
        "date": "2017-12-31",
        "symbol": "CW",
        "reportedCurrency": "USD",
        "cik": "0000026324",
        "fillingDate": "2018-02-22",
        "acceptedDate": "2018-02-22 16:55:50",
        "calendarYear": "2017",
        "period": "Q4",
        "revenue": 611881000,
        "costOfRevenue": 373614000,
        "grossProfit": 238267000,
        "grossProfitRatio": 0.3894008802,
        "researchAndDevelopmentExpenses": 14934000,
        "generalAndAdministrativeExpenses": 80967000,
        "sellingAndMarketingExpenses": 33671000,
        "sellingGeneralAndAdministrativeExpenses": 114638000,
        "otherExpenses": 0,
        "operatingExpenses": 129572000,
        "costAndExpenses": 503186000,
        "interestIncome": 0,
        "interestExpense": 9887000,
        "depreciationAndAmortization": 25180000,
        "ebitda": 134399000,
        "ebitdaratio": 0.2196489187,
        "operatingIncome": 108695000,
        "operatingIncomeRatio": 0.1776407504,
        "totalOtherIncomeExpensesNet": -9363000,
        "incomeBeforeTax": 99332000,
        "incomeBeforeTaxRatio": 0.1623387554,
        "incomeTaxExpense": 31582000,
        "netIncome": 67750000,
        "netIncomeRatio": 0.1107241441,
        "eps": 1.54,
        "epsdiluted": 1.52,
        "weightedAverageShsOut": 44132000,
        "weightedAverageShsOutDil": 44692000,
        "link": "https://www.sec.gov/Archives/edgar/data/26324/000002632418000003/0000026324-18-000003-index.htm",
        "finalLink": "https://www.sec.gov/Archives/edgar/data/26324/000002632418000003/a20171231-10k.htm"
    },
    {
        "date": "2017-09-30",
        "symbol": "CW",
        "reportedCurrency": "USD",
        "cik": "0000026324",
        "fillingDate": "2017-10-26",
        "acceptedDate": "2017-10-26 13:41:36",
        "calendarYear": "2017",
        "period": "Q3",
        "revenue": 567901000,
        "costOfRevenue": 360405000,
        "grossProfit": 210783000,
        "grossProfitRatio": 0.3711615229,
        "researchAndDevelopmentExpenses": 14575000,
        "generalAndAdministrativeExpenses": 70840000,
        "sellingAndMarketingExpenses": 28818000,
        "sellingGeneralAndAdministrativeExpenses": 99658000,
        "otherExpenses": 0,
        "operatingExpenses": 115082000,
        "costAndExpenses": 475487000,
        "interestIncome": 0,
        "interestExpense": 10457000,
        "depreciationAndAmortization": 24854000,
        "ebitda": 121725000,
        "ebitdaratio": 0.2143419364,
        "operatingIncome": 92414000,
        "operatingIncomeRatio": 0.1627290672,
        "totalOtherIncomeExpensesNet": -6000000,
        "incomeBeforeTax": 86414000,
        "incomeBeforeTaxRatio": 0.1521638455,
        "incomeTaxExpense": 22470000,
        "netIncome": 63944000,
        "netIncomeRatio": 0.11259709,
        "eps": 1.45,
        "epsdiluted": 1.43,
        "weightedAverageShsOut": 44137000,
        "weightedAverageShsOutDil": 44686000,
        "link": "https://www.sec.gov/Archives/edgar/data/26324/000002632417000017/0000026324-17-000017-index.htm",
        "finalLink": "https://www.sec.gov/Archives/edgar/data/26324/000002632417000017/cw-2017q3x10q.htm"
    },
    {
        "date": "2017-06-30",
        "symbol": "CW",
        "reportedCurrency": "USD",
        "cik": "0000026324",
        "fillingDate": "2017-07-27",
        "acceptedDate": "2017-07-27 14:06:13",
        "calendarYear": "2017",
        "period": "Q2",
        "revenue": 567653000,
        "costOfRevenue": 372643000,
        "grossProfit": 198770000,
        "grossProfitRatio": 0.3501611019,
        "researchAndDevelopmentExpenses": 15501000,
        "generalAndAdministrativeExpenses": 71438000,
        "sellingAndMarketingExpenses": 28560000,
        "sellingGeneralAndAdministrativeExpenses": 99998000,
        "otherExpenses": 0,
        "operatingExpenses": 115278000,
        "costAndExpenses": 487921000,
        "interestIncome": 0,
        "interestExpense": 10750000,
        "depreciationAndAmortization": 25035000,
        "ebitda": 108496000,
        "ebitdaratio": 0.1911308493,
        "operatingIncome": 79732000,
        "operatingIncomeRatio": 0.140459048,
        "totalOtherIncomeExpensesNet": -7021000,
        "incomeBeforeTax": 72711000,
        "incomeBeforeTaxRatio": 0.1280905765,
        "incomeTaxExpense": 22061000,
        "netIncome": 50650000,
        "netIncomeRatio": 0.0892270454,
        "eps": 1.15,
        "epsdiluted": 1.13,
        "weightedAverageShsOut": 44213000,
        "weightedAverageShsOutDil": 44807000,
        "link": "https://www.sec.gov/Archives/edgar/data/26324/000002632417000015/0000026324-17-000015-index.htm",
        "finalLink": "https://www.sec.gov/Archives/edgar/data/26324/000002632417000015/cw-2017q2x10q.htm"
    },
    {
        "date": "2017-03-31",
        "symbol": "CW",
        "reportedCurrency": "USD",
        "cik": "0000026324",
        "fillingDate": "2017-05-04",
        "acceptedDate": "2017-05-04 11:25:54",
        "calendarYear": "2017",
        "period": "Q1",
        "revenue": 523591000,
        "costOfRevenue": 356656000,
        "grossProfit": 170775000,
        "grossProfitRatio": 0.3261610685,
        "researchAndDevelopmentExpenses": 15298000,
        "generalAndAdministrativeExpenses": 75297000,
        "sellingAndMarketingExpenses": 28953000,
        "sellingGeneralAndAdministrativeExpenses": 104250000,
        "otherExpenses": 0,
        "operatingExpenses": 119243000,
        "costAndExpenses": 475899000,
        "interestIncome": 0,
        "interestExpense": 10377000,
        "depreciationAndAmortization": 24926000,
        "ebitda": 76465000,
        "ebitdaratio": 0.1460395614,
        "operatingIncome": 47692000,
        "operatingIncomeRatio": 0.0910863632,
        "totalOtherIncomeExpensesNet": -6530000,
        "incomeBeforeTax": 41162000,
        "incomeBeforeTaxRatio": 0.0786147967,
        "incomeTaxExpense": 8615000,
        "netIncome": 32547000,
        "netIncomeRatio": 0.0621611143,
        "eps": 0.74,
        "epsdiluted": 0.73,
        "weightedAverageShsOut": 44246000,
        "weightedAverageShsOutDil": 44860000,
        "link": "https://www.sec.gov/Archives/edgar/data/26324/000002632417000007/0000026324-17-000007-index.htm",
        "finalLink": "https://www.sec.gov/Archives/edgar/data/26324/000002632417000007/cw-2017331x10q.htm"
    },
    {
        "date": "2016-12-31",
        "symbol": "CW",
        "reportedCurrency": "USD",
        "cik": "0000026324",
        "fillingDate": "2017-02-21",
        "acceptedDate": "2017-02-21 16:26:46",
        "calendarYear": "2016",
        "period": "Q4",
        "revenue": 565565000,
        "costOfRevenue": 356841000,
        "grossProfit": 208725000,
        "grossProfitRatio": 0.369055723,
        "researchAndDevelopmentExpenses": 14125000,
        "generalAndAdministrativeExpenses": 62224000,
        "sellingAndMarketingExpenses": 26203000,
        "sellingGeneralAndAdministrativeExpenses": 88427000,
        "otherExpenses": 0,
        "operatingExpenses": 102551000,
        "costAndExpenses": 459392000,
        "interestIncome": 0,
        "interestExpense": 10554000,
        "depreciationAndAmortization": 23589000,
        "ebitda": 130055000,
        "ebitdaratio": 0.2299558848,
        "operatingIncome": 106173000,
        "operatingIncomeRatio": 0.1877290851,
        "totalOtherIncomeExpensesNet": -10261000,
        "incomeBeforeTax": 95912000,
        "incomeBeforeTaxRatio": 0.169586166,
        "incomeTaxExpense": 25244000,
        "netIncome": 68615000,
        "netIncomeRatio": 0.1213211567,
        "eps": 1.55,
        "epsdiluted": 1.53,
        "weightedAverageShsOut": 44173000,
        "weightedAverageShsOutDil": 44783000,
        "link": "https://www.sec.gov/Archives/edgar/data/26324/000002632417000003/0000026324-17-000003-index.htm",
        "finalLink": "https://www.sec.gov/Archives/edgar/data/26324/000002632417000003/a20161231-10k.htm"
    },
    {
        "date": "2016-09-30",
        "symbol": "CW",
        "reportedCurrency": "USD",
        "cik": "0000026324",
        "fillingDate": "2016-10-27",
        "acceptedDate": "2016-10-27 12:12:04",
        "calendarYear": "2016",
        "period": "Q3",
        "revenue": 507092000,
        "costOfRevenue": 322616000,
        "grossProfit": 184476000,
        "grossProfitRatio": 0.3637919746,
        "researchAndDevelopmentExpenses": 14071000,
        "generalAndAdministrativeExpenses": 67559000,
        "sellingAndMarketingExpenses": 26273000,
        "sellingGeneralAndAdministrativeExpenses": 93832000,
        "otherExpenses": 0,
        "operatingExpenses": 107903000,
        "costAndExpenses": 430519000,
        "interestIncome": 0,
        "interestExpense": 10488000,
        "depreciationAndAmortization": 23432000,
        "ebitda": 100488000,
        "ebitdaratio": 0.1981652245,
        "operatingIncome": 76573000,
        "operatingIncomeRatio": 0.151004157,
        "totalOtherIncomeExpensesNet": -10005000,
        "incomeBeforeTax": 66568000,
        "incomeBeforeTaxRatio": 0.1312740094,
        "incomeTaxExpense": 20636000,
        "netIncome": 45932000,
        "netIncomeRatio": 0.0905792243,
        "eps": 1.04,
        "epsdiluted": 1.02,
        "weightedAverageShsOut": 44323000,
        "weightedAverageShsOutDil": 44997000,
        "link": "https://www.sec.gov/Archives/edgar/data/26324/000002632416000052/0000026324-16-000052-index.htm",
        "finalLink": "https://www.sec.gov/Archives/edgar/data/26324/000002632416000052/cw-2016q3x10q.htm"
    },
    {
        "date": "2016-06-30",
        "symbol": "CW",
        "reportedCurrency": "USD",
        "cik": "0000026324",
        "fillingDate": "2016-07-28",
        "acceptedDate": "2016-07-28 11:38:10",
        "calendarYear": "2016",
        "period": "Q2",
        "revenue": 532766000,
        "costOfRevenue": 347387000,
        "grossProfit": 185379000,
        "grossProfitRatio": 0.3479557629,
        "researchAndDevelopmentExpenses": 15236000,
        "generalAndAdministrativeExpenses": 72928000,
        "sellingAndMarketingExpenses": 29126000,
        "sellingGeneralAndAdministrativeExpenses": 102054000,
        "otherExpenses": 0,
        "operatingExpenses": 117290000,
        "costAndExpenses": 464677000,
        "interestIncome": 10273000,
        "interestExpense": 10273000,
        "depreciationAndAmortization": 24500000,
        "ebitda": 92690000,
        "ebitdaratio": 0.17397882,
        "operatingIncome": 68089000,
        "operatingIncomeRatio": 0.1278028253,
        "totalOtherIncomeExpensesNet": -10172000,
        "incomeBeforeTax": 57917000,
        "incomeBeforeTaxRatio": 0.1087100153,
        "incomeTaxExpense": 17954000,
        "netIncome": 39963000,
        "netIncomeRatio": 0.0750104173,
        "eps": 0.9,
        "epsdiluted": 0.88,
        "weightedAverageShsOut": 44487000,
        "weightedAverageShsOutDil": 45164000,
        "link": "https://www.sec.gov/Archives/edgar/data/26324/000002632416000049/0000026324-16-000049-index.htm",
        "finalLink": "https://www.sec.gov/Archives/edgar/data/26324/000002632416000049/cw-2016q2x10q.htm"
    },
    {
        "date": "2016-03-31",
        "symbol": "CW",
        "reportedCurrency": "USD",
        "cik": "0000026324",
        "fillingDate": "2016-05-05",
        "acceptedDate": "2016-05-05 12:18:02",
        "calendarYear": "2016",
        "period": "Q1",
        "revenue": 503507000,
        "costOfRevenue": 331604000,
        "grossProfit": 171903000,
        "grossProfitRatio": 0.3414113409,
        "researchAndDevelopmentExpenses": 15160000,
        "generalAndAdministrativeExpenses": 69854000,
        "sellingAndMarketingExpenses": 29626000,
        "sellingGeneralAndAdministrativeExpenses": 99480000,
        "otherExpenses": 0,
        "operatingExpenses": 114640000,
        "costAndExpenses": 446244000,
        "interestIncome": 9933000,
        "interestExpense": 9933000,
        "depreciationAndAmortization": 24487000,
        "ebitda": 81984000,
        "ebitdaratio": 0.1628259389,
        "operatingIncome": 57263000,
        "operatingIncomeRatio": 0.1137283096,
        "totalOtherIncomeExpensesNet": -9699000,
        "incomeBeforeTax": 47564000,
        "incomeBeforeTaxRatio": 0.0944654195,
        "incomeTaxExpense": 14745000,
        "netIncome": 32819000,
        "netIncomeRatio": 0.0651808217,
        "eps": 0.74,
        "epsdiluted": 0.73,
        "weightedAverageShsOut": 44578000,
        "weightedAverageShsOutDil": 45240000,
        "link": "https://www.sec.gov/Archives/edgar/data/26324/000002632416000043/0000026324-16-000043-index.htm",
        "finalLink": "https://www.sec.gov/Archives/edgar/data/26324/000002632416000043/cw-2016331x10q.htm"
    },
    {
        "date": "2015-12-31",
        "symbol": "CW",
        "reportedCurrency": "USD",
        "cik": "0000026324",
        "fillingDate": "2016-02-25",
        "acceptedDate": "2016-02-25 12:00:14",
        "calendarYear": "2015",
        "period": "Q4",
        "revenue": 588755000,
        "costOfRevenue": 364441000,
        "grossProfit": 224314000,
        "grossProfitRatio": 0.380997189,
        "researchAndDevelopmentExpenses": 15204000,
        "generalAndAdministrativeExpenses": 69541000,
        "sellingAndMarketingExpenses": 31042000,
        "sellingGeneralAndAdministrativeExpenses": 100583000,
        "otherExpenses": 0,
        "operatingExpenses": 115787000,
        "costAndExpenses": 480228000,
        "interestIncome": 881000,
        "interestExpense": 9085000,
        "depreciationAndAmortization": 24382000,
        "ebitda": 132919000,
        "ebitdaratio": 0.2257628385,
        "operatingIncome": 108527000,
        "operatingIncomeRatio": 0.1843330418,
        "totalOtherIncomeExpensesNet": -9075000,
        "incomeBeforeTax": 99452000,
        "incomeBeforeTaxRatio": 0.1689191599,
        "incomeTaxExpense": 28690000,
        "netIncome": 69849000,
        "netIncomeRatio": 0.1186384829,
        "eps": 1.54,
        "epsdiluted": 1.51,
        "weightedAverageShsOut": 45245000,
        "weightedAverageShsOutDil": 46143000,
        "link": "https://www.sec.gov/Archives/edgar/data/26324/000002632416000040/0000026324-16-000040-index.htm",
        "finalLink": "https://www.sec.gov/Archives/edgar/data/26324/000002632416000040/a20151231-10k.htm"
    },
    {
        "date": "2015-09-30",
        "symbol": "CW",
        "reportedCurrency": "USD",
        "cik": "0000026324",
        "fillingDate": "2015-10-29",
        "acceptedDate": "2015-10-29 13:45:57",
        "calendarYear": "2015",
        "period": "Q3",
        "revenue": 525535000,
        "costOfRevenue": 340041000,
        "grossProfit": 185494000,
        "grossProfitRatio": 0.3529622195,
        "researchAndDevelopmentExpenses": 15050000,
        "generalAndAdministrativeExpenses": 76384000,
        "sellingAndMarketingExpenses": 30247000,
        "sellingGeneralAndAdministrativeExpenses": 106631000,
        "otherExpenses": 0,
        "operatingExpenses": 121681000,
        "costAndExpenses": 461722000,
        "interestIncome": 8972000,
        "interestExpense": 8972000,
        "depreciationAndAmortization": 24890000,
        "ebitda": 88864000,
        "ebitdaratio": 0.1690924486,
        "operatingIncome": 63813000,
        "operatingIncomeRatio": 0.1214248337,
        "totalOtherIncomeExpensesNet": -8811000,
        "incomeBeforeTax": 55002000,
        "incomeBeforeTaxRatio": 0.1046590617,
        "incomeTaxExpense": 16860000,
        "netIncome": 33884000,
        "netIncomeRatio": 0.064475249,
        "eps": 0.73,
        "epsdiluted": 0.71,
        "weightedAverageShsOut": 46366000,
        "weightedAverageShsOutDil": 47395000,
        "link": "https://www.sec.gov/Archives/edgar/data/26324/000002632415000027/0000026324-15-000027-index.htm",
        "finalLink": "https://www.sec.gov/Archives/edgar/data/26324/000002632415000027/cw-2015q3x10q.htm"
    },
    {
        "date": "2015-06-30",
        "symbol": "CW",
        "reportedCurrency": "USD",
        "cik": "0000026324",
        "fillingDate": "2015-07-30",
        "acceptedDate": "2015-07-30 14:32:45",
        "calendarYear": "2015",
        "period": "Q2",
        "revenue": 545194000,
        "costOfRevenue": 362843000,
        "grossProfit": 182351000,
        "grossProfitRatio": 0.3344699318,
        "researchAndDevelopmentExpenses": 15321000,
        "generalAndAdministrativeExpenses": 72483000,
        "sellingAndMarketingExpenses": 29105000,
        "sellingGeneralAndAdministrativeExpenses": 101588000,
        "otherExpenses": 0,
        "operatingExpenses": 116909000,
        "costAndExpenses": 479752000,
        "interestIncome": 8985000,
        "interestExpense": 8985000,
        "depreciationAndAmortization": 25830000,
        "ebitda": 91235000,
        "ebitdaratio": 0.1673441014,
        "operatingIncome": 65442000,
        "operatingIncomeRatio": 0.1200343364,
        "totalOtherIncomeExpensesNet": -9022000,
        "incomeBeforeTax": 56420000,
        "incomeBeforeTaxRatio": 0.1034860985,
        "incomeTaxExpense": 16299000,
        "netIncome": 25737000,
        "netIncomeRatio": 0.0472070492,
        "eps": 0.54,
        "epsdiluted": 0.53,
        "weightedAverageShsOut": 47224000,
        "weightedAverageShsOutDil": 48258000,
        "link": "https://www.sec.gov/Archives/edgar/data/26324/000002632415000024/0000026324-15-000024-index.htm",
        "finalLink": "https://www.sec.gov/Archives/edgar/data/26324/000002632415000024/cw-2015630x10q.htm"
    },
    {
        "date": "2015-03-31",
        "symbol": "CW",
        "reportedCurrency": "USD",
        "cik": "0000026324",
        "fillingDate": "2015-04-30",
        "acceptedDate": "2015-04-30 12:01:25",
        "calendarYear": "2015",
        "period": "Q1",
        "revenue": 546199000,
        "costOfRevenue": 355103000,
        "grossProfit": 191096000,
        "grossProfitRatio": 0.349865159,
        "researchAndDevelopmentExpenses": 15262000,
        "generalAndAdministrativeExpenses": 71911000,
        "sellingAndMarketingExpenses": 31088000,
        "sellingGeneralAndAdministrativeExpenses": 102999000,
        "otherExpenses": 0,
        "operatingExpenses": 118261000,
        "costAndExpenses": 473364000,
        "interestIncome": 8996000,
        "interestExpense": 8996000,
        "depreciationAndAmortization": 25708000,
        "ebitda": 99024000,
        "ebitdaratio": 0.1812965604,
        "operatingIncome": 72835000,
        "operatingIncomeRatio": 0.1333488344,
        "totalOtherIncomeExpensesNet": -8515000,
        "incomeBeforeTax": 64320000,
        "incomeBeforeTaxRatio": 0.1177592782,
        "incomeTaxExpense": 21097000,
        "netIncome": 15991000,
        "netIncomeRatio": 0.0292768753,
        "eps": 0.34,
        "epsdiluted": 0.33,
        "weightedAverageShsOut": 47724000,
        "weightedAverageShsOutDil": 48732000,
        "link": "https://www.sec.gov/Archives/edgar/data/26324/000002632415000009/0000026324-15-000009-index.htm",
        "finalLink": "https://www.sec.gov/Archives/edgar/data/26324/000002632415000009/cw-2015q1x10q.htm"
    },
    {
        "date": "2014-12-31",
        "symbol": "CW",
        "reportedCurrency": "USD",
        "cik": "0000026324",
        "fillingDate": "2015-02-19",
        "acceptedDate": "2015-02-19 17:06:21",
        "calendarYear": "2014",
        "period": "Q4",
        "revenue": 569172000,
        "costOfRevenue": 369129000,
        "grossProfit": 200043000,
        "grossProfitRatio": 0.3514631781,
        "researchAndDevelopmentExpenses": 16692000,
        "generalAndAdministrativeExpenses": 75539000,
        "sellingAndMarketingExpenses": 32501000,
        "sellingGeneralAndAdministrativeExpenses": 108040000,
        "otherExpenses": 0,
        "operatingExpenses": 124732000,
        "costAndExpenses": 493861000,
        "interestIncome": 35984000,
        "interestExpense": 8740000,
        "depreciationAndAmortization": 27997000,
        "ebitda": 103737000,
        "ebitdaratio": 0.1822594927,
        "operatingIncome": 75311000,
        "operatingIncomeRatio": 0.1323167689,
        "totalOtherIncomeExpensesNet": -8311000,
        "incomeBeforeTax": 67000000,
        "incomeBeforeTaxRatio": 0.117714856,
        "incomeTaxExpense": 20636000,
        "netIncome": 16750000,
        "netIncomeRatio": 0.029428714,
        "eps": 0.35,
        "epsdiluted": 0.35,
        "weightedAverageShsOut": 47724000,
        "weightedAverageShsOutDil": 47724000,
        "link": "https://www.sec.gov/Archives/edgar/data/26324/000002632415000004/0000026324-15-000004-index.htm",
        "finalLink": "https://www.sec.gov/Archives/edgar/data/26324/000002632415000004/a20141231-10k.htm"
    },
    {
        "date": "2014-09-30",
        "symbol": "CW",
        "reportedCurrency": "USD",
        "cik": "0000026324",
        "fillingDate": "2014-10-30",
        "acceptedDate": "2014-10-30 16:55:06",
        "calendarYear": "2014",
        "period": "Q3",
        "revenue": 558383000,
        "costOfRevenue": 365052000,
        "grossProfit": 193428000,
        "grossProfitRatio": 0.3464073942,
        "researchAndDevelopmentExpenses": 16909000,
        "generalAndAdministrativeExpenses": 71720000,
        "sellingAndMarketingExpenses": 30659000,
        "sellingGeneralAndAdministrativeExpenses": 102379000,
        "otherExpenses": 0,
        "operatingExpenses": 119082000,
        "costAndExpenses": 484134000,
        "interestIncome": 9013000,
        "interestExpense": 9013000,
        "depreciationAndAmortization": 29548000,
        "ebitda": 103638000,
        "ebitdaratio": 0.1856037881,
        "operatingIncome": 74249000,
        "operatingIncomeRatio": 0.1329714551,
        "totalOtherIncomeExpensesNet": -9172000,
        "incomeBeforeTax": 64969000,
        "incomeBeforeTaxRatio": 0.1163520379,
        "incomeTaxExpense": 20659000,
        "netIncome": 25033000,
        "netIncomeRatio": 0.0448312359,
        "eps": 0.52,
        "epsdiluted": 0.51,
        "weightedAverageShsOut": 48067000,
        "weightedAverageShsOutDil": 49101000,
        "link": "https://www.sec.gov/Archives/edgar/data/26324/000002632414000030/0000026324-14-000030-index.htm",
        "finalLink": "https://www.sec.gov/Archives/edgar/data/26324/000002632414000030/cw-2014930x10q.htm"
    },
    {
        "date": "2014-06-30",
        "symbol": "CW",
        "reportedCurrency": "USD",
        "cik": "0000026324",
        "fillingDate": "2014-07-31",
        "acceptedDate": "2014-07-31 12:54:14",
        "calendarYear": "2014",
        "period": "Q2",
        "revenue": 569198000,
        "costOfRevenue": 370967000,
        "grossProfit": 216203000,
        "grossProfitRatio": 0.3798379474,
        "researchAndDevelopmentExpenses": 17621000,
        "generalAndAdministrativeExpenses": 84885000,
        "sellingAndMarketingExpenses": 37047000,
        "sellingGeneralAndAdministrativeExpenses": 121932000,
        "otherExpenses": 0,
        "operatingExpenses": 126072000,
        "costAndExpenses": 497039000,
        "interestIncome": 8986000,
        "interestExpense": 8988000,
        "depreciationAndAmortization": 30434000,
        "ebitda": 102570000,
        "ebitdaratio": 0.1802009143,
        "operatingIncome": 72159000,
        "operatingIncomeRatio": 0.1267731088,
        "totalOtherIncomeExpensesNet": -9009000,
        "incomeBeforeTax": 67726000,
        "incomeBeforeTaxRatio": 0.1189849578,
        "incomeTaxExpense": 21917000,
        "netIncome": 36391000,
        "netIncomeRatio": 0.0639338156,
        "eps": 0.76,
        "epsdiluted": 0.74,
        "weightedAverageShsOut": 48175000,
        "weightedAverageShsOutDil": 49239000,
        "link": "https://www.sec.gov/Archives/edgar/data/26324/000002632414000022/0000026324-14-000022-index.htm",
        "finalLink": "https://www.sec.gov/Archives/edgar/data/26324/000002632414000022/cw-2014630x10q.htm"
    },
    {
        "date": "2014-03-31",
        "symbol": "CW",
        "reportedCurrency": "USD",
        "cik": "0000026324",
        "fillingDate": "2014-05-01",
        "acceptedDate": "2014-05-01 14:28:08",
        "calendarYear": "2014",
        "period": "Q1",
        "revenue": 542959000,
        "costOfRevenue": 358345000,
        "grossProfit": 202152000,
        "grossProfitRatio": 0.372315405,
        "researchAndDevelopmentExpenses": 18349000,
        "generalAndAdministrativeExpenses": 85064000,
        "sellingAndMarketingExpenses": 39638000,
        "sellingGeneralAndAdministrativeExpenses": 124702000,
        "otherExpenses": 0,
        "operatingExpenses": 123580000,
        "costAndExpenses": 481925000,
        "interestIncome": 9055000,
        "interestExpense": 9054000,
        "depreciationAndAmortization": 30952000,
        "ebitda": 92098000,
        "ebitdaratio": 0.169622384,
        "operatingIncome": 61034000,
        "operatingIncomeRatio": 0.112409961,
        "totalOtherIncomeExpensesNet": -8943000,
        "incomeBeforeTax": 50112000,
        "incomeBeforeTaxRatio": 0.0922942616,
        "incomeTaxExpense": 14948000,
        "netIncome": 35164000,
        "netIncomeRatio": 0.0647636378,
        "eps": 0.73,
        "epsdiluted": 0.72,
        "weightedAverageShsOut": 47982000,
        "weightedAverageShsOutDil": 49130000,
        "link": "https://www.sec.gov/Archives/edgar/data/26324/000002632414000010/0000026324-14-000010-index.htm",
        "finalLink": "https://www.sec.gov/Archives/edgar/data/26324/000002632414000010/cw-2014331x10q.htm"
    },
    {
        "date": "2013-12-31",
        "symbol": "CW",
        "reportedCurrency": "USD",
        "cik": "0000026324",
        "fillingDate": "2014-02-21",
        "acceptedDate": "2014-02-21 15:45:17",
        "calendarYear": "2013",
        "period": "Q4",
        "revenue": 699730000,
        "costOfRevenue": 468060000,
        "grossProfit": 231670000,
        "grossProfitRatio": 0.331084847,
        "researchAndDevelopmentExpenses": 19309000,
        "generalAndAdministrativeExpenses": 97822000,
        "sellingAndMarketingExpenses": 39621000,
        "sellingGeneralAndAdministrativeExpenses": 137443000,
        "otherExpenses": 0,
        "operatingExpenses": 156752000,
        "costAndExpenses": 624812000,
        "interestIncome": 59197000,
        "interestExpense": 9339000,
        "depreciationAndAmortization": 31837000,
        "ebitda": 107033000,
        "ebitdaratio": 0.1529632858,
        "operatingIncome": 74918000,
        "operatingIncomeRatio": 0.1070670116,
        "totalOtherIncomeExpensesNet": -9061000,
        "incomeBeforeTax": 65857000,
        "incomeBeforeTaxRatio": 0.0941177311,
        "incomeTaxExpense": 18550000,
        "netIncome": 47307000,
        "netIncomeRatio": 0.0676075058,
        "eps": 1,
        "epsdiluted": 0.97,
        "weightedAverageShsOut": 47443000,
        "weightedAverageShsOutDil": 48591000,
        "link": "https://www.sec.gov/Archives/edgar/data/26324/000002632414000004/0000026324-14-000004-index.htm",
        "finalLink": "https://www.sec.gov/Archives/edgar/data/26324/000002632414000004/a20131231-10k.htm"
    },
    {
        "date": "2013-09-30",
        "symbol": "CW",
        "reportedCurrency": "USD",
        "cik": "0000026324",
        "fillingDate": "2013-11-01",
        "acceptedDate": "2013-11-01 12:16:13",
        "calendarYear": "2013",
        "period": "Q3",
        "revenue": 512409000,
        "costOfRevenue": 333731000,
        "grossProfit": 194702000,
        "grossProfitRatio": 0.37997381,
        "researchAndDevelopmentExpenses": 16054000,
        "generalAndAdministrativeExpenses": 77742000,
        "sellingAndMarketingExpenses": 38019000,
        "sellingGeneralAndAdministrativeExpenses": 115761000,
        "otherExpenses": 0,
        "operatingExpenses": 113048000,
        "costAndExpenses": 446779000,
        "interestIncome": 9701000,
        "interestExpense": 9690000,
        "depreciationAndAmortization": 29427000,
        "ebitda": 95345000,
        "ebitdaratio": 0.1860720635,
        "operatingIncome": 65630000,
        "operatingIncomeRatio": 0.1280812788,
        "totalOtherIncomeExpensesNet": -9413000,
        "incomeBeforeTax": 53575000,
        "incomeBeforeTaxRatio": 0.1045551503,
        "incomeTaxExpense": 17214000,
        "netIncome": 36361000,
        "netIncomeRatio": 0.0709608926,
        "eps": 0.77,
        "epsdiluted": 0.76,
        "weightedAverageShsOut": 47081000,
        "weightedAverageShsOutDil": 48063000,
        "link": "https://www.sec.gov/Archives/edgar/data/26324/000002632413000013/0000026324-13-000013-index.htm",
        "finalLink": "https://www.sec.gov/Archives/edgar/data/26324/000002632413000013/cw-2013930x10q.htm"
    },
    {
        "date": "2013-06-30",
        "symbol": "CW",
        "reportedCurrency": "USD",
        "cik": "0000026324",
        "fillingDate": "2013-08-02",
        "acceptedDate": "2013-08-02 10:23:13",
        "calendarYear": "2013",
        "period": "Q2",
        "revenue": 597694000,
        "costOfRevenue": 400009000,
        "grossProfit": 201014000,
        "grossProfitRatio": 0.3363159075,
        "researchAndDevelopmentExpenses": 15903000,
        "generalAndAdministrativeExpenses": 88423000,
        "sellingAndMarketingExpenses": 38900000,
        "sellingGeneralAndAdministrativeExpenses": 127323000,
        "otherExpenses": 0,
        "operatingExpenses": 137106000,
        "costAndExpenses": 537115000,
        "interestIncome": 1613000,
        "interestExpense": 9332000,
        "depreciationAndAmortization": 29833000,
        "ebitda": 90612000,
        "ebitdaratio": 0.1516026596,
        "operatingIncome": 60579000,
        "operatingIncomeRatio": 0.1013545393,
        "totalOtherIncomeExpensesNet": -9142000,
        "incomeBeforeTax": 48680000,
        "incomeBeforeTaxRatio": 0.0814463588,
        "incomeTaxExpense": 15310000,
        "netIncome": 33370000,
        "netIncomeRatio": 0.0558312448,
        "eps": 0.71,
        "epsdiluted": 0.7,
        "weightedAverageShsOut": 46786000,
        "weightedAverageShsOutDil": 47507000,
        "link": "https://www.sec.gov/Archives/edgar/data/26324/000002632413000009/0000026324-13-000009-index.htm",
        "finalLink": "https://www.sec.gov/Archives/edgar/data/26324/000002632413000009/cw-2013630x10q.htm"
    },
    {
        "date": "2013-03-31",
        "symbol": "CW",
        "reportedCurrency": "USD",
        "cik": "0000026324",
        "fillingDate": "2013-05-02",
        "acceptedDate": "2013-05-02 12:49:58",
        "calendarYear": "2013",
        "period": "Q1",
        "revenue": 592687000,
        "costOfRevenue": 408980000,
        "grossProfit": 183707000,
        "grossProfitRatio": 0.3099561826,
        "researchAndDevelopmentExpenses": 17608000,
        "generalAndAdministrativeExpenses": 91277000,
        "sellingAndMarketingExpenses": 36796000,
        "sellingGeneralAndAdministrativeExpenses": 128073000,
        "otherExpenses": 0,
        "operatingExpenses": 145681000,
        "costAndExpenses": 554661000,
        "interestIncome": 19613000,
        "interestExpense": 8659000,
        "depreciationAndAmortization": 30400000,
        "ebitda": 68900000,
        "ebitdaratio": 0.1162502299,
        "operatingIncome": 38026000,
        "operatingIncomeRatio": 0.0641586537,
        "totalOtherIncomeExpensesNet": -8185000,
        "incomeBeforeTax": 29841000,
        "incomeBeforeTaxRatio": 0.0503486663,
        "incomeTaxExpense": 8898000,
        "netIncome": 20943000,
        "netIncomeRatio": 0.0353356831,
        "eps": 0.45,
        "epsdiluted": 0.44,
        "weightedAverageShsOut": 46615000,
        "weightedAverageShsOutDil": 47483000,
        "link": "https://www.sec.gov/Archives/edgar/data/26324/000002632413000003/0000026324-13-000003-index.htm",
        "finalLink": "https://www.sec.gov/Archives/edgar/data/26324/000002632413000003/form10q.htm"
    },
    {
        "date": "2012-12-31",
        "symbol": "CW",
        "reportedCurrency": "USD",
        "cik": "0000026324",
        "fillingDate": "2013-02-21",
        "acceptedDate": "2013-02-21 16:59:08",
        "calendarYear": "2012",
        "period": "Q4",
        "revenue": 590447000,
        "costOfRevenue": 396401000,
        "grossProfit": 194046000,
        "grossProfitRatio": 0.3286425369,
        "researchAndDevelopmentExpenses": 15747000,
        "generalAndAdministrativeExpenses": 84495000,
        "sellingAndMarketingExpenses": 31823000,
        "sellingGeneralAndAdministrativeExpenses": 116318000,
        "otherExpenses": 0,
        "operatingExpenses": 132065000,
        "costAndExpenses": 528466000,
        "interestIncome": 7415000,
        "interestExpense": 6673000,
        "depreciationAndAmortization": 24742000,
        "ebitda": 86855000,
        "ebitdaratio": 0.1471004171,
        "operatingIncome": 61981000,
        "operatingIncomeRatio": 0.104973012,
        "totalOtherIncomeExpensesNet": -6541000,
        "incomeBeforeTax": 55440000,
        "incomeBeforeTaxRatio": 0.0938949643,
        "incomeTaxExpense": 17271000,
        "netIncome": 38493000,
        "netIncomeRatio": 0.0651929809,
        "eps": 0.83,
        "epsdiluted": 0.83,
        "weightedAverageShsOut": 46587000,
        "weightedAverageShsOutDil": 46615000,
        "link": "https://www.sec.gov/Archives/edgar/data/26324/000093041313000998/0000930413-13-000998-index.htm",
        "finalLink": "https://www.sec.gov/Archives/edgar/data/26324/000093041313000998/c72765_10-k.htm"
    },
    {
        "date": "2012-09-30",
        "symbol": "CW",
        "reportedCurrency": "USD",
        "cik": "0000026324",
        "fillingDate": "2012-11-09",
        "acceptedDate": "2012-11-09 13:24:32",
        "calendarYear": "2012",
        "period": "Q3",
        "revenue": 479222000,
        "costOfRevenue": 337806000,
        "grossProfit": 141416000,
        "grossProfitRatio": 0.2950949664,
        "researchAndDevelopmentExpenses": 13267000,
        "generalAndAdministrativeExpenses": 76774000,
        "sellingAndMarketingExpenses": 28009000,
        "sellingGeneralAndAdministrativeExpenses": 104783000,
        "otherExpenses": 0,
        "operatingExpenses": 118050000,
        "costAndExpenses": 455856000,
        "interestIncome": 0,
        "interestExpense": 6648000,
        "depreciationAndAmortization": 22516000,
        "ebitda": 45763000,
        "ebitdaratio": 0.0954943638,
        "operatingIncome": 23366000,
        "operatingIncomeRatio": 0.0487581956,
        "totalOtherIncomeExpensesNet": -6767000,
        "incomeBeforeTax": 16599000,
        "incomeBeforeTaxRatio": 0.0346373914,
        "incomeTaxExpense": 5156000,
        "netIncome": 11299000,
        "netIncomeRatio": 0.023577799,
        "eps": 0.24,
        "epsdiluted": 0.24,
        "weightedAverageShsOut": 46884000,
        "weightedAverageShsOutDil": 47415000,
        "link": "https://www.sec.gov/Archives/edgar/data/26324/000002632412000008/0000026324-12-000008-index.htm",
        "finalLink": "https://www.sec.gov/Archives/edgar/data/26324/000002632412000008/form10q.htm"
    },
    {
        "date": "2012-06-30",
        "symbol": "CW",
        "reportedCurrency": "USD",
        "cik": "0000026324",
        "fillingDate": "2012-08-03",
        "acceptedDate": "2012-08-03 11:12:42",
        "calendarYear": "2012",
        "period": "Q2",
        "revenue": 526386000,
        "costOfRevenue": 362379000,
        "grossProfit": 164007000,
        "grossProfitRatio": 0.3115717363,
        "researchAndDevelopmentExpenses": 15351000,
        "generalAndAdministrativeExpenses": 75228000,
        "sellingAndMarketingExpenses": 32888000,
        "sellingGeneralAndAdministrativeExpenses": 108116000,
        "otherExpenses": 0,
        "operatingExpenses": 123467000,
        "costAndExpenses": 485846000,
        "interestIncome": 0,
        "interestExpense": 6526000,
        "depreciationAndAmortization": 23104000,
        "ebitda": 63774000,
        "ebitdaratio": 0.121154438,
        "operatingIncome": 40540000,
        "operatingIncomeRatio": 0.0770157261,
        "totalOtherIncomeExpensesNet": -6396000,
        "incomeBeforeTax": 34144000,
        "incomeBeforeTaxRatio": 0.064864947,
        "incomeTaxExpense": 11309000,
        "netIncome": 22740000,
        "netIncomeRatio": 0.0432002371,
        "eps": 0.49,
        "epsdiluted": 0.48,
        "weightedAverageShsOut": 46820000,
        "weightedAverageShsOutDil": 47501000,
        "link": "https://www.sec.gov/Archives/edgar/data/26324/000002632412000006/0000026324-12-000006-index.htm",
        "finalLink": "https://www.sec.gov/Archives/edgar/data/26324/000002632412000006/form10q.htm"
    },
    {
        "date": "2012-03-31",
        "symbol": "CW",
        "reportedCurrency": "USD",
        "cik": "0000026324",
        "fillingDate": "2012-05-07",
        "acceptedDate": "2012-05-07 14:31:55",
        "calendarYear": "2012",
        "period": "Q1",
        "revenue": 501661000,
        "costOfRevenue": 342387000,
        "grossProfit": 159274000,
        "grossProfitRatio": 0.3174932873,
        "researchAndDevelopmentExpenses": 15347000,
        "generalAndAdministrativeExpenses": 75887000,
        "sellingAndMarketingExpenses": 32481000,
        "sellingGeneralAndAdministrativeExpenses": 108368000,
        "otherExpenses": 0,
        "operatingExpenses": 123715000,
        "costAndExpenses": 466102000,
        "interestIncome": 0,
        "interestExpense": 6482000,
        "depreciationAndAmortization": 23534000,
        "ebitda": 59195000,
        "ebitdaratio": 0.1179980106,
        "operatingIncome": 35559000,
        "operatingIncomeRatio": 0.0708825282,
        "totalOtherIncomeExpensesNet": -6380000,
        "incomeBeforeTax": 29179000,
        "incomeBeforeTaxRatio": 0.0581647766,
        "incomeTaxExpense": 9337000,
        "netIncome": 41312000,
        "netIncomeRatio": 0.0823504319,
        "eps": 0.88,
        "epsdiluted": 0.87,
        "weightedAverageShsOut": 46687000,
        "weightedAverageShsOutDil": 47571000,
        "link": "https://www.sec.gov/Archives/edgar/data/26324/000002632412000004/0000026324-12-000004-index.htm",
        "finalLink": "https://www.sec.gov/Archives/edgar/data/26324/000002632412000004/form10q.htm"
    },
    {
        "date": "2011-12-31",
        "symbol": "CW",
        "reportedCurrency": "USD",
        "cik": "0000026324",
        "fillingDate": "2012-02-24",
        "acceptedDate": "2012-02-24 17:20:00",
        "calendarYear": "2011",
        "period": "Q4",
        "revenue": 561379000,
        "costOfRevenue": 373824000,
        "grossProfit": 187555000,
        "grossProfitRatio": 0.3340969292,
        "researchAndDevelopmentExpenses": 15684000,
        "generalAndAdministrativeExpenses": 81072000,
        "sellingAndMarketingExpenses": 29361000,
        "sellingGeneralAndAdministrativeExpenses": 110433000,
        "otherExpenses": 0,
        "operatingExpenses": 126117000,
        "costAndExpenses": 499941000,
        "interestIncome": 0,
        "interestExpense": 5713000,
        "depreciationAndAmortization": 23104000,
        "ebitda": 85359000,
        "ebitdaratio": 0.1520523568,
        "operatingIncome": 61438000,
        "operatingIncomeRatio": 0.1094412153,
        "totalOtherIncomeExpensesNet": -4896000,
        "incomeBeforeTax": 56542000,
        "incomeBeforeTaxRatio": 0.1007198346,
        "incomeTaxExpense": 16791000,
        "netIncome": 39751000,
        "netIncomeRatio": 0.07080956,
        "eps": 0.85,
        "epsdiluted": 0.85,
        "weightedAverageShsOut": 46504000,
        "weightedAverageShsOutDil": 46687000,
        "link": "https://www.sec.gov/Archives/edgar/data/26324/000093041312001077/0000930413-12-001077-index.htm",
        "finalLink": "https://www.sec.gov/Archives/edgar/data/26324/000093041312001077/c68670_10k.htm"
    },
    {
        "date": "2011-09-30",
        "symbol": "CW",
        "reportedCurrency": "USD",
        "cik": "0000026324",
        "fillingDate": "2011-11-04",
        "acceptedDate": "2011-11-04 11:54:37",
        "calendarYear": "2011",
        "period": "Q3",
        "revenue": 509120000,
        "costOfRevenue": 341788000,
        "grossProfit": 170637000,
        "grossProfitRatio": 0.3351606694,
        "researchAndDevelopmentExpenses": 17705000,
        "generalAndAdministrativeExpenses": 71868000,
        "sellingAndMarketingExpenses": 30918000,
        "sellingGeneralAndAdministrativeExpenses": 102786000,
        "otherExpenses": 0,
        "operatingExpenses": 121225000,
        "costAndExpenses": 463013000,
        "interestIncome": 0,
        "interestExpense": 5033000,
        "depreciationAndAmortization": 22952000,
        "ebitda": 69024000,
        "ebitdaratio": 0.13557511,
        "operatingIncome": 46107000,
        "operatingIncomeRatio": 0.0905621464,
        "totalOtherIncomeExpensesNet": -5068000,
        "incomeBeforeTax": 45078000,
        "incomeBeforeTaxRatio": 0.0885410119,
        "incomeTaxExpense": 10718000,
        "netIncome": 34360000,
        "netIncomeRatio": 0.0674890006,
        "eps": 0.74,
        "epsdiluted": 0.73,
        "weightedAverageShsOut": 46466000,
        "weightedAverageShsOutDil": 46936000,
        "link": "https://www.sec.gov/Archives/edgar/data/26324/000002632411000010/0000026324-11-000010-index.htm",
        "finalLink": "https://www.sec.gov/Archives/edgar/data/26324/000002632411000010/form10q.htm"
    },
    {
        "date": "2011-06-30",
        "symbol": "CW",
        "reportedCurrency": "USD",
        "cik": "0000026324",
        "fillingDate": "2011-08-05",
        "acceptedDate": "2011-08-05 12:33:35",
        "calendarYear": "2011",
        "period": "Q2",
        "revenue": 505672000,
        "costOfRevenue": 340091000,
        "grossProfit": 168957000,
        "grossProfitRatio": 0.3341237007,
        "researchAndDevelopmentExpenses": 15129000,
        "generalAndAdministrativeExpenses": 72203000,
        "sellingAndMarketingExpenses": 29936000,
        "sellingGeneralAndAdministrativeExpenses": 102139000,
        "otherExpenses": 0,
        "operatingExpenses": 116655000,
        "costAndExpenses": 456746000,
        "interestIncome": 0,
        "interestExpense": 4967000,
        "depreciationAndAmortization": 21722000,
        "ebitda": 70673000,
        "ebitdaratio": 0.1397605562,
        "operatingIncome": 48926000,
        "operatingIncomeRatio": 0.0967544179,
        "totalOtherIncomeExpensesNet": -4942000,
        "incomeBeforeTax": 46751000,
        "incomeBeforeTaxRatio": 0.0924532108,
        "incomeTaxExpense": 14955000,
        "netIncome": 31796000,
        "netIncomeRatio": 0.062878704,
        "eps": 0.69,
        "epsdiluted": 0.68,
        "weightedAverageShsOut": 46311000,
        "weightedAverageShsOutDil": 47015000,
        "link": "https://www.sec.gov/Archives/edgar/data/26324/000002632411000007/0000026324-11-000007-index.htm",
        "finalLink": "https://www.sec.gov/Archives/edgar/data/26324/000002632411000007/form10.htm"
    },
    {
        "date": "2011-03-31",
        "symbol": "CW",
        "reportedCurrency": "USD",
        "cik": "0000026324",
        "fillingDate": "2011-05-06",
        "acceptedDate": "2011-05-06 11:32:45",
        "calendarYear": "2011",
        "period": "Q1",
        "revenue": 452931000,
        "costOfRevenue": 307028000,
        "grossProfit": 148969000,
        "grossProfitRatio": 0.328899987,
        "researchAndDevelopmentExpenses": 13597000,
        "generalAndAdministrativeExpenses": 64466000,
        "sellingAndMarketingExpenses": 29223000,
        "sellingGeneralAndAdministrativeExpenses": 93689000,
        "otherExpenses": 0,
        "operatingExpenses": 106712000,
        "costAndExpenses": 413740000,
        "interestIncome": 0,
        "interestExpense": 5121000,
        "depreciationAndAmortization": 20522000,
        "ebitda": 59765000,
        "ebitdaratio": 0.1319516659,
        "operatingIncome": 39191000,
        "operatingIncomeRatio": 0.0865275285,
        "totalOtherIncomeExpensesNet": -5069000,
        "incomeBeforeTax": 36618000,
        "incomeBeforeTaxRatio": 0.0808467515,
        "incomeTaxExpense": 12102000,
        "netIncome": 24516000,
        "netIncomeRatio": 0.0541274499,
        "eps": 0.53,
        "epsdiluted": 0.52,
        "weightedAverageShsOut": 46195000,
        "weightedAverageShsOutDil": 46974000,
        "link": "https://www.sec.gov/Archives/edgar/data/26324/000002632411000004/0000026324-11-000004-index.htm",
        "finalLink": "https://www.sec.gov/Archives/edgar/data/26324/000002632411000004/form10q.htm"
    },
    {
        "date": "2010-12-31",
        "symbol": "CW",
        "reportedCurrency": "USD",
        "cik": "0000026324",
        "fillingDate": "2011-02-25",
        "acceptedDate": "2011-02-24 19:49:10",
        "calendarYear": "2010",
        "period": "Q4",
        "revenue": 523381000,
        "costOfRevenue": 349712000,
        "grossProfit": 173669000,
        "grossProfitRatio": 0.3318213691,
        "researchAndDevelopmentExpenses": 13237000,
        "generalAndAdministrativeExpenses": 75334000,
        "sellingAndMarketingExpenses": 27873000,
        "sellingGeneralAndAdministrativeExpenses": 103207000,
        "otherExpenses": 0,
        "operatingExpenses": 116444000,
        "costAndExpenses": 466156000,
        "interestIncome": 0,
        "interestExpense": 4925000,
        "depreciationAndAmortization": 21073000,
        "ebitda": 78255000,
        "ebitdaratio": 0.1495182286,
        "operatingIncome": 57225000,
        "operatingIncomeRatio": 0.109337175,
        "totalOtherIncomeExpensesNet": -4968000,
        "incomeBeforeTax": 52257000,
        "incomeBeforeTaxRatio": 0.099845046,
        "incomeTaxExpense": 15676000,
        "netIncome": 36581000,
        "netIncomeRatio": 0.0698936339,
        "eps": 0.79,
        "epsdiluted": 0.79,
        "weightedAverageShsOut": 45997000,
        "weightedAverageShsOutDil": 46195000,
        "link": "https://www.sec.gov/Archives/edgar/data/26324/000093041311001217/0000930413-11-001217-index.htm",
        "finalLink": "https://www.sec.gov/Archives/edgar/data/26324/000093041311001217/c64106_10-k.htm"
    },
    {
        "date": "2010-09-30",
        "symbol": "CW",
        "reportedCurrency": "USD",
        "cik": "0000026324",
        "fillingDate": "2010-11-04",
        "acceptedDate": "2010-11-04 17:16:44",
        "calendarYear": "2010",
        "period": "Q3",
        "revenue": 465813000,
        "costOfRevenue": 310096000,
        "grossProfit": 155717000,
        "grossProfitRatio": 0.3342907991,
        "researchAndDevelopmentExpenses": 13218000,
        "generalAndAdministrativeExpenses": 66853000,
        "sellingAndMarketingExpenses": 27560000,
        "sellingGeneralAndAdministrativeExpenses": 94413000,
        "otherExpenses": 0,
        "operatingExpenses": 107631000,
        "costAndExpenses": 417727000,
        "interestIncome": 0,
        "interestExpense": 5815000,
        "depreciationAndAmortization": 19837000,
        "ebitda": 68009000,
        "ebitdaratio": 0.1460006483,
        "operatingIncome": 48086000,
        "operatingIncomeRatio": 0.1032302662,
        "totalOtherIncomeExpensesNet": -5729000,
        "incomeBeforeTax": 42357000,
        "incomeBeforeTaxRatio": 0.0909313394,
        "incomeTaxExpense": 14573000,
        "netIncome": 27784000,
        "netIncomeRatio": 0.0596462529,
        "eps": 0.61,
        "epsdiluted": 0.6,
        "weightedAverageShsOut": 45898000,
        "weightedAverageShsOutDil": 46276000,
        "link": "https://www.sec.gov/Archives/edgar/data/26324/000002632410000013/0000026324-10-000013-index.htm",
        "finalLink": "https://www.sec.gov/Archives/edgar/data/26324/000002632410000013/form10q.htm"
    },
    {
        "date": "2010-06-30",
        "symbol": "CW",
        "reportedCurrency": "USD",
        "cik": "0000026324",
        "fillingDate": "2010-08-09",
        "acceptedDate": "2010-08-09 12:04:07",
        "calendarYear": "2010",
        "period": "Q2",
        "revenue": 462165000,
        "costOfRevenue": 307782000,
        "grossProfit": 154383000,
        "grossProfitRatio": 0.3340430366,
        "researchAndDevelopmentExpenses": 13838000,
        "generalAndAdministrativeExpenses": 68597000,
        "sellingAndMarketingExpenses": 28520000,
        "sellingGeneralAndAdministrativeExpenses": 97117000,
        "otherExpenses": 0,
        "operatingExpenses": 110955000,
        "costAndExpenses": 418737000,
        "interestIncome": 0,
        "interestExpense": 5700000,
        "depreciationAndAmortization": 19526000,
        "ebitda": 63338000,
        "ebitdaratio": 0.137046293,
        "operatingIncome": 43428000,
        "operatingIncomeRatio": 0.0939664406,
        "totalOtherIncomeExpensesNet": -5316000,
        "incomeBeforeTax": 38112000,
        "incomeBeforeTaxRatio": 0.082464055,
        "incomeTaxExpense": 12214000,
        "netIncome": 25898000,
        "netIncomeRatio": 0.0560362641,
        "eps": 0.57,
        "epsdiluted": 0.56,
        "weightedAverageShsOut": 45743000,
        "weightedAverageShsOutDil": 46311000,
        "link": "https://www.sec.gov/Archives/edgar/data/26324/000002632410000010/0000026324-10-000010-index.htm",
        "finalLink": "https://www.sec.gov/Archives/edgar/data/26324/000002632410000010/form10q.htm"
    },
    {
        "date": "2010-03-31",
        "symbol": "CW",
        "reportedCurrency": "USD",
        "cik": "0000026324",
        "fillingDate": "2010-05-06",
        "acceptedDate": "2010-05-06 16:52:39",
        "calendarYear": "2010",
        "period": "Q1",
        "revenue": 441775000,
        "costOfRevenue": 303791000,
        "grossProfit": 137984000,
        "grossProfitRatio": 0.3123399921,
        "researchAndDevelopmentExpenses": 13838000,
        "generalAndAdministrativeExpenses": 65242000,
        "sellingAndMarketingExpenses": 27820000,
        "sellingGeneralAndAdministrativeExpenses": 93062000,
        "otherExpenses": 0,
        "operatingExpenses": 106900000,
        "costAndExpenses": 410691000,
        "interestIncome": 0,
        "interestExpense": 5667000,
        "depreciationAndAmortization": 19510000,
        "ebitda": 50746000,
        "ebitdaratio": 0.1148684285,
        "operatingIncome": 31084000,
        "operatingIncomeRatio": 0.0703616094,
        "totalOtherIncomeExpensesNet": -5515000,
        "incomeBeforeTax": 25569000,
        "incomeBeforeTaxRatio": 0.057877879,
        "incomeTaxExpense": 9234000,
        "netIncome": 16335000,
        "netIncomeRatio": 0.0369758361,
        "eps": 0.36,
        "epsdiluted": 0.35,
        "weightedAverageShsOut": 45642000,
        "weightedAverageShsOutDil": 46158000,
        "link": "https://www.sec.gov/Archives/edgar/data/26324/000002632410000002/0000026324-10-000002-index.htm",
        "finalLink": "https://www.sec.gov/Archives/edgar/data/26324/000002632410000002/form10q.htm"
    },
    {
        "date": "2009-12-31",
        "symbol": "CW",
        "reportedCurrency": "USD",
        "cik": "0000026324",
        "fillingDate": "2010-02-24",
        "acceptedDate": "2010-02-24 17:11:54",
        "calendarYear": "2009",
        "period": "Q4",
        "revenue": 502777000,
        "costOfRevenue": 329903000,
        "grossProfit": 172874000,
        "grossProfitRatio": 0.343838322,
        "researchAndDevelopmentExpenses": 14497000,
        "generalAndAdministrativeExpenses": 72680000,
        "sellingAndMarketingExpenses": 27502000,
        "sellingGeneralAndAdministrativeExpenses": 100182000,
        "otherExpenses": 0,
        "operatingExpenses": 114679000,
        "costAndExpenses": 444582000,
        "interestIncome": 0,
        "interestExpense": 5661000,
        "depreciationAndAmortization": 19204000,
        "ebitda": 77748000,
        "ebitdaratio": 0.1546371453,
        "operatingIncome": 58195000,
        "operatingIncomeRatio": 0.1157471404,
        "totalOtherIncomeExpensesNet": -5312000,
        "incomeBeforeTax": 52883000,
        "incomeBeforeTaxRatio": 0.1051818202,
        "incomeTaxExpense": 18036000,
        "netIncome": 34847000,
        "netIncomeRatio": 0.0693090575,
        "eps": 0.76,
        "epsdiluted": 0.76,
        "weightedAverageShsOut": 45453000,
        "weightedAverageShsOutDil": 45642000,
        "link": "https://www.sec.gov/Archives/edgar/data/26324/000093041310000953/0000930413-10-000953-index.htm",
        "finalLink": "https://www.sec.gov/Archives/edgar/data/26324/000093041310000953/c60382_10k.htm"
    },
    {
        "date": "2009-09-30",
        "symbol": "CW",
        "reportedCurrency": "USD",
        "cik": "0000026324",
        "fillingDate": "2009-11-06",
        "acceptedDate": "2009-11-06 14:05:09",
        "calendarYear": "2009",
        "period": "Q3",
        "revenue": 435750000,
        "costOfRevenue": 293435000,
        "grossProfit": 142315000,
        "grossProfitRatio": 0.3265978199,
        "researchAndDevelopmentExpenses": 13824000,
        "generalAndAdministrativeExpenses": 66866000,
        "sellingAndMarketingExpenses": 25407000,
        "sellingGeneralAndAdministrativeExpenses": 92273000,
        "otherExpenses": 0,
        "operatingExpenses": 106097000,
        "costAndExpenses": 399532000,
        "interestIncome": 0,
        "interestExpense": 5923000,
        "depreciationAndAmortization": 19231000,
        "ebitda": 55758000,
        "ebitdaratio": 0.1279586919,
        "operatingIncome": 36218000,
        "operatingIncomeRatio": 0.0831164659,
        "totalOtherIncomeExpensesNet": -5614000,
        "incomeBeforeTax": 30604000,
        "incomeBeforeTaxRatio": 0.0702329317,
        "incomeTaxExpense": 10489000,
        "netIncome": 20115000,
        "netIncomeRatio": 0.04616179,
        "eps": 0.44,
        "epsdiluted": 0.44,
        "weightedAverageShsOut": 45356000,
        "weightedAverageShsOutDil": 45828000,
        "link": "https://www.sec.gov/Archives/edgar/data/26324/000002632409000007/0000026324-09-000007-index.htm",
        "finalLink": "https://www.sec.gov/Archives/edgar/data/26324/000002632409000007/form10q.htm"
    },
    {
        "date": "2009-06-30",
        "symbol": "CW",
        "reportedCurrency": "USD",
        "cik": "0000026324",
        "fillingDate": "2009-08-07",
        "acceptedDate": "2009-08-07 16:48:02",
        "calendarYear": "2009",
        "period": "Q2",
        "revenue": 447371000,
        "costOfRevenue": 302789000,
        "grossProfit": 144582000,
        "grossProfitRatio": 0.3231814311,
        "researchAndDevelopmentExpenses": 13200000,
        "generalAndAdministrativeExpenses": 60204000,
        "sellingAndMarketingExpenses": 27415000,
        "sellingGeneralAndAdministrativeExpenses": 87619000,
        "otherExpenses": 0,
        "operatingExpenses": 100819000,
        "costAndExpenses": 403608000,
        "interestIncome": 0,
        "interestExpense": 6542000,
        "depreciationAndAmortization": 19012000,
        "ebitda": 62822000,
        "ebitdaratio": 0.1404248376,
        "operatingIncome": 43763000,
        "operatingIncomeRatio": 0.0978226126,
        "totalOtherIncomeExpensesNet": -6495000,
        "incomeBeforeTax": 37268000,
        "incomeBeforeTaxRatio": 0.083304461,
        "incomeTaxExpense": 12814000,
        "netIncome": 24454000,
        "netIncomeRatio": 0.0546615672,
        "eps": 0.54,
        "epsdiluted": 0.54,
        "weightedAverageShsOut": 45127000,
        "weightedAverageShsOutDil": 45537000,
        "link": "https://www.sec.gov/Archives/edgar/data/26324/000002632409000005/0000026324-09-000005-index.htm",
        "finalLink": "https://www.sec.gov/Archives/edgar/data/26324/000002632409000005/form10q.htm"
    },
    {
        "date": "2009-03-31",
        "symbol": "CW",
        "reportedCurrency": "USD",
        "cik": "0000026324",
        "fillingDate": "2009-05-08",
        "acceptedDate": "2009-05-08 13:43:16",
        "calendarYear": "2009",
        "period": "Q1",
        "revenue": 423792000,
        "costOfRevenue": 288032000,
        "grossProfit": 135760000,
        "grossProfitRatio": 0.32034583,
        "researchAndDevelopmentExpenses": 13124000,
        "generalAndAdministrativeExpenses": 65630000,
        "sellingAndMarketingExpenses": 25863000,
        "sellingGeneralAndAdministrativeExpenses": 91493000,
        "otherExpenses": 0,
        "operatingExpenses": 104617000,
        "costAndExpenses": 392649000,
        "interestIncome": 0,
        "interestExpense": 6940000,
        "depreciationAndAmortization": 19033000,
        "ebitda": 50477000,
        "ebitdaratio": 0.1191079586,
        "operatingIncome": 31143000,
        "operatingIncomeRatio": 0.0734865217,
        "totalOtherIncomeExpensesNet": -6639000,
        "incomeBeforeTax": 24504000,
        "incomeBeforeTaxRatio": 0.0578208178,
        "incomeTaxExpense": 8699000,
        "netIncome": 15805000,
        "netIncomeRatio": 0.0372942387,
        "eps": 0.35,
        "epsdiluted": 0.35,
        "weightedAverageShsOut": 44994000,
        "weightedAverageShsOutDil": 45466000,
        "link": "https://www.sec.gov/Archives/edgar/data/26324/000002632409000003/0000026324-09-000003-index.htm",
        "finalLink": "https://www.sec.gov/Archives/edgar/data/26324/000002632409000003/q1_09q.htm"
    },
    {
        "date": "2008-12-31",
        "symbol": "CW",
        "reportedCurrency": "USD",
        "cik": "0000026324",
        "fillingDate": "2009-03-02",
        "acceptedDate": "2009-03-02 17:25:47",
        "calendarYear": "2008",
        "period": "Q4",
        "revenue": 507598000,
        "costOfRevenue": 335013000,
        "grossProfit": 172585000,
        "grossProfitRatio": 0.3400033097,
        "researchAndDevelopmentExpenses": 12807000,
        "generalAndAdministrativeExpenses": 101805000,
        "sellingAndMarketingExpenses": 0,
        "sellingGeneralAndAdministrativeExpenses": 101805000,
        "otherExpenses": 0,
        "operatingExpenses": 114612000,
        "costAndExpenses": 449625000,
        "interestIncome": 0,
        "interestExpense": 7675000,
        "depreciationAndAmortization": 18180000,
        "ebitda": 76153000,
        "ebitdaratio": 0.1500262018,
        "operatingIncome": 57973000,
        "operatingIncomeRatio": 0.1142104579,
        "totalOtherIncomeExpensesNet": -7159000,
        "incomeBeforeTax": 50814000,
        "incomeBeforeTaxRatio": 0.1001067774,
        "incomeTaxExpense": 17803000,
        "netIncome": 33011000,
        "netIncomeRatio": 0.0650337472,
        "eps": 0.73,
        "epsdiluted": 0.73,
        "weightedAverageShsOut": 44848000,
        "weightedAverageShsOutDil": 44994000,
        "link": "https://www.sec.gov/Archives/edgar/data/26324/000093041309001137/0000930413-09-001137-index.htm",
        "finalLink": "https://www.sec.gov/Archives/edgar/data/26324/000093041309001137/c56774_10-k.htm"
    },
    {
        "date": "2008-09-30",
        "symbol": "CW",
        "reportedCurrency": "USD",
        "cik": "0000026324",
        "fillingDate": "2008-11-07",
        "acceptedDate": "2008-11-07 11:53:15",
        "calendarYear": "2008",
        "period": "Q3",
        "revenue": 435699000,
        "costOfRevenue": 287908000,
        "grossProfit": 147791000,
        "grossProfitRatio": 0.339204359,
        "researchAndDevelopmentExpenses": 10955000,
        "generalAndAdministrativeExpenses": 88646000,
        "sellingAndMarketingExpenses": 0,
        "sellingGeneralAndAdministrativeExpenses": 88646000,
        "otherExpenses": 0,
        "operatingExpenses": 99601000,
        "costAndExpenses": 387509000,
        "interestIncome": 0,
        "interestExpense": 6611000,
        "depreciationAndAmortization": 18561000,
        "ebitda": 66751000,
        "ebitdaratio": 0.1532043911,
        "operatingIncome": 48190000,
        "operatingIncomeRatio": 0.1106038802,
        "totalOtherIncomeExpensesNet": -6240000,
        "incomeBeforeTax": 41950000,
        "incomeBeforeTaxRatio": 0.0962820663,
        "incomeTaxExpense": 14427000,
        "netIncome": 27523000,
        "netIncomeRatio": 0.0631697571,
        "eps": 0.61,
        "epsdiluted": 0.6,
        "weightedAverageShsOut": 44779000,
        "weightedAverageShsOutDil": 45505000,
        "link": "https://www.sec.gov/Archives/edgar/data/26324/000002632408000008/0000026324-08-000008-index.htm",
        "finalLink": "https://www.sec.gov/Archives/edgar/data/26324/000002632408000008/form10q3q2008.htm"
    },
    {
        "date": "2008-06-30",
        "symbol": "CW",
        "reportedCurrency": "USD",
        "cik": "0000026324",
        "fillingDate": "2008-08-08",
        "acceptedDate": "2008-08-08 11:18:38",
        "calendarYear": "2008",
        "period": "Q2",
        "revenue": 453464000,
        "costOfRevenue": 296230000,
        "grossProfit": 157234000,
        "grossProfitRatio": 0.3467397632,
        "researchAndDevelopmentExpenses": 13017000,
        "generalAndAdministrativeExpenses": 94545000,
        "sellingAndMarketingExpenses": 0,
        "sellingGeneralAndAdministrativeExpenses": 94545000,
        "otherExpenses": 0,
        "operatingExpenses": 107562000,
        "costAndExpenses": 403792000,
        "interestIncome": 0,
        "interestExpense": 7176000,
        "depreciationAndAmortization": 18763000,
        "ebitda": 68435000,
        "ebitdaratio": 0.1509160595,
        "operatingIncome": 49672000,
        "operatingIncomeRatio": 0.1095390152,
        "totalOtherIncomeExpensesNet": -6952000,
        "incomeBeforeTax": 42720000,
        "incomeBeforeTaxRatio": 0.09420814,
        "incomeTaxExpense": 15643000,
        "netIncome": 27077000,
        "netIncomeRatio": 0.0597114655,
        "eps": 0.61,
        "epsdiluted": 0.6,
        "weightedAverageShsOut": 44631000,
        "weightedAverageShsOutDil": 45355000,
        "link": "https://www.sec.gov/Archives/edgar/data/26324/000002632408000006/0000026324-08-000006-index.htm",
        "finalLink": "https://www.sec.gov/Archives/edgar/data/26324/000002632408000006/form10q2q08.htm"
    },
    {
        "date": "2008-03-31",
        "symbol": "CW",
        "reportedCurrency": "USD",
        "cik": "0000026324",
        "fillingDate": "2008-05-08",
        "acceptedDate": "2008-05-08 14:24:30",
        "calendarYear": "2008",
        "period": "Q1",
        "revenue": 433379000,
        "costOfRevenue": 294910000,
        "grossProfit": 138469000,
        "grossProfitRatio": 0.3195101747,
        "researchAndDevelopmentExpenses": 12836000,
        "generalAndAdministrativeExpenses": 84906000,
        "sellingAndMarketingExpenses": 0,
        "sellingGeneralAndAdministrativeExpenses": 84906000,
        "otherExpenses": 0,
        "operatingExpenses": 97742000,
        "costAndExpenses": 392652000,
        "interestIncome": 0,
        "interestExpense": 7583000,
        "depreciationAndAmortization": 18747000,
        "ebitda": 59474000,
        "ebitdaratio": 0.13723323,
        "operatingIncome": 40727000,
        "operatingIncomeRatio": 0.093975481,
        "totalOtherIncomeExpensesNet": -7109000,
        "incomeBeforeTax": 33618000,
        "incomeBeforeTaxRatio": 0.0775718251,
        "incomeTaxExpense": 11839000,
        "netIncome": 21779000,
        "netIncomeRatio": 0.0502539348,
        "eps": 0.49,
        "epsdiluted": 0.48,
        "weightedAverageShsOut": 44584000,
        "weightedAverageShsOutDil": 45226000,
        "link": "https://www.sec.gov/Archives/edgar/data/26324/000002632408000004/0000026324-08-000004-index.htm",
        "finalLink": "https://www.sec.gov/Archives/edgar/data/26324/000002632408000004/form10q1q08.htm"
    },
    {
        "date": "2007-12-31",
        "symbol": "CW",
        "reportedCurrency": "USD",
        "cik": "0000026324",
        "fillingDate": "2008-02-27",
        "acceptedDate": "2008-02-27 16:57:37",
        "calendarYear": "2007",
        "period": "Q4",
        "revenue": 497671000,
        "costOfRevenue": 333277000,
        "grossProfit": 164394000,
        "grossProfitRatio": 0.3303266616,
        "researchAndDevelopmentExpenses": 12448000,
        "generalAndAdministrativeExpenses": 90801000,
        "sellingAndMarketingExpenses": 0,
        "sellingGeneralAndAdministrativeExpenses": 90801000,
        "otherExpenses": 0,
        "operatingExpenses": 103249000,
        "costAndExpenses": 436526000,
        "interestIncome": 0,
        "interestExpense": 8466000,
        "depreciationAndAmortization": 18662000,
        "ebitda": 79807000,
        "ebitdaratio": 0.1603609614,
        "operatingIncome": 61145000,
        "operatingIncomeRatio": 0.1228622926,
        "totalOtherIncomeExpensesNet": -7678000,
        "incomeBeforeTax": 53467000,
        "incomeBeforeTaxRatio": 0.1074344296,
        "incomeTaxExpense": 15208000,
        "netIncome": 38259000,
        "netIncomeRatio": 0.0768760888,
        "eps": 0.86,
        "epsdiluted": 0.86,
        "weightedAverageShsOut": 44584000,
        "weightedAverageShsOutDil": 44584000,
        "link": "https://www.sec.gov/Archives/edgar/data/26324/000093041308001248/0000930413-08-001248-index.htm",
        "finalLink": "https://www.sec.gov/Archives/edgar/data/26324/000093041308001248/c52417_10k.htm"
    },
    {
        "date": "2007-09-30",
        "symbol": "CW",
        "reportedCurrency": "USD",
        "cik": "0000026324",
        "fillingDate": "2007-11-09",
        "acceptedDate": "2007-11-09 12:58:47",
        "calendarYear": "2007",
        "period": "Q3",
        "revenue": 396268000,
        "costOfRevenue": 266448000,
        "grossProfit": 129820000,
        "grossProfitRatio": 0.3276065693,
        "researchAndDevelopmentExpenses": 12655000,
        "generalAndAdministrativeExpenses": 72677000,
        "sellingAndMarketingExpenses": 0,
        "sellingGeneralAndAdministrativeExpenses": 72677000,
        "otherExpenses": 0,
        "operatingExpenses": 85332000,
        "costAndExpenses": 351780000,
        "interestIncome": 0,
        "interestExpense": 7712000,
        "depreciationAndAmortization": 16125000,
        "ebitda": 60613000,
        "ebitdaratio": 0.1529596132,
        "operatingIncome": 44488000,
        "operatingIncomeRatio": 0.1122674554,
        "totalOtherIncomeExpensesNet": -7481000,
        "incomeBeforeTax": 37007000,
        "incomeBeforeTaxRatio": 0.0933888177,
        "incomeTaxExpense": 11832000,
        "netIncome": 25175000,
        "netIncomeRatio": 0.0635302371,
        "eps": 0.57,
        "epsdiluted": 0.56,
        "weightedAverageShsOut": 44413000,
        "weightedAverageShsOutDil": 45102000,
        "link": "https://www.sec.gov/Archives/edgar/data/26324/000002632407000015/0000026324-07-000015-index.htm",
        "finalLink": "https://www.sec.gov/Archives/edgar/data/26324/000002632407000015/form10q3q07v2.htm"
    },
    {
        "date": "2007-06-30",
        "symbol": "CW",
        "reportedCurrency": "USD",
        "cik": "0000026324",
        "fillingDate": "2007-08-09",
        "acceptedDate": "2007-08-09 16:27:53",
        "calendarYear": "2007",
        "period": "Q2",
        "revenue": 365576000,
        "costOfRevenue": 247553000,
        "grossProfit": 118023000,
        "grossProfitRatio": 0.322841215,
        "researchAndDevelopmentExpenses": 11487000,
        "generalAndAdministrativeExpenses": 68127000,
        "sellingAndMarketingExpenses": 0,
        "sellingGeneralAndAdministrativeExpenses": 68127000,
        "otherExpenses": 0,
        "operatingExpenses": 79614000,
        "costAndExpenses": 327167000,
        "interestIncome": 0,
        "interestExpense": 5704000,
        "depreciationAndAmortization": 14449000,
        "ebitda": 52858000,
        "ebitdaratio": 0.1445882662,
        "operatingIncome": 38409000,
        "operatingIncomeRatio": 0.1050643368,
        "totalOtherIncomeExpensesNet": -5238000,
        "incomeBeforeTax": 33171000,
        "incomeBeforeTaxRatio": 0.0907362628,
        "incomeTaxExpense": 11781000,
        "netIncome": 21390000,
        "netIncomeRatio": 0.0585104055,
        "eps": 0.48,
        "epsdiluted": 0.48,
        "weightedAverageShsOut": 44256000,
        "weightedAverageShsOutDil": 44915000,
        "link": "https://www.sec.gov/Archives/edgar/data/26324/000002632407000012/0000026324-07-000012-index.htm",
        "finalLink": "https://www.sec.gov/Archives/edgar/data/26324/000002632407000012/form10q2q07.htm"
    },
    {
        "date": "2007-03-31",
        "symbol": "CW",
        "reportedCurrency": "USD",
        "cik": "0000026324",
        "fillingDate": "2007-05-10",
        "acceptedDate": "2007-05-09 18:52:18",
        "calendarYear": "2007",
        "period": "Q1",
        "revenue": 332609000,
        "costOfRevenue": 221222000,
        "grossProfit": 111387000,
        "grossProfitRatio": 0.3348887132,
        "researchAndDevelopmentExpenses": 11339000,
        "generalAndAdministrativeExpenses": 64906000,
        "sellingAndMarketingExpenses": 0,
        "sellingGeneralAndAdministrativeExpenses": 64906000,
        "otherExpenses": 0,
        "operatingExpenses": 76245000,
        "costAndExpenses": 297467000,
        "interestIncome": 0,
        "interestExpense": 0,
        "depreciationAndAmortization": 13463000,
        "ebitda": 48605000,
        "ebitdaratio": 0.146132546,
        "operatingIncome": 35142000,
        "operatingIncomeRatio": 0.1056555896,
        "totalOtherIncomeExpensesNet": -4616000,
        "incomeBeforeTax": 30526000,
        "incomeBeforeTaxRatio": 0.0917774324,
        "incomeTaxExpense": 11023000,
        "netIncome": 19503000,
        "netIncomeRatio": 0.0586364169,
        "eps": 0.44,
        "epsdiluted": 0.44,
        "weightedAverageShsOut": 44150000,
        "weightedAverageShsOutDil": 44720000,
        "link": "https://www.sec.gov/Archives/edgar/data/26324/000002632407000008/0000026324-07-000008-index.htm",
        "finalLink": "https://www.sec.gov/Archives/edgar/data/26324/000002632407000008/form10q.htm"
    },
    {
        "date": "2006-12-31",
        "symbol": "CW",
        "reportedCurrency": "USD",
        "cik": "0000026324",
        "fillingDate": "2007-02-27",
        "acceptedDate": "2007-02-27 16:14:05",
        "calendarYear": "2006",
        "period": "Q4",
        "revenue": 378167000,
        "costOfRevenue": 250720000,
        "grossProfit": 127447000,
        "grossProfitRatio": 0.3370124839,
        "researchAndDevelopmentExpenses": 10310000,
        "generalAndAdministrativeExpenses": 71038000,
        "sellingAndMarketingExpenses": 0,
        "sellingGeneralAndAdministrativeExpenses": 71038000,
        "otherExpenses": 418000,
        "operatingExpenses": 81766000,
        "costAndExpenses": 332486000,
        "interestIncome": 0,
        "interestExpense": 5791000,
        "depreciationAndAmortization": 12709000,
        "ebitda": 58390000,
        "ebitdaratio": 0.1544026845,
        "operatingIncome": 45681000,
        "operatingIncomeRatio": 0.1207958389,
        "totalOtherIncomeExpensesNet": -6198000,
        "incomeBeforeTax": 39483000,
        "incomeBeforeTaxRatio": 0.1044062544,
        "incomeTaxExpense": 12640000,
        "netIncome": 26843000,
        "netIncomeRatio": 0.0709818678,
        "eps": 0.61,
        "epsdiluted": 0.61,
        "weightedAverageShsOut": 43813000,
        "weightedAverageShsOutDil": 44150000,
        "link": "https://www.sec.gov/Archives/edgar/data/26324/000093041307001676/0000930413-07-001676-index.htm",
        "finalLink": "https://www.sec.gov/Archives/edgar/data/26324/000093041307001676/c46896_10-k.htm"
    },
    {
        "date": "2006-09-30",
        "symbol": "CW",
        "reportedCurrency": "USD",
        "cik": "0000026324",
        "fillingDate": "2006-11-09",
        "acceptedDate": "2006-11-09 11:23:32",
        "calendarYear": "2006",
        "period": "Q3",
        "revenue": 311801000,
        "costOfRevenue": 205783000,
        "grossProfit": 106018000,
        "grossProfitRatio": 0.3400181526,
        "researchAndDevelopmentExpenses": 7227000,
        "generalAndAdministrativeExpenses": 61591000,
        "sellingAndMarketingExpenses": 0,
        "sellingGeneralAndAdministrativeExpenses": 61591000,
        "otherExpenses": -51000,
        "operatingExpenses": 68767000,
        "costAndExpenses": 274550000,
        "interestIncome": 0,
        "interestExpense": 5721000,
        "depreciationAndAmortization": 13136000,
        "ebitda": 50387000,
        "ebitdaratio": 0.1615998666,
        "operatingIncome": 37251000,
        "operatingIncomeRatio": 0.1194704315,
        "totalOtherIncomeExpensesNet": -5739000,
        "incomeBeforeTax": 31512000,
        "incomeBeforeTaxRatio": 0.101064461,
        "incomeTaxExpense": 11156000,
        "netIncome": 20356000,
        "netIncomeRatio": 0.06528523,
        "eps": 0.46,
        "epsdiluted": 0.46,
        "weightedAverageShsOut": 43903000,
        "weightedAverageShsOutDil": 44338000,
        "link": "https://www.sec.gov/Archives/edgar/data/26324/000095011706004606/0000950117-06-004606-index.htm",
        "finalLink": "https://www.sec.gov/Archives/edgar/data/26324/000095011706004606/a45107.htm"
    },
    {
        "date": "2006-06-30",
        "symbol": "CW",
        "reportedCurrency": "USD",
        "cik": "0000026324",
        "fillingDate": "2006-08-09",
        "acceptedDate": "2006-08-09 14:50:23",
        "calendarYear": "2006",
        "period": "Q2",
        "revenue": 309635000,
        "costOfRevenue": 204082000,
        "grossProfit": 105553000,
        "grossProfitRatio": 0.3408949247,
        "researchAndDevelopmentExpenses": 11333000,
        "generalAndAdministrativeExpenses": 61049000,
        "sellingAndMarketingExpenses": 0,
        "sellingGeneralAndAdministrativeExpenses": 61049000,
        "otherExpenses": 94000,
        "operatingExpenses": 72476000,
        "costAndExpenses": 276558000,
        "interestIncome": 0,
        "interestExpense": 5948000,
        "depreciationAndAmortization": 12812000,
        "ebitda": 45889000,
        "ebitdaratio": 0.14820353,
        "operatingIncome": 33077000,
        "operatingIncomeRatio": 0.1068257787,
        "totalOtherIncomeExpensesNet": -5939000,
        "incomeBeforeTax": 27138000,
        "incomeBeforeTaxRatio": 0.0876451306,
        "incomeTaxExpense": 6046000,
        "netIncome": 21092000,
        "netIncomeRatio": 0.0681189142,
        "eps": 0.48,
        "epsdiluted": 0.48,
        "weightedAverageShsOut": 43807000,
        "weightedAverageShsOutDil": 44295000,
        "link": "https://www.sec.gov/Archives/edgar/data/26324/000095011706003423/0000950117-06-003423-index.htm",
        "finalLink": "https://www.sec.gov/Archives/edgar/data/26324/000095011706003423/a42479.htm"
    },
    {
        "date": "2006-03-31",
        "symbol": "CW",
        "reportedCurrency": "USD",
        "cik": "0000026324",
        "fillingDate": "2006-05-10",
        "acceptedDate": "2006-05-10 14:13:23",
        "calendarYear": "2006",
        "period": "Q1",
        "revenue": 282552000,
        "costOfRevenue": 190491000,
        "grossProfit": 92061000,
        "grossProfitRatio": 0.3258196721,
        "researchAndDevelopmentExpenses": 9971000,
        "generalAndAdministrativeExpenses": 57446000,
        "sellingAndMarketingExpenses": 0,
        "sellingGeneralAndAdministrativeExpenses": 57446000,
        "otherExpenses": 25000,
        "operatingExpenses": 67442000,
        "costAndExpenses": 257933000,
        "interestIncome": 0,
        "interestExpense": 5434000,
        "depreciationAndAmortization": 12134000,
        "ebitda": 36753000,
        "ebitdaratio": 0.130075172,
        "operatingIncome": 24619000,
        "operatingIncomeRatio": 0.0871308644,
        "totalOtherIncomeExpensesNet": -5130000,
        "incomeBeforeTax": 19489000,
        "incomeBeforeTaxRatio": 0.0689749144,
        "incomeTaxExpense": 7211000,
        "netIncome": 12278000,
        "netIncomeRatio": 0.0434539483,
        "eps": 0.28,
        "epsdiluted": 0.28,
        "weightedAverageShsOut": 43636000,
        "weightedAverageShsOutDil": 44134000,
        "link": "https://www.sec.gov/Archives/edgar/data/26324/000095011706002163/0000950117-06-002163-index.htm",
        "finalLink": "https://www.sec.gov/Archives/edgar/data/26324/000095011706002163/a41970.htm"
    },
    {
        "date": "2005-12-31",
        "symbol": "CW",
        "reportedCurrency": "USD",
        "cik": "0000026324",
        "fillingDate": "2006-03-07",
        "acceptedDate": "2006-03-07 17:11:56",
        "calendarYear": "2005",
        "period": "Q4",
        "revenue": 317893000,
        "costOfRevenue": 206964000,
        "grossProfit": 110929000,
        "grossProfitRatio": 0.3489507476,
        "researchAndDevelopmentExpenses": 9369000,
        "generalAndAdministrativeExpenses": 55677000,
        "sellingAndMarketingExpenses": 0,
        "sellingGeneralAndAdministrativeExpenses": 55677000,
        "otherExpenses": 1007000,
        "operatingExpenses": 66053000,
        "costAndExpenses": 273017000,
        "interestIncome": 0,
        "interestExpense": 5990000,
        "depreciationAndAmortization": 11993000,
        "ebitda": 56869000,
        "ebitdaratio": 0.1788935271,
        "operatingIncome": 44876000,
        "operatingIncomeRatio": 0.1411669964,
        "totalOtherIncomeExpensesNet": -5270000,
        "incomeBeforeTax": 39606000,
        "incomeBeforeTaxRatio": 0.1245890913,
        "incomeTaxExpense": 14302000,
        "netIncome": 25304000,
        "netIncomeRatio": 0.0795991104,
        "eps": 0.58,
        "epsdiluted": 0.58,
        "weightedAverageShsOut": 43439471,
        "weightedAverageShsOutDil": 43636000,
        "link": "https://www.sec.gov/Archives/edgar/data/26324/000095011706001076/0000950117-06-001076-index.htm",
        "finalLink": "https://www.sec.gov/Archives/edgar/data/26324/000095011706001076/a41425.htm"
    },
    {
        "date": "2005-09-30",
        "symbol": "CW",
        "reportedCurrency": "USD",
        "cik": "0000026324",
        "fillingDate": "2005-11-09",
        "acceptedDate": "2005-11-09 15:19:27",
        "calendarYear": "2005",
        "period": "Q3",
        "revenue": 271355000,
        "costOfRevenue": 177840000,
        "grossProfit": 93515000,
        "grossProfitRatio": 0.3446223582,
        "researchAndDevelopmentExpenses": 8504000,
        "generalAndAdministrativeExpenses": 52472000,
        "sellingAndMarketingExpenses": 0,
        "sellingGeneralAndAdministrativeExpenses": 52472000,
        "otherExpenses": 98000,
        "operatingExpenses": 61074000,
        "costAndExpenses": 238914000,
        "interestIncome": 0,
        "interestExpense": 0,
        "depreciationAndAmortization": 12081000,
        "ebitda": 44522000,
        "ebitdaratio": 0.1640728934,
        "operatingIncome": 32441000,
        "operatingIncomeRatio": 0.1195518785,
        "totalOtherIncomeExpensesNet": -4633000,
        "incomeBeforeTax": 27808000,
        "incomeBeforeTaxRatio": 0.1024783033,
        "incomeTaxExpense": 10289000,
        "netIncome": 17519000,
        "netIncomeRatio": 0.0645611837,
        "eps": 0.4,
        "epsdiluted": 0.4,
        "weightedAverageShsOut": 43376000,
        "weightedAverageShsOutDil": 43946000,
        "link": "https://www.sec.gov/Archives/edgar/data/26324/000095011705004236/0000950117-05-004236-index.htm",
        "finalLink": "https://www.sec.gov/Archives/edgar/data/26324/000095011705004236/a40747.htm"
    },
    {
        "date": "2005-06-30",
        "symbol": "CW",
        "reportedCurrency": "USD",
        "cik": "0000026324",
        "fillingDate": "2005-08-09",
        "acceptedDate": "2005-08-09 15:42:56",
        "calendarYear": "2005",
        "period": "Q2",
        "revenue": 283193000,
        "costOfRevenue": 182894000,
        "grossProfit": 100299000,
        "grossProfitRatio": 0.3541718898,
        "researchAndDevelopmentExpenses": 11580000,
        "generalAndAdministrativeExpenses": 55545000,
        "sellingAndMarketingExpenses": 0,
        "sellingGeneralAndAdministrativeExpenses": 55545000,
        "otherExpenses": -12000,
        "operatingExpenses": 67113000,
        "costAndExpenses": 250007000,
        "interestIncome": 0,
        "interestExpense": 4778000,
        "depreciationAndAmortization": 12296000,
        "ebitda": 45482000,
        "ebitdaratio": 0.1606042522,
        "operatingIncome": 33186000,
        "operatingIncomeRatio": 0.1171850999,
        "totalOtherIncomeExpensesNet": -5354000,
        "incomeBeforeTax": 27832000,
        "incomeBeforeTaxRatio": 0.0982792654,
        "incomeTaxExpense": 9898000,
        "netIncome": 17934000,
        "netIncomeRatio": 0.0633278365,
        "eps": 0.41,
        "epsdiluted": 0.41,
        "weightedAverageShsOut": 43216000,
        "weightedAverageShsOutDil": 43776000,
        "link": "https://www.sec.gov/Archives/edgar/data/26324/000095011705003188/0000950117-05-003188-index.htm",
        "finalLink": "https://www.sec.gov/Archives/edgar/data/26324/000095011705003188/a40288.htm"
    },
    {
        "date": "2005-03-31",
        "symbol": "CW",
        "reportedCurrency": "USD",
        "cik": "0000026324",
        "fillingDate": "2005-05-10",
        "acceptedDate": "2005-05-10 15:21:46",
        "calendarYear": "2005",
        "period": "Q1",
        "revenue": 258487000,
        "costOfRevenue": 172718000,
        "grossProfit": 85769000,
        "grossProfitRatio": 0.3318116578,
        "researchAndDevelopmentExpenses": 10228000,
        "generalAndAdministrativeExpenses": 50975000,
        "sellingAndMarketingExpenses": 0,
        "sellingGeneralAndAdministrativeExpenses": 50975000,
        "otherExpenses": -2913000,
        "operatingExpenses": 58290000,
        "costAndExpenses": 231008000,
        "interestIncome": 0,
        "interestExpense": 4303000,
        "depreciationAndAmortization": 11481000,
        "ebitda": 38960000,
        "ebitdaratio": 0.1507232472,
        "operatingIncome": 27479000,
        "operatingIncomeRatio": 0.106307087,
        "totalOtherIncomeExpensesNet": -4427000,
        "incomeBeforeTax": 23052000,
        "incomeBeforeTaxRatio": 0.0891805004,
        "incomeTaxExpense": 8529000,
        "netIncome": 14523000,
        "netIncomeRatio": 0.0561846437,
        "eps": 0.34,
        "epsdiluted": 0.34,
        "weightedAverageShsOut": 43022000,
        "weightedAverageShsOutDil": 43628000,
        "link": "https://www.sec.gov/Archives/edgar/data/26324/000095011705001857/0000950117-05-001857-index.htm",
        "finalLink": "https://www.sec.gov/Archives/edgar/data/26324/000095011705001857/a39772.htm"
    },
    {
        "date": "2004-12-31",
        "symbol": "CW",
        "reportedCurrency": "USD",
        "cik": "0000026324",
        "fillingDate": "2005-03-16",
        "acceptedDate": "2005-03-16 16:18:47",
        "calendarYear": "2004",
        "period": "Q4",
        "revenue": 281104000,
        "costOfRevenue": 180067000,
        "grossProfit": 101037000,
        "grossProfitRatio": 0.3594292504,
        "researchAndDevelopmentExpenses": 9416000,
        "generalAndAdministrativeExpenses": 56760000,
        "sellingAndMarketingExpenses": 0,
        "sellingGeneralAndAdministrativeExpenses": 56760000,
        "otherExpenses": 500000,
        "operatingExpenses": 66676000,
        "costAndExpenses": 246743000,
        "interestIncome": 0,
        "interestExpense": 3613000,
        "depreciationAndAmortization": 9021000,
        "ebitda": 43382000,
        "ebitdaratio": 0.1543272241,
        "operatingIncome": 34361000,
        "operatingIncomeRatio": 0.1222358985,
        "totalOtherIncomeExpensesNet": -3537000,
        "incomeBeforeTax": 30824000,
        "incomeBeforeTaxRatio": 0.1096533667,
        "incomeTaxExpense": 10411000,
        "netIncome": 20413000,
        "netIncomeRatio": 0.072617252,
        "eps": 0.47,
        "epsdiluted": 0.47,
        "weightedAverageShsOut": 42821094,
        "weightedAverageShsOutDil": 43022000,
        "link": "https://www.sec.gov/Archives/edgar/data/26324/000095011705000989/0000950117-05-000989-index.htm",
        "finalLink": "https://www.sec.gov/Archives/edgar/data/26324/000095011705000989/a39401.htm"
    },
    {
        "date": "2004-09-30",
        "symbol": "CW",
        "reportedCurrency": "USD",
        "cik": "0000026324",
        "fillingDate": "2004-11-09",
        "acceptedDate": "2004-11-09 16:08:53",
        "calendarYear": "2004",
        "period": "Q3",
        "revenue": 236574000,
        "costOfRevenue": 154725000,
        "grossProfit": 81849000,
        "grossProfitRatio": 0.3459763119,
        "researchAndDevelopmentExpenses": 8443000,
        "generalAndAdministrativeExpenses": 47941000,
        "sellingAndMarketingExpenses": 0,
        "sellingGeneralAndAdministrativeExpenses": 47941000,
        "otherExpenses": 0,
        "operatingExpenses": 56384000,
        "costAndExpenses": 211109000,
        "interestIncome": 0,
        "interestExpense": 0,
        "depreciationAndAmortization": 11298000,
        "ebitda": 36763000,
        "ebitdaratio": 0.1553974655,
        "operatingIncome": 25465000,
        "operatingIncomeRatio": 0.1076407382,
        "totalOtherIncomeExpensesNet": -2950000,
        "incomeBeforeTax": 22515000,
        "incomeBeforeTaxRatio": 0.095171067,
        "incomeTaxExpense": 7795000,
        "netIncome": 14720000,
        "netIncomeRatio": 0.0622215459,
        "eps": 0.35,
        "epsdiluted": 0.34,
        "weightedAverageShsOut": 42718000,
        "weightedAverageShsOutDil": 43430000,
        "link": "https://www.sec.gov/Archives/edgar/data/26324/000095011704003861/0000950117-04-003861-index.htm",
        "finalLink": "https://www.sec.gov/Archives/edgar/data/26324/000095011704003861/a38707.htm"
    },
    {
        "date": "2004-06-30",
        "symbol": "CW",
        "reportedCurrency": "USD",
        "cik": "0000026324",
        "fillingDate": "2004-08-06",
        "acceptedDate": "2004-08-06 17:10:20",
        "calendarYear": "2004",
        "period": "Q2",
        "revenue": 222428000,
        "costOfRevenue": 146406000,
        "grossProfit": 76022000,
        "grossProfitRatio": 0.3417825094,
        "researchAndDevelopmentExpenses": 7754000,
        "generalAndAdministrativeExpenses": 42583000,
        "sellingAndMarketingExpenses": 0,
        "sellingGeneralAndAdministrativeExpenses": 42583000,
        "otherExpenses": 42000,
        "operatingExpenses": 50379000,
        "costAndExpenses": 196785000,
        "interestIncome": 0,
        "interestExpense": 3018000,
        "depreciationAndAmortization": 10916000,
        "ebitda": 36559000,
        "ebitdaratio": 0.1643632996,
        "operatingIncome": 25643000,
        "operatingIncomeRatio": 0.1152867445,
        "totalOtherIncomeExpensesNet": -2725000,
        "incomeBeforeTax": 22918000,
        "incomeBeforeTaxRatio": 0.103035589,
        "incomeTaxExpense": 8594000,
        "netIncome": 14324000,
        "netIncomeRatio": 0.0643983671,
        "eps": 0.34,
        "epsdiluted": 0.34,
        "weightedAverageShsOut": 42272000,
        "weightedAverageShsOutDil": 42920000,
        "link": "https://www.sec.gov/Archives/edgar/data/26324/000110465904023049/0001104659-04-023049-index.htm",
        "finalLink": "https://www.sec.gov/Archives/edgar/data/26324/000110465904023049/a04-8944_110q.htm"
    },
    {
        "date": "2004-03-31",
        "symbol": "CW",
        "reportedCurrency": "USD",
        "cik": "0000026324",
        "fillingDate": "2004-05-10",
        "acceptedDate": "2004-05-10 16:50:28",
        "calendarYear": "2004",
        "period": "Q1",
        "revenue": 214933000,
        "costOfRevenue": 143338000,
        "grossProfit": 71595000,
        "grossProfitRatio": 0.3331038044,
        "researchAndDevelopmentExpenses": 8212000,
        "generalAndAdministrativeExpenses": 38133000,
        "sellingAndMarketingExpenses": 0,
        "sellingGeneralAndAdministrativeExpenses": 38133000,
        "otherExpenses": 87000,
        "operatingExpenses": 46432000,
        "costAndExpenses": 189770000,
        "interestIncome": 0,
        "interestExpense": 2265000,
        "depreciationAndAmortization": 9507000,
        "ebitda": 34670000,
        "ebitdaratio": 0.1613060814,
        "operatingIncome": 25163000,
        "operatingIncomeRatio": 0.1170736927,
        "totalOtherIncomeExpensesNet": -2667000,
        "incomeBeforeTax": 22496000,
        "incomeBeforeTaxRatio": 0.1046651747,
        "incomeTaxExpense": 6887000,
        "netIncome": 15609000,
        "netIncomeRatio": 0.0726226312,
        "eps": 0.38,
        "epsdiluted": 0.37,
        "weightedAverageShsOut": 41762000,
        "weightedAverageShsOutDil": 42412000,
        "link": "https://www.sec.gov/Archives/edgar/data/26324/000095011704001811/0000950117-04-001811-index.htm",
        "finalLink": "https://www.sec.gov/Archives/edgar/data/26324/000095011704001811/a37662.txt"
    },
    {
        "date": "2003-12-31",
        "symbol": "CW",
        "reportedCurrency": "USD",
        "cik": "0000026324",
        "fillingDate": "2004-03-10",
        "acceptedDate": "2004-03-10 17:28:28",
        "calendarYear": "2003",
        "period": "Q4",
        "revenue": 193663000,
        "costOfRevenue": 125476000,
        "grossProfit": 68187000,
        "grossProfitRatio": 0.3520910034,
        "researchAndDevelopmentExpenses": 5617000,
        "generalAndAdministrativeExpenses": 36501000,
        "sellingAndMarketingExpenses": 0,
        "sellingGeneralAndAdministrativeExpenses": 36501000,
        "otherExpenses": -1611000,
        "operatingExpenses": 40507000,
        "costAndExpenses": 165983000,
        "interestIncome": 0,
        "interestExpense": 2757000,
        "depreciationAndAmortization": 8364000,
        "ebitda": 36044000,
        "ebitdaratio": 0.186117121,
        "operatingIncome": 27680000,
        "operatingIncomeRatio": 0.1429286957,
        "totalOtherIncomeExpensesNet": -4130000,
        "incomeBeforeTax": 23550000,
        "incomeBeforeTaxRatio": 0.1216029908,
        "incomeTaxExpense": 8796000,
        "netIncome": 14754000,
        "netIncomeRatio": 0.0761838864,
        "eps": 0.35,
        "epsdiluted": 0.35,
        "weightedAverageShsOut": 41626308,
        "weightedAverageShsOutDil": 41762000,
        "link": "https://www.sec.gov/Archives/edgar/data/26324/000095011704000943/0000950117-04-000943-index.htm",
        "finalLink": "https://www.sec.gov/Archives/edgar/data/26324/000095011704000943/a37214.txt"
    },
    {
        "date": "2003-09-30",
        "symbol": "CW",
        "reportedCurrency": "USD",
        "cik": "0000026324",
        "fillingDate": "2003-11-14",
        "acceptedDate": "2003-11-14 15:14:17",
        "calendarYear": "2003",
        "period": "Q3",
        "revenue": 189618000,
        "costOfRevenue": 132601000,
        "grossProfit": 57017000,
        "grossProfitRatio": 0.3006940269,
        "researchAndDevelopmentExpenses": 5417000,
        "generalAndAdministrativeExpenses": 30732000,
        "sellingAndMarketingExpenses": 0,
        "sellingGeneralAndAdministrativeExpenses": 30732000,
        "otherExpenses": 0,
        "operatingExpenses": 36149000,
        "costAndExpenses": 168750000,
        "interestIncome": 0,
        "interestExpense": 1113000,
        "depreciationAndAmortization": 7649000,
        "ebitda": 28517000,
        "ebitdaratio": 0.1503918404,
        "operatingIncome": 20868000,
        "operatingIncomeRatio": 0.1100528431,
        "totalOtherIncomeExpensesNet": -677000,
        "incomeBeforeTax": 20191000,
        "incomeBeforeTaxRatio": 0.1064825069,
        "incomeTaxExpense": 7672000,
        "netIncome": 12519000,
        "netIncomeRatio": 0.0660222131,
        "eps": 0.3,
        "epsdiluted": 0.3,
        "weightedAverageShsOut": 41312000,
        "weightedAverageShsOutDil": 41872000,
        "link": "https://www.sec.gov/Archives/edgar/data/26324/000095011703004870/0000950117-03-004870-index.htm",
        "finalLink": "https://www.sec.gov/Archives/edgar/data/26324/000095011703004870/a36508.txt"
    },
    {
        "date": "2003-06-30",
        "symbol": "CW",
        "reportedCurrency": "USD",
        "cik": "0000026324",
        "fillingDate": "2003-08-13",
        "acceptedDate": "2003-08-13 17:27:44",
        "calendarYear": "2003",
        "period": "Q2",
        "revenue": 182857000,
        "costOfRevenue": 126175000,
        "grossProfit": 56682000,
        "grossProfitRatio": 0.3099799297,
        "researchAndDevelopmentExpenses": 5772000,
        "generalAndAdministrativeExpenses": 33473000,
        "sellingAndMarketingExpenses": 0,
        "sellingGeneralAndAdministrativeExpenses": 33473000,
        "otherExpenses": 0,
        "operatingExpenses": 39245000,
        "costAndExpenses": 165420000,
        "interestIncome": 0,
        "interestExpense": 0,
        "depreciationAndAmortization": 8494000,
        "ebitda": 25931000,
        "ebitdaratio": 0.141810267,
        "operatingIncome": 17437000,
        "operatingIncomeRatio": 0.0953586682,
        "totalOtherIncomeExpensesNet": 101000,
        "incomeBeforeTax": 17538000,
        "incomeBeforeTaxRatio": 0.0959110124,
        "incomeTaxExpense": 6665000,
        "netIncome": 10873000,
        "netIncomeRatio": 0.0594617652,
        "eps": 0.27,
        "epsdiluted": 0.26,
        "weightedAverageShsOut": 41204000,
        "weightedAverageShsOutDil": 41724000,
        "link": "https://www.sec.gov/Archives/edgar/data/26324/000095011703003582/0000950117-03-003582-index.htm",
        "finalLink": "https://www.sec.gov/Archives/edgar/data/26324/000095011703003582/a35975.txt"
    },
    {
        "date": "2003-03-31",
        "symbol": "CW",
        "reportedCurrency": "USD",
        "cik": "0000026324",
        "fillingDate": "2003-05-14",
        "acceptedDate": "2003-05-14 17:27:41",
        "calendarYear": "2003",
        "period": "Q1",
        "revenue": 179933000,
        "costOfRevenue": 120901000,
        "grossProfit": 59032000,
        "grossProfitRatio": 0.3280776734,
        "researchAndDevelopmentExpenses": 5305000,
        "generalAndAdministrativeExpenses": 30382000,
        "sellingAndMarketingExpenses": 0,
        "sellingGeneralAndAdministrativeExpenses": 30382000,
        "otherExpenses": 0,
        "operatingExpenses": 35687000,
        "costAndExpenses": 156588000,
        "interestIncome": 0,
        "interestExpense": 0,
        "depreciationAndAmortization": 6820000,
        "ebitda": 30165000,
        "ebitdaratio": 0.1676457348,
        "operatingIncome": 23345000,
        "operatingIncomeRatio": 0.1297427376,
        "totalOtherIncomeExpensesNet": -568000,
        "incomeBeforeTax": 22777000,
        "incomeBeforeTaxRatio": 0.126586007,
        "incomeTaxExpense": 8655000,
        "netIncome": 14122000,
        "netIncomeRatio": 0.0784847693,
        "eps": 0.34,
        "epsdiluted": 0.34,
        "weightedAverageShsOut": 41128000,
        "weightedAverageShsOutDil": 41632000,
        "link": "https://www.sec.gov/Archives/edgar/data/26324/000095011703002101/0000950117-03-002101-index.htm",
        "finalLink": "https://www.sec.gov/Archives/edgar/data/26324/000095011703002101/a35315.txt"
    },
    {
        "date": "2002-12-31",
        "symbol": "CW",
        "reportedCurrency": "USD",
        "cik": "0000026324",
        "fillingDate": "2003-03-31",
        "acceptedDate": "2003-03-28 21:35:43",
        "calendarYear": "2002",
        "period": "Q4",
        "revenue": 174073000,
        "costOfRevenue": 119040000,
        "grossProfit": 55033000,
        "grossProfitRatio": 0.316148972,
        "researchAndDevelopmentExpenses": 4020000,
        "generalAndAdministrativeExpenses": 29727000,
        "sellingAndMarketingExpenses": 0,
        "sellingGeneralAndAdministrativeExpenses": 29727000,
        "otherExpenses": 0,
        "operatingExpenses": 33747000,
        "costAndExpenses": 152787000,
        "interestIncome": 0,
        "interestExpense": 771000,
        "depreciationAndAmortization": 5891000,
        "ebitda": 27177000,
        "ebitdaratio": 0.1561241548,
        "operatingIncome": 21286000,
        "operatingIncomeRatio": 0.1222820311,
        "totalOtherIncomeExpensesNet": -145000,
        "incomeBeforeTax": 21141000,
        "incomeBeforeTaxRatio": 0.1214490472,
        "incomeTaxExpense": 7449000,
        "netIncome": 13692000,
        "netIncomeRatio": 0.0786566555,
        "eps": 0.33,
        "epsdiluted": 0.33,
        "weightedAverageShsOut": 41128000,
        "weightedAverageShsOutDil": 41128000,
        "link": "https://www.sec.gov/Archives/edgar/data/26324/000095011703001209/0000950117-03-001209-index.htm",
        "finalLink": "https://www.sec.gov/Archives/edgar/data/26324/000095011703001209/a34869.txt"
    },
    {
        "date": "2002-09-30",
        "symbol": "CW",
        "reportedCurrency": "USD",
        "cik": "0000026324",
        "fillingDate": "2002-11-14",
        "acceptedDate": "2002-11-15 12:14:02",
        "calendarYear": "2002",
        "period": "Q3",
        "revenue": 119641000,
        "costOfRevenue": 78442000,
        "grossProfit": 41199000,
        "grossProfitRatio": 0.344355196,
        "researchAndDevelopmentExpenses": 3092000,
        "generalAndAdministrativeExpenses": 25556000,
        "sellingAndMarketingExpenses": 0,
        "sellingGeneralAndAdministrativeExpenses": 25556000,
        "otherExpenses": 0,
        "operatingExpenses": 28648000,
        "costAndExpenses": 107090000,
        "interestIncome": 0,
        "interestExpense": 380000,
        "depreciationAndAmortization": 3869000,
        "ebitda": 16420000,
        "ebitdaratio": 0.1372439214,
        "operatingIncome": 12551000,
        "operatingIncomeRatio": 0.104905509,
        "totalOtherIncomeExpensesNet": 5682000,
        "incomeBeforeTax": 18233000,
        "incomeBeforeTaxRatio": 0.1523975895,
        "incomeTaxExpense": 6921000,
        "netIncome": 11312000,
        "netIncomeRatio": 0.0945495273,
        "eps": 0.28,
        "epsdiluted": 0.27,
        "weightedAverageShsOut": 40952000,
        "weightedAverageShsOutDil": 41880000,
        "link": "https://www.sec.gov/Archives/edgar/data/26324/000095011702002742/0000950117-02-002742-index.htm",
        "finalLink": "https://www.sec.gov/Archives/edgar/data/26324/000095011702002742/a33734.txt"
    },
    {
        "date": "2002-06-30",
        "symbol": "CW",
        "reportedCurrency": "USD",
        "cik": "0000026324",
        "fillingDate": "2002-08-14",
        "acceptedDate": "2002-08-14 13:20:05",
        "calendarYear": "2002",
        "period": "Q2",
        "revenue": 121777000,
        "costOfRevenue": 78078000,
        "grossProfit": 43699000,
        "grossProfitRatio": 0.3588444452,
        "researchAndDevelopmentExpenses": 2714000,
        "generalAndAdministrativeExpenses": 25907000,
        "sellingAndMarketingExpenses": 0,
        "sellingGeneralAndAdministrativeExpenses": 25907000,
        "otherExpenses": 0,
        "operatingExpenses": 28621000,
        "costAndExpenses": 106699000,
        "interestIncome": 0,
        "interestExpense": 466000,
        "depreciationAndAmortization": 4990000,
        "ebitda": 20068000,
        "ebitdaratio": 0.1647930233,
        "operatingIncome": 15078000,
        "operatingIncomeRatio": 0.1238164842,
        "totalOtherIncomeExpensesNet": 2236000,
        "incomeBeforeTax": 17314000,
        "incomeBeforeTaxRatio": 0.1421779154,
        "incomeTaxExpense": 6498000,
        "netIncome": 10816000,
        "netIncomeRatio": 0.0888180855,
        "eps": 0.27,
        "epsdiluted": 0.26,
        "weightedAverageShsOut": 40812000,
        "weightedAverageShsOutDil": 42044000,
        "link": "https://www.sec.gov/Archives/edgar/data/26324/000095011702001911/0000950117-02-001911-index.htm",
        "finalLink": "https://www.sec.gov/Archives/edgar/data/26324/000095011702001911/a33199.txt"
    },
    {
        "date": "2002-03-31",
        "symbol": "CW",
        "reportedCurrency": "USD",
        "cik": "0000026324",
        "fillingDate": "2002-05-15",
        "acceptedDate": "2002-05-15 16:39:10",
        "calendarYear": "2002",
        "period": "Q1",
        "revenue": 97787000,
        "costOfRevenue": 61632000,
        "grossProfit": 36155000,
        "grossProfitRatio": 0.369732173,
        "researchAndDevelopmentExpenses": 1311000,
        "generalAndAdministrativeExpenses": 21930000,
        "sellingAndMarketingExpenses": 0,
        "sellingGeneralAndAdministrativeExpenses": 21930000,
        "otherExpenses": 0,
        "operatingExpenses": 23241000,
        "costAndExpenses": 84873000,
        "interestIncome": 0,
        "interestExpense": 193000,
        "depreciationAndAmortization": 3943000,
        "ebitda": 16857000,
        "ebitdaratio": 0.1723848773,
        "operatingIncome": 12914000,
        "operatingIncomeRatio": 0.1320625441,
        "totalOtherIncomeExpensesNet": 2133000,
        "incomeBeforeTax": 15047000,
        "incomeBeforeTaxRatio": 0.1538752595,
        "incomeTaxExpense": 5731000,
        "netIncome": 9316000,
        "netIncomeRatio": 0.0952682872,
        "eps": 0.23,
        "epsdiluted": 0.23,
        "weightedAverageShsOut": 40492000,
        "weightedAverageShsOutDil": 41360000,
        "link": "https://www.sec.gov/Archives/edgar/data/26324/000095011702001266/0000950117-02-001266-index.htm",
        "finalLink": "https://www.sec.gov/Archives/edgar/data/26324/000095011702001266/a32693.txt"
    },
    {
        "date": "2001-12-31",
        "symbol": "CW",
        "reportedCurrency": "USD",
        "cik": "0000026324",
        "fillingDate": "2002-03-18",
        "acceptedDate": "2002-03-18 00:00:00",
        "calendarYear": "2001",
        "period": "Q4",
        "revenue": 97226000,
        "costOfRevenue": 62444000,
        "grossProfit": 34782000,
        "grossProfitRatio": 0.3577438134,
        "researchAndDevelopmentExpenses": 1204000,
        "generalAndAdministrativeExpenses": 24829000,
        "sellingAndMarketingExpenses": 0,
        "sellingGeneralAndAdministrativeExpenses": 24829000,
        "otherExpenses": -2980000,
        "operatingExpenses": 23053000,
        "costAndExpenses": 85497000,
        "interestIncome": 0,
        "interestExpense": 263000,
        "depreciationAndAmortization": 3463000,
        "ebitda": 15192000,
        "ebitdaratio": 0.1562544998,
        "operatingIncome": 11729000,
        "operatingIncomeRatio": 0.1206364553,
        "totalOtherIncomeExpensesNet": 44036000,
        "incomeBeforeTax": 55765000,
        "incomeBeforeTaxRatio": 0.5735605702,
        "incomeTaxExpense": 21292000,
        "netIncome": 34473000,
        "netIncomeRatio": 0.3545656512,
        "eps": 0.85,
        "epsdiluted": 0.85,
        "weightedAverageShsOut": 40288800,
        "weightedAverageShsOutDil": 40492000,
        "link": "https://www.sec.gov/Archives/edgar/data/26324/000095011702000522/0000950117-02-000522-index.htm",
        "finalLink": "https://www.sec.gov/Archives/edgar/data/26324/000095011702000522/a32207.txt"
    },
    {
        "date": "2001-09-30",
        "symbol": "CW",
        "reportedCurrency": "USD",
        "cik": "0000026324",
        "fillingDate": "2001-11-15",
        "acceptedDate": "2001-11-15 00:00:00",
        "calendarYear": "2001",
        "period": "Q3",
        "revenue": 79420000,
        "costOfRevenue": 49233000,
        "grossProfit": 30187000,
        "grossProfitRatio": 0.3800931755,
        "researchAndDevelopmentExpenses": 1257000,
        "generalAndAdministrativeExpenses": 17832000,
        "sellingAndMarketingExpenses": 0,
        "sellingGeneralAndAdministrativeExpenses": 17832000,
        "otherExpenses": 0,
        "operatingExpenses": 19089000,
        "costAndExpenses": 68322000,
        "interestIncome": 0,
        "interestExpense": 272000,
        "depreciationAndAmortization": 3811000,
        "ebitda": 14909000,
        "ebitdaratio": 0.1877234953,
        "operatingIncome": 11098000,
        "operatingIncomeRatio": 0.1397381012,
        "totalOtherIncomeExpensesNet": 3653000,
        "incomeBeforeTax": 14751000,
        "incomeBeforeTaxRatio": 0.185734072,
        "incomeTaxExpense": 6028000,
        "netIncome": 8723000,
        "netIncomeRatio": 0.109833795,
        "eps": 0.22,
        "epsdiluted": 0.21,
        "weightedAverageShsOut": 40292000,
        "weightedAverageShsOutDil": 40896000,
        "link": "https://www.sec.gov/Archives/edgar/data/26324/000002632401500019/0000026324-01-500019-index.htm",
        "finalLink": "https://www.sec.gov/Archives/edgar/data/26324/000002632401500019/r10q-930.txt"
    },
    {
        "date": "2001-06-30",
        "symbol": "CW",
        "reportedCurrency": "USD",
        "cik": "0000026324",
        "fillingDate": "2001-08-15",
        "acceptedDate": "2001-08-15 00:00:00",
        "calendarYear": "2001",
        "period": "Q2",
        "revenue": 86604000,
        "costOfRevenue": 53767000,
        "grossProfit": 32837000,
        "grossProfitRatio": 0.3791626253,
        "researchAndDevelopmentExpenses": 1025000,
        "generalAndAdministrativeExpenses": 18746000,
        "sellingAndMarketingExpenses": 0,
        "sellingGeneralAndAdministrativeExpenses": 18746000,
        "otherExpenses": 0,
        "operatingExpenses": 19771000,
        "costAndExpenses": 73538000,
        "interestIncome": 0,
        "interestExpense": 396000,
        "depreciationAndAmortization": 3712000,
        "ebitda": 16778000,
        "ebitdaratio": 0.1937323911,
        "operatingIncome": 13066000,
        "operatingIncomeRatio": 0.1508706295,
        "totalOtherIncomeExpensesNet": 3836000,
        "incomeBeforeTax": 16902000,
        "incomeBeforeTaxRatio": 0.1951641956,
        "incomeTaxExpense": 6437000,
        "netIncome": 10465000,
        "netIncomeRatio": 0.1208373747,
        "eps": 0.26,
        "epsdiluted": 0.26,
        "weightedAverageShsOut": 40236000,
        "weightedAverageShsOutDil": 41076000,
        "link": "https://www.sec.gov/Archives/edgar/data/26324/000002632401500006/0000026324-01-500006-index.htm",
        "finalLink": "https://www.sec.gov/Archives/edgar/data/26324/000002632401500006/r10q-630.txt"
    },
    {
        "date": "2001-03-31",
        "symbol": "CW",
        "reportedCurrency": "USD",
        "cik": "0000026324",
        "fillingDate": "2001-05-15",
        "acceptedDate": "2001-05-15 00:00:00",
        "calendarYear": "2001",
        "period": "Q1",
        "revenue": 79917000,
        "costOfRevenue": 49906000,
        "grossProfit": 30011000,
        "grossProfitRatio": 0.3755271094,
        "researchAndDevelopmentExpenses": 897000,
        "generalAndAdministrativeExpenses": 17849000,
        "sellingAndMarketingExpenses": 0,
        "sellingGeneralAndAdministrativeExpenses": 17849000,
        "otherExpenses": 0,
        "operatingExpenses": 18746000,
        "costAndExpenses": 68652000,
        "interestIncome": 0,
        "interestExpense": 249000,
        "depreciationAndAmortization": 3748000,
        "ebitda": 15013000,
        "ebitdaratio": 0.1878574021,
        "operatingIncome": 11265000,
        "operatingIncomeRatio": 0.1409587447,
        "totalOtherIncomeExpensesNet": 3514000,
        "incomeBeforeTax": 14779000,
        "incomeBeforeTaxRatio": 0.1849293642,
        "incomeTaxExpense": 5560000,
        "netIncome": 9219000,
        "netIncomeRatio": 0.1153571831,
        "eps": 0.23,
        "epsdiluted": 0.23,
        "weightedAverageShsOut": 40156000,
        "weightedAverageShsOutDil": 40848000,
        "link": "https://www.sec.gov/Archives/edgar/data/26324/000002632401500005/0000026324-01-500005-index.htm",
        "finalLink": "https://www.sec.gov/Archives/edgar/data/26324/000002632401500005/r10q-331.txt"
    },
    {
        "date": "2000-12-31",
        "symbol": "CW",
        "reportedCurrency": "USD",
        "cik": "0000026324",
        "fillingDate": "2001-03-19",
        "acceptedDate": "2001-03-19 00:00:00",
        "calendarYear": "2000",
        "period": "Q4",
        "revenue": 82410000,
        "costOfRevenue": 48144000,
        "grossProfit": 34266000,
        "grossProfitRatio": 0.4157990535,
        "researchAndDevelopmentExpenses": -804000,
        "generalAndAdministrativeExpenses": 18562000,
        "sellingAndMarketingExpenses": 0,
        "sellingGeneralAndAdministrativeExpenses": 18562000,
        "otherExpenses": 3463000,
        "operatingExpenses": 21221000,
        "costAndExpenses": 69365000,
        "interestIncome": 0,
        "interestExpense": 577000,
        "depreciationAndAmortization": 3463000,
        "ebitda": 16508000,
        "ebitdaratio": 0.2003154957,
        "operatingIncome": 13045000,
        "operatingIncomeRatio": 0.1582938964,
        "totalOtherIncomeExpensesNet": 2633000,
        "incomeBeforeTax": 15678000,
        "incomeBeforeTaxRatio": 0.1902439024,
        "incomeTaxExpense": 5556000,
        "netIncome": 10122000,
        "netIncomeRatio": 0.1228248999,
        "eps": 0.25,
        "epsdiluted": 0.25,
        "weightedAverageShsOut": 40108780,
        "weightedAverageShsOutDil": 40156000,
        "link": "https://www.sec.gov/Archives/edgar/data/26324/000002632401500003/0000026324-01-500003-index.htm",
        "finalLink": "https://www.sec.gov/Archives/edgar/data/26324/000002632401500003/r10k-123100.txt"
    },
    {
        "date": "2000-09-30",
        "symbol": "CW",
        "reportedCurrency": "USD",
        "cik": "0000026324",
        "fillingDate": "2000-11-06",
        "acceptedDate": "2000-11-06 00:00:00",
        "calendarYear": "2000",
        "period": "Q3",
        "revenue": 81878000,
        "costOfRevenue": 51111000,
        "grossProfit": 34536000,
        "grossProfitRatio": 0.4217982853,
        "researchAndDevelopmentExpenses": 1373000,
        "generalAndAdministrativeExpenses": 16372000,
        "sellingAndMarketingExpenses": 0,
        "sellingGeneralAndAdministrativeExpenses": 16372000,
        "otherExpenses": 0,
        "operatingExpenses": 17745000,
        "costAndExpenses": 68856000,
        "interestIncome": 0,
        "interestExpense": 394000,
        "depreciationAndAmortization": 3769000,
        "ebitda": 16791000,
        "ebitdaratio": 0.2050734019,
        "operatingIncome": 13022000,
        "operatingIncomeRatio": 0.1590415008,
        "totalOtherIncomeExpensesNet": 4878000,
        "incomeBeforeTax": 17900000,
        "incomeBeforeTaxRatio": 0.2186179438,
        "incomeTaxExpense": 6821000,
        "netIncome": 11079000,
        "netIncomeRatio": 0.1353110726,
        "eps": 0.28,
        "epsdiluted": 0.27,
        "weightedAverageShsOut": 40048000,
        "weightedAverageShsOutDil": 40796000,
        "link": "https://www.sec.gov/Archives/edgar/data/26324/000002632400000006/0000026324-00-000006-index.htm",
        "finalLink": "https://www.sec.gov/Archives/edgar/data/26324/000002632400000006/0000026324-00-000006-0001.txt"
    },
    {
        "date": "2000-06-30",
        "symbol": "CW",
        "reportedCurrency": "USD",
        "cik": "0000026324",
        "fillingDate": "2000-08-14",
        "acceptedDate": "2000-08-14 00:00:00",
        "calendarYear": "2000",
        "period": "Q2",
        "revenue": 83050000,
        "costOfRevenue": 49024000,
        "grossProfit": 34026000,
        "grossProfitRatio": 0.409704997,
        "researchAndDevelopmentExpenses": 1486000,
        "generalAndAdministrativeExpenses": 14956000,
        "sellingAndMarketingExpenses": 0,
        "sellingGeneralAndAdministrativeExpenses": 14956000,
        "otherExpenses": 3555000,
        "operatingExpenses": 19997000,
        "costAndExpenses": 69021000,
        "interestIncome": 0,
        "interestExpense": 0,
        "depreciationAndAmortization": 3555000,
        "ebitda": 17584000,
        "ebitdaratio": 0.2117278748,
        "operatingIncome": 14029000,
        "operatingIncomeRatio": 0.1689223359,
        "totalOtherIncomeExpensesNet": 3274000,
        "incomeBeforeTax": 17303000,
        "incomeBeforeTaxRatio": 0.2083443709,
        "incomeTaxExpense": 6659000,
        "netIncome": 10644000,
        "netIncomeRatio": 0.1281637568,
        "eps": 0.27,
        "epsdiluted": 0.26,
        "weightedAverageShsOut": 40068000,
        "weightedAverageShsOutDil": 40456000,
        "link": "https://www.sec.gov/Archives/edgar/data/26324/000002632400000005/0000026324-00-000005-index.htm",
        "finalLink": "https://www.sec.gov/Archives/edgar/data/26324/000002632400000005/0000026324-00-000005-0001.txt"
    },
    {
        "date": "2000-03-31",
        "symbol": "CW",
        "reportedCurrency": "USD",
        "cik": "0000026324",
        "fillingDate": "2000-05-12",
        "acceptedDate": "2000-05-12 00:00:00",
        "calendarYear": "2000",
        "period": "Q1",
        "revenue": 82237000,
        "costOfRevenue": 49749000,
        "grossProfit": 32488000,
        "grossProfitRatio": 0.3950533215,
        "researchAndDevelopmentExpenses": 1388000,
        "generalAndAdministrativeExpenses": 15452000,
        "sellingAndMarketingExpenses": 0,
        "sellingGeneralAndAdministrativeExpenses": 15452000,
        "otherExpenses": 3559000,
        "operatingExpenses": 20399000,
        "costAndExpenses": 70148000,
        "interestIncome": 0,
        "interestExpense": 376000,
        "depreciationAndAmortization": 3559000,
        "ebitda": 15648000,
        "ebitdaratio": 0.1902793147,
        "operatingIncome": 12089000,
        "operatingIncomeRatio": 0.1470019578,
        "totalOtherIncomeExpensesNet": 3001000,
        "incomeBeforeTax": 15090000,
        "incomeBeforeTaxRatio": 0.1834940477,
        "incomeTaxExpense": 5861000,
        "netIncome": 9229000,
        "netIncomeRatio": 0.1122244245,
        "eps": 0.23,
        "epsdiluted": 0.23,
        "weightedAverageShsOut": 40140000,
        "weightedAverageShsOutDil": 40528000,
        "link": "https://www.sec.gov/Archives/edgar/data/26324/000002632400000004/0000026324-00-000004-index.html",
        "finalLink": "https://www.sec.gov/Archives/edgar/data/26324/000002632400000004/"
    },
    {
        "date": "1999-12-31",
        "symbol": "CW",
        "reportedCurrency": "USD",
        "cik": "0000026324",
        "fillingDate": "2000-03-20",
        "acceptedDate": "2000-03-20 00:00:00",
        "calendarYear": "1999",
        "period": "Q4",
        "revenue": 83700000,
        "costOfRevenue": 51200000,
        "grossProfit": 32500000,
        "grossProfitRatio": 0.3882915173,
        "researchAndDevelopmentExpenses": 600000,
        "generalAndAdministrativeExpenses": 18500000,
        "sellingAndMarketingExpenses": 0,
        "sellingGeneralAndAdministrativeExpenses": 18500000,
        "otherExpenses": 3800000,
        "operatingExpenses": 22900000,
        "costAndExpenses": 74100000,
        "interestIncome": 0,
        "interestExpense": 0,
        "depreciationAndAmortization": 3800000,
        "ebitda": 13400000,
        "ebitdaratio": 0.1600955795,
        "operatingIncome": 9600000,
        "operatingIncomeRatio": 0.1146953405,
        "totalOtherIncomeExpensesNet": 4800000,
        "incomeBeforeTax": 14400000,
        "incomeBeforeTaxRatio": 0.1720430108,
        "incomeTaxExpense": 5600000,
        "netIncome": 8800000,
        "netIncomeRatio": 0.1051373955,
        "eps": 0.22,
        "epsdiluted": 0.22,
        "weightedAverageShsOut": 40047293,
        "weightedAverageShsOutDil": 40140000,
        "link": "https://www.sec.gov/Archives/edgar/data/26324/000002632400000001/0000026324-00-000001-index.html",
        "finalLink": "https://www.sec.gov/Archives/edgar/data/26324/000002632400000001/"
    },
    {
        "date": "1999-09-30",
        "symbol": "CW",
        "reportedCurrency": "USD",
        "cik": "0000026324",
        "fillingDate": "1999-11-15",
        "acceptedDate": "1999-11-15 00:00:00",
        "calendarYear": "1999",
        "period": "Q3",
        "revenue": 69000000,
        "costOfRevenue": 41700000,
        "grossProfit": 27300000,
        "grossProfitRatio": 0.3956521739,
        "researchAndDevelopmentExpenses": 500000,
        "generalAndAdministrativeExpenses": 2700000,
        "sellingAndMarketingExpenses": 0,
        "sellingGeneralAndAdministrativeExpenses": 2700000,
        "otherExpenses": 3400000,
        "operatingExpenses": 6600000,
        "costAndExpenses": 48300000,
        "interestIncome": 0,
        "interestExpense": 400000,
        "depreciationAndAmortization": 3400000,
        "ebitda": 24100000,
        "ebitdaratio": 0.3492753623,
        "operatingIncome": 20700000,
        "operatingIncomeRatio": 0.3,
        "totalOtherIncomeExpensesNet": 2300000,
        "incomeBeforeTax": 23000000,
        "incomeBeforeTaxRatio": 0.3333333333,
        "incomeTaxExpense": 9000000,
        "netIncome": 14000000,
        "netIncomeRatio": 0.2028985507,
        "eps": 0.35,
        "epsdiluted": 0.35,
        "weightedAverageShsOut": 40579710,
        "weightedAverageShsOutDil": 40579710,
        "link": "https://www.sec.gov/Archives/edgar/data/26324/000002632499000009/0000026324-99-000009-index.html",
        "finalLink": "https://www.sec.gov/Archives/edgar/data/26324/000002632499000009/"
    },
    {
        "date": "1999-06-30",
        "symbol": "CW",
        "reportedCurrency": "USD",
        "cik": "0000026324",
        "fillingDate": "1999-08-04",
        "acceptedDate": "1999-08-04 00:00:00",
        "calendarYear": "1999",
        "period": "Q2",
        "revenue": 70195000,
        "costOfRevenue": 42700000,
        "grossProfit": 27500000,
        "grossProfitRatio": 0.3917657953,
        "researchAndDevelopmentExpenses": 600000,
        "generalAndAdministrativeExpenses": 13800000,
        "sellingAndMarketingExpenses": 0,
        "sellingGeneralAndAdministrativeExpenses": 13800000,
        "otherExpenses": 2800000,
        "operatingExpenses": 17200000,
        "costAndExpenses": 59900000,
        "interestIncome": 0,
        "interestExpense": 0,
        "depreciationAndAmortization": 2800000,
        "ebitda": 13095000,
        "ebitdaratio": 0.1865517487,
        "operatingIncome": 10295000,
        "operatingIncomeRatio": 0.1466628677,
        "totalOtherIncomeExpensesNet": 2805000,
        "incomeBeforeTax": 13100000,
        "incomeBeforeTaxRatio": 0.1866229788,
        "incomeTaxExpense": 4800000,
        "netIncome": 8300000,
        "netIncomeRatio": 0.11824204,
        "eps": 0.21,
        "epsdiluted": 0.2,
        "weightedAverageShsOut": 40487805,
        "weightedAverageShsOutDil": 42025316,
        "link": "https://www.sec.gov/Archives/edgar/data/26324/000002632499000004/0000026324-99-000004-index.html",
        "finalLink": "https://www.sec.gov/Archives/edgar/data/26324/000002632499000004/"
    },
    {
        "date": "1999-03-31",
        "symbol": "CW",
        "reportedCurrency": "USD",
        "cik": "0000026324",
        "fillingDate": "1999-05-17",
        "acceptedDate": "1999-05-17 00:00:00",
        "calendarYear": "1999",
        "period": "Q1",
        "revenue": 70350000,
        "costOfRevenue": 42400000,
        "grossProfit": 28000000,
        "grossProfitRatio": 0.3980099502,
        "researchAndDevelopmentExpenses": 1100000,
        "generalAndAdministrativeExpenses": 13400000,
        "sellingAndMarketingExpenses": 0,
        "sellingGeneralAndAdministrativeExpenses": 13400000,
        "otherExpenses": 2900000,
        "operatingExpenses": 17400000,
        "costAndExpenses": 59800000,
        "interestIncome": 0,
        "interestExpense": 300000,
        "depreciationAndAmortization": 2900000,
        "ebitda": 13450000,
        "ebitdaratio": 0.1911869225,
        "operatingIncome": 10550000,
        "operatingIncomeRatio": 0.1499644634,
        "totalOtherIncomeExpensesNet": 2350000,
        "incomeBeforeTax": 12900000,
        "incomeBeforeTaxRatio": 0.1833688699,
        "incomeTaxExpense": 4900000,
        "netIncome": 8000000,
        "netIncomeRatio": 0.1137171286,
        "eps": 0.2,
        "epsdiluted": 0.2,
        "weightedAverageShsOut": 40506329,
        "weightedAverageShsOutDil": 41025641,
        "link": "https://www.sec.gov/Archives/edgar/data/26324/000002632499000002/0000026324-99-000002-index.html",
        "finalLink": "https://www.sec.gov/Archives/edgar/data/26324/"
    },
    {
        "date": "1998-12-31",
        "symbol": "CW",
        "reportedCurrency": "USD",
        "cik": "0000026324",
        "fillingDate": "1999-03-31",
        "acceptedDate": "1999-03-31 00:00:00",
        "calendarYear": "1998",
        "period": "Q4",
        "revenue": 66500000,
        "costOfRevenue": 43300000,
        "grossProfit": 23200000,
        "grossProfitRatio": 0.3488721805,
        "researchAndDevelopmentExpenses": 400000,
        "generalAndAdministrativeExpenses": 14300000,
        "sellingAndMarketingExpenses": 0,
        "sellingGeneralAndAdministrativeExpenses": 14300000,
        "otherExpenses": 2000000,
        "operatingExpenses": 16700000,
        "costAndExpenses": 60000000,
        "interestIncome": 0,
        "interestExpense": 200000,
        "depreciationAndAmortization": 2000000,
        "ebitda": 8500000,
        "ebitdaratio": 0.1278195489,
        "operatingIncome": 6500000,
        "operatingIncomeRatio": 0.0977443609,
        "totalOtherIncomeExpensesNet": 6700000,
        "incomeBeforeTax": 13200000,
        "incomeBeforeTaxRatio": 0.1984962406,
        "incomeTaxExpense": 5200000,
        "netIncome": 8000000,
        "netIncomeRatio": 0.1203007519,
        "eps": 0.2,
        "epsdiluted": 0.2,
        "weightedAverageShsOut": 40506329,
        "weightedAverageShsOutDil": 40506329,
        "link": "https://www.sec.gov/Archives/edgar/data/26324/000002632499000001/0000026324-99-000001-index.html",
        "finalLink": "https://www.sec.gov/Archives/edgar/data/26324/"
    },
    {
        "date": "1998-09-30",
        "symbol": "CW",
        "reportedCurrency": "USD",
        "cik": "0000026324",
        "fillingDate": "1998-11-12",
        "acceptedDate": "1998-11-12 00:00:00",
        "calendarYear": "1998",
        "period": "Q3",
        "revenue": 62600000,
        "costOfRevenue": 39000000,
        "grossProfit": 23600000,
        "grossProfitRatio": 0.3769968051,
        "researchAndDevelopmentExpenses": 300000,
        "generalAndAdministrativeExpenses": 10400000,
        "sellingAndMarketingExpenses": 0,
        "sellingGeneralAndAdministrativeExpenses": 10400000,
        "otherExpenses": 2800000,
        "operatingExpenses": 13500000,
        "costAndExpenses": 52500000,
        "interestIncome": 0,
        "interestExpense": 100000,
        "depreciationAndAmortization": 2800000,
        "ebitda": 12900000,
        "ebitdaratio": 0.2060702875,
        "operatingIncome": 10100000,
        "operatingIncomeRatio": 0.161341853,
        "totalOtherIncomeExpensesNet": 1400000,
        "incomeBeforeTax": 11500000,
        "incomeBeforeTaxRatio": 0.1837060703,
        "incomeTaxExpense": 4700000,
        "netIncome": 6800000,
        "netIncomeRatio": 0.1086261981,
        "eps": 0.17,
        "epsdiluted": 0.17,
        "weightedAverageShsOut": 41212121,
        "weightedAverageShsOutDil": 41212121,
        "link": "https://www.sec.gov/Archives/edgar/data/26324/000002632498000008/0000026324-98-000008-index.html",
        "finalLink": "https://www.sec.gov/Archives/edgar/data/26324/"
    },
    {
        "date": "1998-06-30",
        "symbol": "CW",
        "reportedCurrency": "USD",
        "cik": "0000026324",
        "fillingDate": "1998-08-14",
        "acceptedDate": "1998-08-14 00:00:00",
        "calendarYear": "1998",
        "period": "Q2",
        "revenue": 59400000,
        "costOfRevenue": 35200000,
        "grossProfit": 24200000,
        "grossProfitRatio": 0.4074074074,
        "researchAndDevelopmentExpenses": 300000,
        "generalAndAdministrativeExpenses": 10400000,
        "sellingAndMarketingExpenses": 0,
        "sellingGeneralAndAdministrativeExpenses": 10400000,
        "otherExpenses": 2500000,
        "operatingExpenses": 13200000,
        "costAndExpenses": 48400000,
        "interestIncome": 0,
        "interestExpense": 0,
        "depreciationAndAmortization": 2500000,
        "ebitda": 13500000,
        "ebitdaratio": 0.2272727273,
        "operatingIncome": 11000000,
        "operatingIncomeRatio": 0.1851851852,
        "totalOtherIncomeExpensesNet": 1300000,
        "incomeBeforeTax": 12300000,
        "incomeBeforeTaxRatio": 0.2070707071,
        "incomeTaxExpense": 4600000,
        "netIncome": 7700000,
        "netIncomeRatio": 0.1296296296,
        "eps": 0.19,
        "epsdiluted": 0.19,
        "weightedAverageShsOut": 40526316,
        "weightedAverageShsOutDil": 41066667,
        "link": "https://www.sec.gov/Archives/edgar/data/26324/000002632498000005/0000026324-98-000005-index.html",
        "finalLink": "https://www.sec.gov/Archives/edgar/data/26324/"
    },
    {
        "date": "1998-03-31",
        "symbol": "CW",
        "reportedCurrency": "USD",
        "cik": "0000026324",
        "fillingDate": "1998-05-13",
        "acceptedDate": "1998-05-13 00:00:00",
        "calendarYear": "1998",
        "period": "Q1",
        "revenue": 60800000,
        "costOfRevenue": 40300000,
        "grossProfit": 20500000,
        "grossProfitRatio": 0.3371710526,
        "researchAndDevelopmentExpenses": 300000,
        "generalAndAdministrativeExpenses": 9200000,
        "sellingAndMarketingExpenses": 0,
        "sellingGeneralAndAdministrativeExpenses": 9200000,
        "otherExpenses": 2400000,
        "operatingExpenses": 11900000,
        "costAndExpenses": 52200000,
        "interestIncome": 0,
        "interestExpense": 0,
        "depreciationAndAmortization": 2400000,
        "ebitda": 11000000,
        "ebitdaratio": 0.1809210526,
        "operatingIncome": 8600000,
        "operatingIncomeRatio": 0.1414473684,
        "totalOtherIncomeExpensesNet": 2000000,
        "incomeBeforeTax": 10600000,
        "incomeBeforeTaxRatio": 0.1743421053,
        "incomeTaxExpense": 4000000,
        "netIncome": 6600000,
        "netIncomeRatio": 0.1085526316,
        "eps": 0.16,
        "epsdiluted": 0.16,
        "weightedAverageShsOut": 40615385,
        "weightedAverageShsOutDil": 41250000,
        "link": "https://www.sec.gov/Archives/edgar/data/26324/000002632498000004/0000026324-98-000004-index.html",
        "finalLink": "https://www.sec.gov/Archives/edgar/data/26324/"
    },
    {
        "date": "1997-12-31",
        "symbol": "CW",
        "reportedCurrency": "USD",
        "cik": "0000026324",
        "fillingDate": "1998-03-24",
        "acceptedDate": "1998-03-24 00:00:00",
        "calendarYear": "1997",
        "period": "Q4",
        "revenue": 59200000,
        "costOfRevenue": 36200000,
        "grossProfit": 23000000,
        "grossProfitRatio": 0.3885135135,
        "researchAndDevelopmentExpenses": 500000,
        "generalAndAdministrativeExpenses": 10900000,
        "sellingAndMarketingExpenses": 0,
        "sellingGeneralAndAdministrativeExpenses": 10900000,
        "otherExpenses": 2000000,
        "operatingExpenses": 13400000,
        "costAndExpenses": 49600000,
        "interestIncome": 0,
        "interestExpense": 0,
        "depreciationAndAmortization": 2000000,
        "ebitda": 11600000,
        "ebitdaratio": 0.1959459459,
        "operatingIncome": 9600000,
        "operatingIncomeRatio": 0.1621621622,
        "totalOtherIncomeExpensesNet": 2000000,
        "incomeBeforeTax": 11600000,
        "incomeBeforeTaxRatio": 0.1959459459,
        "incomeTaxExpense": 3800000,
        "netIncome": 7800000,
        "netIncomeRatio": 0.1317567568,
        "eps": 0.19,
        "epsdiluted": 0.19,
        "weightedAverageShsOut": 40483160,
        "weightedAverageShsOutDil": 40615385,
        "link": "https://www.sec.gov/Archives/edgar/data/26324/000002632498000001/0000026324-98-000001-index.html",
        "finalLink": "https://www.sec.gov/Archives/edgar/data/26324/"
    },
    {
        "date": "1997-09-30",
        "symbol": "CW",
        "reportedCurrency": "USD",
        "cik": "0000026324",
        "fillingDate": "1997-11-05",
        "acceptedDate": "1997-11-05 00:00:00",
        "calendarYear": "1997",
        "period": "Q3",
        "revenue": 52700000,
        "costOfRevenue": 31500000,
        "grossProfit": 21200000,
        "grossProfitRatio": 0.4022770398,
        "researchAndDevelopmentExpenses": 500000,
        "generalAndAdministrativeExpenses": 10000000,
        "sellingAndMarketingExpenses": 0,
        "sellingGeneralAndAdministrativeExpenses": 10000000,
        "otherExpenses": 2200000,
        "operatingExpenses": 12700000,
        "costAndExpenses": 44200000,
        "interestIncome": 0,
        "interestExpense": 0,
        "depreciationAndAmortization": 2200000,
        "ebitda": 10700000,
        "ebitdaratio": 0.2030360531,
        "operatingIncome": 8500000,
        "operatingIncomeRatio": 0.1612903226,
        "totalOtherIncomeExpensesNet": 3400000,
        "incomeBeforeTax": 11900000,
        "incomeBeforeTaxRatio": 0.2258064516,
        "incomeTaxExpense": 3800000,
        "netIncome": 8100000,
        "netIncomeRatio": 0.1537001898,
        "eps": 0.2,
        "epsdiluted": 0.2,
        "weightedAverageShsOut": 41012658,
        "weightedAverageShsOutDil": 41012658,
        "link": "https://www.sec.gov/Archives/edgar/data/26324/000002632497000012/0000026324-97-000012-index.html",
        "finalLink": "https://www.sec.gov/Archives/edgar/data/26324/"
    },
    {
        "date": "1997-06-30",
        "symbol": "CW",
        "reportedCurrency": "USD",
        "cik": "0000026324",
        "fillingDate": "1997-08-04",
        "acceptedDate": "1997-08-04 00:00:00",
        "calendarYear": "1997",
        "period": "Q2",
        "revenue": 54400000,
        "costOfRevenue": 32900000,
        "grossProfit": 21500000,
        "grossProfitRatio": 0.3952205882,
        "researchAndDevelopmentExpenses": 300000,
        "generalAndAdministrativeExpenses": 9700000,
        "sellingAndMarketingExpenses": 0,
        "sellingGeneralAndAdministrativeExpenses": 9700000,
        "otherExpenses": 2400000,
        "operatingExpenses": 12400000,
        "costAndExpenses": 45300000,
        "interestIncome": 0,
        "interestExpense": 100000,
        "depreciationAndAmortization": 2400000,
        "ebitda": 11500000,
        "ebitdaratio": 0.2113970588,
        "operatingIncome": 9100000,
        "operatingIncomeRatio": 0.1672794118,
        "totalOtherIncomeExpensesNet": 1700000,
        "incomeBeforeTax": 10800000,
        "incomeBeforeTaxRatio": 0.1985294118,
        "incomeTaxExpense": 3700000,
        "netIncome": 7100000,
        "netIncomeRatio": 0.1305147059,
        "eps": 0.17,
        "epsdiluted": 0.17,
        "weightedAverageShsOut": 41159420,
        "weightedAverageShsOutDil": 41159420,
        "link": "https://www.sec.gov/Archives/edgar/data/26324/000002632497000008/0000026324-97-000008-index.html",
        "finalLink": "https://www.sec.gov/Archives/edgar/data/26324/"
    },
    {
        "date": "1997-03-31",
        "symbol": "CW",
        "reportedCurrency": "USD",
        "cik": "0000026324",
        "fillingDate": "1997-05-15",
        "acceptedDate": "1997-05-15 00:00:00",
        "calendarYear": "1997",
        "period": "Q1",
        "revenue": 53100000,
        "costOfRevenue": 34000000,
        "grossProfit": 19100000,
        "grossProfitRatio": 0.3596986817,
        "researchAndDevelopmentExpenses": 600000,
        "generalAndAdministrativeExpenses": 9800000,
        "sellingAndMarketingExpenses": 0,
        "sellingGeneralAndAdministrativeExpenses": 9800000,
        "otherExpenses": 2500000,
        "operatingExpenses": 12900000,
        "costAndExpenses": 46900000,
        "interestIncome": 0,
        "interestExpense": 100000,
        "depreciationAndAmortization": 2500000,
        "ebitda": 8700000,
        "ebitdaratio": 0.1638418079,
        "operatingIncome": 6200000,
        "operatingIncomeRatio": 0.1167608286,
        "totalOtherIncomeExpensesNet": 1500000,
        "incomeBeforeTax": 7700000,
        "incomeBeforeTaxRatio": 0.1450094162,
        "incomeTaxExpense": 2700000,
        "netIncome": 5000000,
        "netIncomeRatio": 0.0941619586,
        "eps": 0.12,
        "epsdiluted": 0.12,
        "weightedAverageShsOut": 40816327,
        "weightedAverageShsOutDil": 40816327,
        "link": "https://www.sec.gov/Archives/edgar/data/26324/000002632497000002/0000026324-97-000002-index.html",
        "finalLink": "https://www.sec.gov/Archives/edgar/data/26324/"
    },
    {
        "date": "1996-12-31",
        "symbol": "CW",
        "reportedCurrency": "USD",
        "cik": "0000026324",
        "fillingDate": "1997-03-17",
        "acceptedDate": "1997-03-17 00:00:00",
        "calendarYear": "1996",
        "period": "Q4",
        "revenue": 40100000,
        "costOfRevenue": 30700000,
        "grossProfit": 9400000,
        "grossProfitRatio": 0.2344139651,
        "researchAndDevelopmentExpenses": 0,
        "generalAndAdministrativeExpenses": 5900000,
        "sellingAndMarketingExpenses": 0,
        "sellingGeneralAndAdministrativeExpenses": 5900000,
        "otherExpenses": 2200000,
        "operatingExpenses": 8100000,
        "costAndExpenses": 38800000,
        "interestIncome": 0,
        "interestExpense": 100000,
        "depreciationAndAmortization": 2200000,
        "ebitda": 3500000,
        "ebitdaratio": 0.0872817955,
        "operatingIncome": 1300000,
        "operatingIncomeRatio": 0.0324189526,
        "totalOtherIncomeExpensesNet": 2700000,
        "incomeBeforeTax": 4000000,
        "incomeBeforeTaxRatio": 0.0997506234,
        "incomeTaxExpense": 900000,
        "netIncome": 3100000,
        "netIncomeRatio": 0.0773067332,
        "eps": 0.0759,
        "epsdiluted": 0.0759,
        "weightedAverageShsOut": 40137579,
        "weightedAverageShsOutDil": 40816327,
        "link": "https://www.sec.gov/Archives/edgar/data/26324/000002632497000001/0000026324-97-000001-index.html",
        "finalLink": "https://www.sec.gov/Archives/edgar/data/26324/"
    },
    {
        "date": "1996-09-30",
        "symbol": "CW",
        "reportedCurrency": "USD",
        "cik": "0000026324",
        "fillingDate": "1996-11-08",
        "acceptedDate": "1996-11-08 00:00:00",
        "calendarYear": "1996",
        "period": "Q3",
        "revenue": 47200000,
        "costOfRevenue": 28600000,
        "grossProfit": 18600000,
        "grossProfitRatio": 0.3940677966,
        "researchAndDevelopmentExpenses": 0,
        "generalAndAdministrativeExpenses": 10200000,
        "sellingAndMarketingExpenses": 0,
        "sellingGeneralAndAdministrativeExpenses": 10200000,
        "otherExpenses": 2200000,
        "operatingExpenses": 12400000,
        "costAndExpenses": 41000000,
        "interestIncome": 0,
        "interestExpense": 100000,
        "depreciationAndAmortization": 2200000,
        "ebitda": 8400000,
        "ebitdaratio": 0.1779661017,
        "operatingIncome": 6200000,
        "operatingIncomeRatio": 0.1313559322,
        "totalOtherIncomeExpensesNet": 700000,
        "incomeBeforeTax": 6900000,
        "incomeBeforeTaxRatio": 0.1461864407,
        "incomeTaxExpense": 2500000,
        "netIncome": 4400000,
        "netIncomeRatio": 0.093220339,
        "eps": 0.11,
        "epsdiluted": 0.11,
        "weightedAverageShsOut": 40000000,
        "weightedAverageShsOutDil": 40000000,
        "link": "https://www.sec.gov/Archives/edgar/data/26324/000002632496000006/0000026324-96-000006-index.html",
        "finalLink": "https://www.sec.gov/Archives/edgar/data/26324/"
    },
    {
        "date": "1996-06-30",
        "symbol": "CW",
        "reportedCurrency": "USD",
        "cik": "0000026324",
        "fillingDate": "1996-08-14",
        "acceptedDate": "1996-08-14 00:00:00",
        "calendarYear": "1996",
        "period": "Q2",
        "revenue": 43200000,
        "costOfRevenue": 26800000,
        "grossProfit": 16700000,
        "grossProfitRatio": 0.3865740741,
        "researchAndDevelopmentExpenses": 0,
        "generalAndAdministrativeExpenses": 7300000,
        "sellingAndMarketingExpenses": 0,
        "sellingGeneralAndAdministrativeExpenses": 7300000,
        "otherExpenses": 2300000,
        "operatingExpenses": 10200000,
        "costAndExpenses": 37000000,
        "interestIncome": 0,
        "interestExpense": 100000,
        "depreciationAndAmortization": 2300000,
        "ebitda": 8500000,
        "ebitdaratio": 0.1967592593,
        "operatingIncome": 6200000,
        "operatingIncomeRatio": 0.1435185185,
        "totalOtherIncomeExpensesNet": 1900000,
        "incomeBeforeTax": 8100000,
        "incomeBeforeTaxRatio": 0.1875,
        "incomeTaxExpense": 2900000,
        "netIncome": 5200000,
        "netIncomeRatio": 0.1203703704,
        "eps": 0.13,
        "epsdiluted": 0.13,
        "weightedAverageShsOut": 40784314,
        "weightedAverageShsOutDil": 40784314,
        "link": "https://www.sec.gov/Archives/edgar/data/26324/000002632496000005/0000026324-96-000005-index.html",
        "finalLink": "https://www.sec.gov/Archives/edgar/data/26324/"
    },
    {
        "date": "1996-03-31",
        "symbol": "CW",
        "reportedCurrency": "USD",
        "cik": "0000026324",
        "fillingDate": "1996-05-14",
        "acceptedDate": "1996-05-14 00:00:00",
        "calendarYear": "1996",
        "period": "Q1",
        "revenue": 38100000,
        "costOfRevenue": 22000000,
        "grossProfit": 16100000,
        "grossProfitRatio": 0.4225721785,
        "researchAndDevelopmentExpenses": 0,
        "generalAndAdministrativeExpenses": 9200000,
        "sellingAndMarketingExpenses": 0,
        "sellingGeneralAndAdministrativeExpenses": 9200000,
        "otherExpenses": 2200000,
        "operatingExpenses": 11400000,
        "costAndExpenses": 33400000,
        "interestIncome": 0,
        "interestExpense": 100000,
        "depreciationAndAmortization": 2200000,
        "ebitda": 6900000,
        "ebitdaratio": 0.1811023622,
        "operatingIncome": 4700000,
        "operatingIncomeRatio": 0.1233595801,
        "totalOtherIncomeExpensesNet": 300000,
        "incomeBeforeTax": 5000000,
        "incomeBeforeTaxRatio": 0.1312335958,
        "incomeTaxExpense": 1700000,
        "netIncome": 3300000,
        "netIncomeRatio": 0.0866141732,
        "eps": 0.0825,
        "epsdiluted": 0.0825,
        "weightedAverageShsOut": 40000000,
        "weightedAverageShsOutDil": 40000000,
        "link": "https://www.sec.gov/Archives/edgar/data/26324/000002632496000003/0000026324-96-000003-index.html",
        "finalLink": "https://www.sec.gov/Archives/edgar/data/26324/"
    },
    {
        "date": "1995-12-31",
        "symbol": "CW",
        "reportedCurrency": "USD",
        "cik": "0000026324",
        "fillingDate": "1996-03-22",
        "acceptedDate": "1996-03-22 00:00:00",
        "calendarYear": "1995",
        "period": "Q4",
        "revenue": 37300000,
        "costOfRevenue": 28300000,
        "grossProfit": 9000000,
        "grossProfitRatio": 0.2412868633,
        "researchAndDevelopmentExpenses": 0,
        "generalAndAdministrativeExpenses": 8800000,
        "sellingAndMarketingExpenses": 0,
        "sellingGeneralAndAdministrativeExpenses": 8800000,
        "otherExpenses": 1700000,
        "operatingExpenses": 10500000,
        "costAndExpenses": 38800000,
        "interestIncome": 0,
        "interestExpense": 100000,
        "depreciationAndAmortization": 1700000,
        "ebitda": 200000,
        "ebitdaratio": 0.0053619303,
        "operatingIncome": -1500000,
        "operatingIncomeRatio": -0.0402144772,
        "totalOtherIncomeExpensesNet": 9400000,
        "incomeBeforeTax": 7900000,
        "incomeBeforeTaxRatio": 0.2117962466,
        "incomeTaxExpense": 2900000,
        "netIncome": 5000000,
        "netIncomeRatio": 0.1340482574,
        "eps": 0.13,
        "epsdiluted": 0.13,
        "weightedAverageShsOut": 40000000,
        "weightedAverageShsOutDil": 40000000,
        "link": "https://www.sec.gov/Archives/edgar/data/26324/000002632496000001/0000026324-96-000001-index.html",
        "finalLink": "https://www.sec.gov/Archives/edgar/data/26324/"
    },
    {
        "date": "1995-09-30",
        "symbol": "CW",
        "reportedCurrency": "USD",
        "cik": "0000026324",
        "fillingDate": "1995-11-13",
        "acceptedDate": "1995-11-13 00:00:00",
        "calendarYear": "1995",
        "period": "Q3",
        "revenue": 38200000,
        "costOfRevenue": 21300000,
        "grossProfit": 16900000,
        "grossProfitRatio": 0.442408377,
        "researchAndDevelopmentExpenses": 0,
        "generalAndAdministrativeExpenses": 7900000,
        "sellingAndMarketingExpenses": 0,
        "sellingGeneralAndAdministrativeExpenses": 7900000,
        "otherExpenses": 2800000,
        "operatingExpenses": 10700000,
        "costAndExpenses": 32000000,
        "interestIncome": 0,
        "interestExpense": 100000,
        "depreciationAndAmortization": 2800000,
        "ebitda": 9000000,
        "ebitdaratio": 0.2356020942,
        "operatingIncome": 6200000,
        "operatingIncomeRatio": 0.1623036649,
        "totalOtherIncomeExpensesNet": 1000000,
        "incomeBeforeTax": 7200000,
        "incomeBeforeTaxRatio": 0.1884816754,
        "incomeTaxExpense": 2200000,
        "netIncome": 5000000,
        "netIncomeRatio": 0.1308900524,
        "eps": 0.12,
        "epsdiluted": 0.12,
        "weightedAverageShsOut": 40816327,
        "weightedAverageShsOutDil": 40816327,
        "link": "https://www.sec.gov/Archives/edgar/data/26324/000002632495000009/0000026324-95-000009-index.html",
        "finalLink": "https://www.sec.gov/Archives/edgar/data/26324/"
    },
    {
        "date": "1995-06-30",
        "symbol": "CW",
        "reportedCurrency": "USD",
        "cik": "0000026324",
        "fillingDate": "1995-08-11",
        "acceptedDate": "1995-08-11 00:00:00",
        "calendarYear": "1995",
        "period": "Q2",
        "revenue": 39300000,
        "costOfRevenue": 23100000,
        "grossProfit": 16200000,
        "grossProfitRatio": 0.4122137405,
        "researchAndDevelopmentExpenses": 0,
        "generalAndAdministrativeExpenses": 8500000,
        "sellingAndMarketingExpenses": 0,
        "sellingGeneralAndAdministrativeExpenses": 8500000,
        "otherExpenses": 2500000,
        "operatingExpenses": 11000000,
        "costAndExpenses": 34100000,
        "interestIncome": 0,
        "interestExpense": 200000,
        "depreciationAndAmortization": 2500000,
        "ebitda": 7700000,
        "ebitdaratio": 0.1959287532,
        "operatingIncome": 5200000,
        "operatingIncomeRatio": 0.1323155216,
        "totalOtherIncomeExpensesNet": 1100000,
        "incomeBeforeTax": 6300000,
        "incomeBeforeTaxRatio": 0.1603053435,
        "incomeTaxExpense": 2100000,
        "netIncome": 4200000,
        "netIncomeRatio": 0.106870229,
        "eps": 0.11,
        "epsdiluted": 0.11,
        "weightedAverageShsOut": 40000000,
        "weightedAverageShsOutDil": 40000000,
        "link": "https://www.sec.gov/Archives/edgar/data/26324/000002632495000007/0000026324-95-000007-index.html",
        "finalLink": "https://www.sec.gov/Archives/edgar/data/26324/"
    },
    {
        "date": "1995-03-31",
        "symbol": "CW",
        "reportedCurrency": "USD",
        "cik": "0000026324",
        "fillingDate": "1995-05-12",
        "acceptedDate": "1995-05-12 00:00:00",
        "calendarYear": "1995",
        "period": "Q1",
        "revenue": 39600000,
        "costOfRevenue": 23500000,
        "grossProfit": 16100000,
        "grossProfitRatio": 0.4065656566,
        "researchAndDevelopmentExpenses": 0,
        "generalAndAdministrativeExpenses": 8600000,
        "sellingAndMarketingExpenses": 0,
        "sellingGeneralAndAdministrativeExpenses": 8600000,
        "otherExpenses": 2500000,
        "operatingExpenses": 11100000,
        "costAndExpenses": 34600000,
        "interestIncome": 0,
        "interestExpense": 100000,
        "depreciationAndAmortization": 2500000,
        "ebitda": 7500000,
        "ebitdaratio": 0.1893939394,
        "operatingIncome": 5000000,
        "operatingIncomeRatio": 0.1262626263,
        "totalOtherIncomeExpensesNet": 1100000,
        "incomeBeforeTax": 6100000,
        "incomeBeforeTaxRatio": 0.154040404,
        "incomeTaxExpense": 2100000,
        "netIncome": 4000000,
        "netIncomeRatio": 0.101010101,
        "eps": 0.1,
        "epsdiluted": 0.1,
        "weightedAverageShsOut": 40000000,
        "weightedAverageShsOutDil": 40000000,
        "link": "https://www.sec.gov/Archives/edgar/data/26324/000002632495000003/0000026324-95-000003-index.html",
        "finalLink": "https://www.sec.gov/Archives/edgar/data/26324/"
    },
    {
        "date": "1994-12-31",
        "symbol": "CW",
        "reportedCurrency": "USD",
        "cik": "0000026324",
        "fillingDate": "1995-03-31",
        "acceptedDate": "1995-03-31 00:00:00",
        "calendarYear": "1994",
        "period": "Q4",
        "revenue": 41700000,
        "costOfRevenue": 24600000,
        "grossProfit": 17100000,
        "grossProfitRatio": 0.4100719424,
        "researchAndDevelopmentExpenses": 0,
        "generalAndAdministrativeExpenses": 6600000,
        "sellingAndMarketingExpenses": 0,
        "sellingGeneralAndAdministrativeExpenses": 6600000,
        "otherExpenses": 2800000,
        "operatingExpenses": 9400000,
        "costAndExpenses": 34000000,
        "interestIncome": 0,
        "interestExpense": 100000,
        "depreciationAndAmortization": 2800000,
        "ebitda": 10500000,
        "ebitdaratio": 0.2517985612,
        "operatingIncome": 7700000,
        "operatingIncomeRatio": 0.1846522782,
        "totalOtherIncomeExpensesNet": 400000,
        "incomeBeforeTax": 8100000,
        "incomeBeforeTaxRatio": 0.1942446043,
        "incomeTaxExpense": 2200000,
        "netIncome": 5900000,
        "netIncomeRatio": 0.1414868106,
        "eps": 0.15,
        "epsdiluted": 0.15,
        "weightedAverageShsOut": 40000000,
        "weightedAverageShsOutDil": 40000000,
        "link": "https://www.sec.gov/Archives/edgar/data/26324/000002632495000002/0000026324-95-000002-index.html",
        "finalLink": "https://www.sec.gov/Archives/edgar/data/26324/"
    },
    {
        "date": "1994-09-30",
        "symbol": "CW",
        "reportedCurrency": "USD",
        "cik": "0000026324",
        "fillingDate": "1994-11-14",
        "acceptedDate": "1994-11-14 00:00:00",
        "calendarYear": "1994",
        "period": "Q3",
        "revenue": 41100000,
        "costOfRevenue": 24400000,
        "grossProfit": 16700000,
        "grossProfitRatio": 0.4063260341,
        "researchAndDevelopmentExpenses": 0,
        "generalAndAdministrativeExpenses": 7900000,
        "sellingAndMarketingExpenses": 0,
        "sellingGeneralAndAdministrativeExpenses": 7900000,
        "otherExpenses": 2700000,
        "operatingExpenses": 10600000,
        "costAndExpenses": 35000000,
        "interestIncome": 0,
        "interestExpense": 100000,
        "depreciationAndAmortization": 2700000,
        "ebitda": 8800000,
        "ebitdaratio": 0.2141119221,
        "operatingIncome": 6100000,
        "operatingIncomeRatio": 0.1484184915,
        "totalOtherIncomeExpensesNet": 700000,
        "incomeBeforeTax": 6800000,
        "incomeBeforeTaxRatio": 0.1654501217,
        "incomeTaxExpense": 2600000,
        "netIncome": 4200000,
        "netIncomeRatio": 0.102189781,
        "eps": 0.1,
        "epsdiluted": 0.1,
        "weightedAverageShsOut": 40975610,
        "weightedAverageShsOutDil": 40975610,
        "link": "https://www.sec.gov/Archives/edgar/data/26324/000002632494000024/0000026324-94-000024-index.html",
        "finalLink": "https://www.sec.gov/Archives/edgar/data/26324/"
    },
    {
        "date": "1994-06-30",
        "symbol": "CW",
        "reportedCurrency": "USD",
        "cik": "0000026324",
        "fillingDate": "1994-08-15",
        "acceptedDate": "1994-08-15 00:00:00",
        "calendarYear": "1994",
        "period": "Q2",
        "revenue": 39500000,
        "costOfRevenue": 22400000,
        "grossProfit": 17100000,
        "grossProfitRatio": 0.4329113924,
        "researchAndDevelopmentExpenses": 0,
        "generalAndAdministrativeExpenses": 7800000,
        "sellingAndMarketingExpenses": 0,
        "sellingGeneralAndAdministrativeExpenses": 7800000,
        "otherExpenses": 2700000,
        "operatingExpenses": 10500000,
        "costAndExpenses": 32900000,
        "interestIncome": 0,
        "interestExpense": 100000,
        "depreciationAndAmortization": 2700000,
        "ebitda": 9300000,
        "ebitdaratio": 0.235443038,
        "operatingIncome": 6600000,
        "operatingIncomeRatio": 0.1670886076,
        "totalOtherIncomeExpensesNet": 800000,
        "incomeBeforeTax": 7400000,
        "incomeBeforeTaxRatio": 0.1873417722,
        "incomeTaxExpense": 2100000,
        "netIncome": 5300000,
        "netIncomeRatio": 0.1341772152,
        "eps": 0.13,
        "epsdiluted": 0.13,
        "weightedAverageShsOut": 40000000,
        "weightedAverageShsOutDil": 40000000,
        "link": "https://www.sec.gov/Archives/edgar/data/26324/000002632494000023/0000026324-94-000023-index.html",
        "finalLink": "https://www.sec.gov/Archives/edgar/data/26324/"
    },
    {
        "date": "1994-03-29",
        "symbol": "CW",
        "reportedCurrency": "USD",
        "cik": "0000026324",
        "fillingDate": "1994-03-31",
        "acceptedDate": "1994-03-31 00:00:00",
        "calendarYear": "1994",
        "period": "Q1",
        "revenue": 40700000,
        "costOfRevenue": 24400000,
        "grossProfit": 16300000,
        "grossProfitRatio": 0.4004914005,
        "researchAndDevelopmentExpenses": 0,
        "generalAndAdministrativeExpenses": 7900000,
        "sellingAndMarketingExpenses": 0,
        "sellingGeneralAndAdministrativeExpenses": 7900000,
        "otherExpenses": 2700000,
        "operatingExpenses": 10600000,
        "costAndExpenses": 35000000,
        "interestIncome": 0,
        "interestExpense": 100000,
        "depreciationAndAmortization": 2700000,
        "ebitda": 8400000,
        "ebitdaratio": 0.2063882064,
        "operatingIncome": 5700000,
        "operatingIncomeRatio": 0.14004914,
        "totalOtherIncomeExpensesNet": 900000,
        "incomeBeforeTax": 6600000,
        "incomeBeforeTaxRatio": 0.1621621622,
        "incomeTaxExpense": 2300000,
        "netIncome": 4000000,
        "netIncomeRatio": 0.0982800983,
        "eps": 0.1,
        "epsdiluted": 0.1,
        "weightedAverageShsOut": 40000000,
        "weightedAverageShsOutDil": 40000000,
        "link": "https://www.sec.gov/Archives/edgar/data/26324/000002632494000006/0000026324-94-000006-index.html",
        "finalLink": "https://www.sec.gov/Archives/edgar/data/26324/"
    },
    {
        "date": "1993-12-31",
        "symbol": "CW",
        "reportedCurrency": "USD",
        "cik": "0000026324",
        "fillingDate": "1993-12-31",
        "acceptedDate": "1993-12-30 19:00:00",
        "calendarYear": "1993",
        "period": "Q4",
        "revenue": 32500000,
        "costOfRevenue": 26400000,
        "grossProfit": 6100000,
        "grossProfitRatio": 0.1876923077,
        "researchAndDevelopmentExpenses": 0,
        "generalAndAdministrativeExpenses": 0,
        "sellingAndMarketingExpenses": 0,
        "sellingGeneralAndAdministrativeExpenses": 30400000,
        "otherExpenses": 2500000,
        "operatingExpenses": 32900000,
        "costAndExpenses": 59300000,
        "interestIncome": 0,
        "interestExpense": 100000,
        "depreciationAndAmortization": 2500000,
        "ebitda": -24300000,
        "ebitdaratio": -0.7476923077,
        "operatingIncome": -26800000,
        "operatingIncomeRatio": -0.8246153846,
        "totalOtherIncomeExpensesNet": 11300000,
        "incomeBeforeTax": -15500000,
        "incomeBeforeTaxRatio": -0.4769230769,
        "incomeTaxExpense": -1700000,
        "netIncome": -13800000,
        "netIncomeRatio": -0.4246153846,
        "eps": -0.34,
        "epsdiluted": -0.34,
        "weightedAverageShsOut": 40000000,
        "weightedAverageShsOutDil": 40000000,
        "link": "",
        "finalLink": ""
    },
    {
        "date": "1993-09-30",
        "symbol": "CW",
        "reportedCurrency": "USD",
        "cik": "0000026324",
        "fillingDate": "1993-09-30",
        "acceptedDate": "1993-09-29 20:00:00",
        "calendarYear": "1993",
        "period": "Q3",
        "revenue": 38800000,
        "costOfRevenue": 20400000,
        "grossProfit": 18400000,
        "grossProfitRatio": 0.4742268041,
        "researchAndDevelopmentExpenses": 0,
        "generalAndAdministrativeExpenses": 8100000,
        "sellingAndMarketingExpenses": 0,
        "sellingGeneralAndAdministrativeExpenses": 8100000,
        "otherExpenses": 6000000,
        "operatingExpenses": 14100000,
        "costAndExpenses": 34500000,
        "interestIncome": 0,
        "interestExpense": 100000,
        "depreciationAndAmortization": 3000000,
        "ebitda": 10300000,
        "ebitdaratio": 0.2654639175,
        "operatingIncome": 4300000,
        "operatingIncomeRatio": 0.1108247423,
        "totalOtherIncomeExpensesNet": -100000,
        "incomeBeforeTax": 4200000,
        "incomeBeforeTaxRatio": 0.1082474227,
        "incomeTaxExpense": 1500000,
        "netIncome": 2700000,
        "netIncomeRatio": 0.0695876289,
        "eps": 0.0675,
        "epsdiluted": 0.0675,
        "weightedAverageShsOut": 40000000,
        "weightedAverageShsOutDil": 40000000,
        "link": "",
        "finalLink": ""
    },
    {
        "date": "1993-06-30",
        "symbol": "CW",
        "reportedCurrency": "USD",
        "cik": "0000026324",
        "fillingDate": "1993-06-30",
        "acceptedDate": "1993-06-29 20:00:00",
        "calendarYear": "1993",
        "period": "Q2",
        "revenue": 40900000,
        "costOfRevenue": 24900000,
        "grossProfit": 16000000,
        "grossProfitRatio": 0.391198044,
        "researchAndDevelopmentExpenses": 0,
        "generalAndAdministrativeExpenses": 8900000,
        "sellingAndMarketingExpenses": 0,
        "sellingGeneralAndAdministrativeExpenses": 8900000,
        "otherExpenses": 3000000,
        "operatingExpenses": 11900000,
        "costAndExpenses": 36800000,
        "interestIncome": 0,
        "interestExpense": 200000,
        "depreciationAndAmortization": 3000000,
        "ebitda": 7100000,
        "ebitdaratio": 0.173594132,
        "operatingIncome": 4100000,
        "operatingIncomeRatio": 0.1002444988,
        "totalOtherIncomeExpensesNet": 2600000,
        "incomeBeforeTax": 6700000,
        "incomeBeforeTaxRatio": 0.1638141809,
        "incomeTaxExpense": 2400000,
        "netIncome": 4300000,
        "netIncomeRatio": 0.1051344743,
        "eps": 0.11,
        "epsdiluted": 0.11,
        "weightedAverageShsOut": 40000000,
        "weightedAverageShsOutDil": 40000000,
        "link": "",
        "finalLink": ""
    },
    {
        "date": "1993-03-31",
        "symbol": "CW",
        "reportedCurrency": "USD",
        "cik": "0000026324",
        "fillingDate": "1993-03-31",
        "acceptedDate": "1993-03-30 19:00:00",
        "calendarYear": "1993",
        "period": "Q1",
        "revenue": 40700000,
        "costOfRevenue": 26400000,
        "grossProfit": 14300000,
        "grossProfitRatio": 0.3513513514,
        "researchAndDevelopmentExpenses": 0,
        "generalAndAdministrativeExpenses": 8500000,
        "sellingAndMarketingExpenses": 0,
        "sellingGeneralAndAdministrativeExpenses": 8500000,
        "otherExpenses": 3000000,
        "operatingExpenses": 11500000,
        "costAndExpenses": 37900000,
        "interestIncome": 0,
        "interestExpense": 100000,
        "depreciationAndAmortization": 3000000,
        "ebitda": 5800000,
        "ebitdaratio": 0.1425061425,
        "operatingIncome": 2800000,
        "operatingIncomeRatio": 0.0687960688,
        "totalOtherIncomeExpensesNet": 3200000,
        "incomeBeforeTax": 6000000,
        "incomeBeforeTaxRatio": 0.1474201474,
        "incomeTaxExpense": 2200000,
        "netIncome": 1100000,
        "netIncomeRatio": 0.027027027,
        "eps": 0.0275,
        "epsdiluted": 0.0275,
        "weightedAverageShsOut": 40000000,
        "weightedAverageShsOutDil": 40000000,
        "link": "",
        "finalLink": ""
    },
    {
        "date": "1992-12-31",
        "symbol": "CW",
        "reportedCurrency": "USD",
        "cik": "0000026324",
        "fillingDate": "1992-12-31",
        "acceptedDate": "1992-12-30 19:00:00",
        "calendarYear": "1992",
        "period": "Q4",
        "revenue": 37100000,
        "costOfRevenue": 27100000,
        "grossProfit": 10000000,
        "grossProfitRatio": 0.269541779,
        "researchAndDevelopmentExpenses": 0,
        "generalAndAdministrativeExpenses": 0,
        "sellingAndMarketingExpenses": 0,
        "sellingGeneralAndAdministrativeExpenses": 6600000,
        "otherExpenses": 2800000,
        "operatingExpenses": 9400000,
        "costAndExpenses": 36500000,
        "interestIncome": 0,
        "interestExpense": 300000,
        "depreciationAndAmortization": 2800000,
        "ebitda": 3400000,
        "ebitdaratio": 0.0916442049,
        "operatingIncome": 600000,
        "operatingIncomeRatio": 0.0161725067,
        "totalOtherIncomeExpensesNet": 8200000,
        "incomeBeforeTax": 8800000,
        "incomeBeforeTaxRatio": 0.2371967655,
        "incomeTaxExpense": 4300000,
        "netIncome": 4500000,
        "netIncomeRatio": 0.1212938005,
        "eps": 0.11,
        "epsdiluted": 0.11,
        "weightedAverageShsOut": 40076607,
        "weightedAverageShsOutDil": 40851064,
        "link": "",
        "finalLink": ""
    },
    {
        "date": "1992-09-30",
        "symbol": "CW",
        "reportedCurrency": "USD",
        "cik": "0000026324",
        "fillingDate": "1992-09-30",
        "acceptedDate": "1992-09-29 20:00:00",
        "calendarYear": "1992",
        "period": "Q3",
        "revenue": 46600000,
        "costOfRevenue": 28100000,
        "grossProfit": 18500000,
        "grossProfitRatio": 0.3969957082,
        "researchAndDevelopmentExpenses": 0,
        "generalAndAdministrativeExpenses": 9100000,
        "sellingAndMarketingExpenses": 0,
        "sellingGeneralAndAdministrativeExpenses": 9100000,
        "otherExpenses": 3000000,
        "operatingExpenses": 12100000,
        "costAndExpenses": 40200000,
        "interestIncome": 0,
        "interestExpense": 400000,
        "depreciationAndAmortization": 2900000,
        "ebitda": 9400000,
        "ebitdaratio": 0.2017167382,
        "operatingIncome": 6400000,
        "operatingIncomeRatio": 0.1373390558,
        "totalOtherIncomeExpensesNet": 700000,
        "incomeBeforeTax": 7100000,
        "incomeBeforeTaxRatio": 0.152360515,
        "incomeTaxExpense": 2300000,
        "netIncome": 4800000,
        "netIncomeRatio": 0.1030042918,
        "eps": 0.12,
        "epsdiluted": 0.12,
        "weightedAverageShsOut": 40851064,
        "weightedAverageShsOutDil": 40851064,
        "link": "",
        "finalLink": ""
    },
    {
        "date": "1992-06-30",
        "symbol": "CW",
        "reportedCurrency": "USD",
        "cik": "0000026324",
        "fillingDate": "1992-06-30",
        "acceptedDate": "1992-06-29 20:00:00",
        "calendarYear": "1992",
        "period": "Q2",
        "revenue": 47300000,
        "costOfRevenue": 27700000,
        "grossProfit": 19600000,
        "grossProfitRatio": 0.4143763214,
        "researchAndDevelopmentExpenses": 0,
        "generalAndAdministrativeExpenses": 9700000,
        "sellingAndMarketingExpenses": 0,
        "sellingGeneralAndAdministrativeExpenses": 9700000,
        "otherExpenses": 3100000,
        "operatingExpenses": 12800000,
        "costAndExpenses": 40500000,
        "interestIncome": 0,
        "interestExpense": 700000,
        "depreciationAndAmortization": 3200000,
        "ebitda": 10000000,
        "ebitdaratio": 0.2114164905,
        "operatingIncome": 6800000,
        "operatingIncomeRatio": 0.1437632135,
        "totalOtherIncomeExpensesNet": 1000000,
        "incomeBeforeTax": 7800000,
        "incomeBeforeTaxRatio": 0.1649048626,
        "incomeTaxExpense": 2200000,
        "netIncome": 5600000,
        "netIncomeRatio": 0.1183932347,
        "eps": 0.14,
        "epsdiluted": 0.14,
        "weightedAverageShsOut": 40000000,
        "weightedAverageShsOutDil": 40000000,
        "link": "",
        "finalLink": ""
    },
    {
        "date": "1992-03-31",
        "symbol": "CW",
        "reportedCurrency": "USD",
        "cik": "0000026324",
        "fillingDate": "1992-03-31",
        "acceptedDate": "1992-03-30 19:00:00",
        "calendarYear": "1992",
        "period": "Q1",
        "revenue": 51100000,
        "costOfRevenue": 28500000,
        "grossProfit": 22600000,
        "grossProfitRatio": 0.4422700587,
        "researchAndDevelopmentExpenses": 0,
        "generalAndAdministrativeExpenses": 10400000,
        "sellingAndMarketingExpenses": 0,
        "sellingGeneralAndAdministrativeExpenses": 10400000,
        "otherExpenses": 3000000,
        "operatingExpenses": 13400000,
        "costAndExpenses": 41900000,
        "interestIncome": 0,
        "interestExpense": 0,
        "depreciationAndAmortization": 3000000,
        "ebitda": 12200000,
        "ebitdaratio": 0.2387475538,
        "operatingIncome": 9200000,
        "operatingIncomeRatio": 0.1800391389,
        "totalOtherIncomeExpensesNet": -100000,
        "incomeBeforeTax": 9100000,
        "incomeBeforeTaxRatio": 0.1780821918,
        "incomeTaxExpense": 2200000,
        "netIncome": 6900000,
        "netIncomeRatio": 0.1350293542,
        "eps": 0.17,
        "epsdiluted": 0.17,
        "weightedAverageShsOut": 40588235,
        "weightedAverageShsOutDil": 40588235,
        "link": "",
        "finalLink": ""
    },
    {
        "date": "1991-12-31",
        "symbol": "CW",
        "reportedCurrency": "USD",
        "cik": "0000026324",
        "fillingDate": "1991-12-31",
        "acceptedDate": "1991-12-30 19:00:00",
        "calendarYear": "1991",
        "period": "Q4",
        "revenue": 34700000,
        "costOfRevenue": 27000000,
        "grossProfit": 7700000,
        "grossProfitRatio": 0.2219020173,
        "researchAndDevelopmentExpenses": 0,
        "generalAndAdministrativeExpenses": 0,
        "sellingAndMarketingExpenses": 0,
        "sellingGeneralAndAdministrativeExpenses": 9400000,
        "otherExpenses": 3000000,
        "operatingExpenses": 12400000,
        "costAndExpenses": 39400000,
        "interestIncome": 0,
        "interestExpense": 300000,
        "depreciationAndAmortization": 3000000,
        "ebitda": -1700000,
        "ebitdaratio": -0.0489913545,
        "operatingIncome": -4700000,
        "operatingIncomeRatio": -0.1354466859,
        "totalOtherIncomeExpensesNet": 11100000,
        "incomeBeforeTax": 6400000,
        "incomeBeforeTaxRatio": 0.1844380403,
        "incomeTaxExpense": 2100000,
        "netIncome": 4300000,
        "netIncomeRatio": 0.1239193084,
        "eps": 0.11,
        "epsdiluted": 0.11,
        "weightedAverageShsOut": 40000000,
        "weightedAverageShsOutDil": 40000000,
        "link": "",
        "finalLink": ""
    },
    {
        "date": "1991-09-30",
        "symbol": "CW",
        "reportedCurrency": "USD",
        "cik": "0000026324",
        "fillingDate": "1991-09-30",
        "acceptedDate": "1991-09-29 20:00:00",
        "calendarYear": "1991",
        "period": "Q3",
        "revenue": 46900000,
        "costOfRevenue": 27100000,
        "grossProfit": 19800000,
        "grossProfitRatio": 0.4221748401,
        "researchAndDevelopmentExpenses": 0,
        "generalAndAdministrativeExpenses": 10000000,
        "sellingAndMarketingExpenses": 0,
        "sellingGeneralAndAdministrativeExpenses": 10000000,
        "otherExpenses": 3100000,
        "operatingExpenses": 13100000,
        "costAndExpenses": 40200000,
        "interestIncome": 0,
        "interestExpense": 400000,
        "depreciationAndAmortization": 3000000,
        "ebitda": 9800000,
        "ebitdaratio": 0.2089552239,
        "operatingIncome": 6700000,
        "operatingIncomeRatio": 0.1428571429,
        "totalOtherIncomeExpensesNet": -200000,
        "incomeBeforeTax": 6500000,
        "incomeBeforeTaxRatio": 0.1385927505,
        "incomeTaxExpense": 2300000,
        "netIncome": 4200000,
        "netIncomeRatio": 0.0895522388,
        "eps": 0.11,
        "epsdiluted": 0.11,
        "weightedAverageShsOut": 40000000,
        "weightedAverageShsOutDil": 40000000,
        "link": "",
        "finalLink": ""
    },
    {
        "date": "1991-06-30",
        "symbol": "CW",
        "reportedCurrency": "USD",
        "cik": "0000026324",
        "fillingDate": "1991-06-30",
        "acceptedDate": "1991-06-29 20:00:00",
        "calendarYear": "1991",
        "period": "Q2",
        "revenue": 54400000,
        "costOfRevenue": 31600000,
        "grossProfit": 22800000,
        "grossProfitRatio": 0.4191176471,
        "researchAndDevelopmentExpenses": 0,
        "generalAndAdministrativeExpenses": 10500000,
        "sellingAndMarketingExpenses": 0,
        "sellingGeneralAndAdministrativeExpenses": 10500000,
        "otherExpenses": 3100000,
        "operatingExpenses": 13600000,
        "costAndExpenses": 45200000,
        "interestIncome": 0,
        "interestExpense": 500000,
        "depreciationAndAmortization": 3100000,
        "ebitda": 12300000,
        "ebitdaratio": 0.2261029412,
        "operatingIncome": 9200000,
        "operatingIncomeRatio": 0.1691176471,
        "totalOtherIncomeExpensesNet": -400000,
        "incomeBeforeTax": 8800000,
        "incomeBeforeTaxRatio": 0.1617647059,
        "incomeTaxExpense": 2900000,
        "netIncome": 5900000,
        "netIncomeRatio": 0.1084558824,
        "eps": 0.15,
        "epsdiluted": 0.15,
        "weightedAverageShsOut": 40000000,
        "weightedAverageShsOutDil": 40000000,
        "link": "",
        "finalLink": ""
    },
    {
        "date": "1991-03-31",
        "symbol": "CW",
        "reportedCurrency": "USD",
        "cik": "0000026324",
        "fillingDate": "1991-03-31",
        "acceptedDate": "1991-03-30 19:00:00",
        "calendarYear": "1991",
        "period": "Q1",
        "revenue": 55300000,
        "costOfRevenue": 32100000,
        "grossProfit": 23200000,
        "grossProfitRatio": 0.4195298373,
        "researchAndDevelopmentExpenses": 0,
        "generalAndAdministrativeExpenses": 9600000,
        "sellingAndMarketingExpenses": 0,
        "sellingGeneralAndAdministrativeExpenses": 9600000,
        "otherExpenses": 3100000,
        "operatingExpenses": 12700000,
        "costAndExpenses": 44800000,
        "interestIncome": 0,
        "interestExpense": 400000,
        "depreciationAndAmortization": 3100000,
        "ebitda": 13600000,
        "ebitdaratio": 0.2459312839,
        "operatingIncome": 10500000,
        "operatingIncomeRatio": 0.1898734177,
        "totalOtherIncomeExpensesNet": -300000,
        "incomeBeforeTax": 10200000,
        "incomeBeforeTaxRatio": 0.1844484629,
        "incomeTaxExpense": 3400000,
        "netIncome": 6800000,
        "netIncomeRatio": 0.122965642,
        "eps": 0.17,
        "epsdiluted": 0.17,
        "weightedAverageShsOut": 40000000,
        "weightedAverageShsOutDil": 40000000,
        "link": "",
        "finalLink": ""
    },
    {
        "date": "1990-12-31",
        "symbol": "CW",
        "reportedCurrency": "USD",
        "cik": "0000026324",
        "fillingDate": "1990-12-31",
        "acceptedDate": "1990-12-30 19:00:00",
        "calendarYear": "1990",
        "period": "Q4",
        "revenue": 39800000,
        "costOfRevenue": 33300000,
        "grossProfit": 6500000,
        "grossProfitRatio": 0.1633165829,
        "researchAndDevelopmentExpenses": 0,
        "generalAndAdministrativeExpenses": 0,
        "sellingAndMarketingExpenses": 0,
        "sellingGeneralAndAdministrativeExpenses": -10400000,
        "otherExpenses": 2900000,
        "operatingExpenses": -7500000,
        "costAndExpenses": 25800000,
        "interestIncome": 0,
        "interestExpense": 600000,
        "depreciationAndAmortization": 2900000,
        "ebitda": 16900000,
        "ebitdaratio": 0.4246231156,
        "operatingIncome": 14000000,
        "operatingIncomeRatio": 0.351758794,
        "totalOtherIncomeExpensesNet": -8400000,
        "incomeBeforeTax": 5600000,
        "incomeBeforeTaxRatio": 0.1407035176,
        "incomeTaxExpense": 1500000,
        "netIncome": 4100000,
        "netIncomeRatio": 0.1030150754,
        "eps": 0.1,
        "epsdiluted": 0.1,
        "weightedAverageShsOut": 40000000,
        "weightedAverageShsOutDil": 40000000,
        "link": "",
        "finalLink": ""
    },
    {
        "date": "1990-09-30",
        "symbol": "CW",
        "reportedCurrency": "USD",
        "cik": "0000026324",
        "fillingDate": "1990-09-30",
        "acceptedDate": "1990-09-29 20:00:00",
        "calendarYear": "1990",
        "period": "Q3",
        "revenue": 51600000,
        "costOfRevenue": 28300000,
        "grossProfit": 23300000,
        "grossProfitRatio": 0.4515503876,
        "researchAndDevelopmentExpenses": 0,
        "generalAndAdministrativeExpenses": 33000000,
        "sellingAndMarketingExpenses": 0,
        "sellingGeneralAndAdministrativeExpenses": 33000000,
        "otherExpenses": 3000000,
        "operatingExpenses": 36000000,
        "costAndExpenses": 64300000,
        "interestIncome": 0,
        "interestExpense": 900000,
        "depreciationAndAmortization": 3000000,
        "ebitda": -9700000,
        "ebitdaratio": -0.1879844961,
        "operatingIncome": -12700000,
        "operatingIncomeRatio": -0.246124031,
        "totalOtherIncomeExpensesNet": -600000,
        "incomeBeforeTax": -13300000,
        "incomeBeforeTaxRatio": -0.257751938,
        "incomeTaxExpense": -4500000,
        "netIncome": -8800000,
        "netIncomeRatio": -0.1705426357,
        "eps": -0.22,
        "epsdiluted": -0.22,
        "weightedAverageShsOut": 40000000,
        "weightedAverageShsOutDil": 40000000,
        "link": "",
        "finalLink": ""
    },
    {
        "date": "1990-06-30",
        "symbol": "CW",
        "reportedCurrency": "USD",
        "cik": "0000026324",
        "fillingDate": "1990-06-30",
        "acceptedDate": "1990-06-29 20:00:00",
        "calendarYear": "1990",
        "period": "Q2",
        "revenue": 56500000,
        "costOfRevenue": 31900000,
        "grossProfit": 24600000,
        "grossProfitRatio": 0.4353982301,
        "researchAndDevelopmentExpenses": 0,
        "generalAndAdministrativeExpenses": 9700000,
        "sellingAndMarketingExpenses": 0,
        "sellingGeneralAndAdministrativeExpenses": 9700000,
        "otherExpenses": 2900000,
        "operatingExpenses": 12600000,
        "costAndExpenses": 44500000,
        "interestIncome": 0,
        "interestExpense": 1000000,
        "depreciationAndAmortization": 2900000,
        "ebitda": 14900000,
        "ebitdaratio": 0.2637168142,
        "operatingIncome": 12000000,
        "operatingIncomeRatio": 0.2123893805,
        "totalOtherIncomeExpensesNet": -900000,
        "incomeBeforeTax": 11100000,
        "incomeBeforeTaxRatio": 0.196460177,
        "incomeTaxExpense": 3400000,
        "netIncome": 7700000,
        "netIncomeRatio": 0.1362831858,
        "eps": 0.18,
        "epsdiluted": 0.18,
        "weightedAverageShsOut": 42191781,
        "weightedAverageShsOutDil": 42191781,
        "link": "",
        "finalLink": ""
    },
    {
        "date": "1990-03-31",
        "symbol": "CW",
        "reportedCurrency": "USD",
        "cik": "0000026324",
        "fillingDate": "1990-03-31",
        "acceptedDate": "1990-03-30 19:00:00",
        "calendarYear": "1990",
        "period": "Q1",
        "revenue": 53000000,
        "costOfRevenue": 31400000,
        "grossProfit": 21600000,
        "grossProfitRatio": 0.4075471698,
        "researchAndDevelopmentExpenses": 0,
        "generalAndAdministrativeExpenses": 11300000,
        "sellingAndMarketingExpenses": 0,
        "sellingGeneralAndAdministrativeExpenses": 11300000,
        "otherExpenses": 3000000,
        "operatingExpenses": 14300000,
        "costAndExpenses": 45700000,
        "interestIncome": 0,
        "interestExpense": 900000,
        "depreciationAndAmortization": 3000000,
        "ebitda": 10300000,
        "ebitdaratio": 0.1943396226,
        "operatingIncome": 7300000,
        "operatingIncomeRatio": 0.1377358491,
        "totalOtherIncomeExpensesNet": -7300000,
        "incomeBeforeTax": 5000000,
        "incomeBeforeTaxRatio": 0.0943396226,
        "incomeTaxExpense": 3400000,
        "netIncome": 3900000,
        "netIncomeRatio": 0.0735849057,
        "eps": 0.11,
        "epsdiluted": 0.11,
        "weightedAverageShsOut": 35454545,
        "weightedAverageShsOutDil": 35454545,
        "link": "",
        "finalLink": ""
    },
    {
        "date": "1989-12-31",
        "symbol": "CW",
        "reportedCurrency": "USD",
        "cik": "0000026324",
        "fillingDate": "1989-12-31",
        "acceptedDate": "1989-12-30 19:00:00",
        "calendarYear": "1989",
        "period": "Q4",
        "revenue": 45300000,
        "costOfRevenue": 20600000,
        "grossProfit": 24700000,
        "grossProfitRatio": 0.5452538631,
        "researchAndDevelopmentExpenses": 0,
        "generalAndAdministrativeExpenses": 0,
        "sellingAndMarketingExpenses": 0,
        "sellingGeneralAndAdministrativeExpenses": 20000000,
        "otherExpenses": 2600000,
        "operatingExpenses": 22600000,
        "costAndExpenses": 43200000,
        "interestIncome": 0,
        "interestExpense": 800000,
        "depreciationAndAmortization": 2600000,
        "ebitda": 4700000,
        "ebitdaratio": 0.1037527594,
        "operatingIncome": 2100000,
        "operatingIncomeRatio": 0.0463576159,
        "totalOtherIncomeExpensesNet": 1000000,
        "incomeBeforeTax": 3100000,
        "incomeBeforeTaxRatio": 0.0684326711,
        "incomeTaxExpense": 4500000,
        "netIncome": -1400000,
        "netIncomeRatio": -0.0309050773,
        "eps": -0.0359,
        "epsdiluted": -0.035,
        "weightedAverageShsOut": 39032000,
        "weightedAverageShsOutDil": 40000000,
        "link": "",
        "finalLink": ""
    },
    {
        "date": "1989-09-30",
        "symbol": "CW",
        "reportedCurrency": "USD",
        "cik": "0000026324",
        "fillingDate": "1989-09-30",
        "acceptedDate": "1989-09-29 20:00:00",
        "calendarYear": "1989",
        "period": "Q3",
        "revenue": 47900000,
        "costOfRevenue": 35300000,
        "grossProfit": 12600000,
        "grossProfitRatio": 0.2630480167,
        "researchAndDevelopmentExpenses": 0,
        "generalAndAdministrativeExpenses": 9100000,
        "sellingAndMarketingExpenses": 0,
        "sellingGeneralAndAdministrativeExpenses": 9100000,
        "otherExpenses": 1500000,
        "operatingExpenses": 10600000,
        "costAndExpenses": 45900000,
        "interestIncome": 0,
        "interestExpense": 800000,
        "depreciationAndAmortization": 3000000,
        "ebitda": 5000000,
        "ebitdaratio": 0.1043841336,
        "operatingIncome": 2000000,
        "operatingIncomeRatio": 0.0417536534,
        "totalOtherIncomeExpensesNet": 12500000,
        "incomeBeforeTax": 14500000,
        "incomeBeforeTaxRatio": 0.3027139875,
        "incomeTaxExpense": 5500000,
        "netIncome": 9000000,
        "netIncomeRatio": 0.1878914405,
        "eps": 0.33,
        "epsdiluted": 0.33,
        "weightedAverageShsOut": 40000000,
        "weightedAverageShsOutDil": 40000000,
        "link": "",
        "finalLink": ""
    },
    {
        "date": "1989-06-30",
        "symbol": "CW",
        "reportedCurrency": "USD",
        "cik": "0000026324",
        "fillingDate": "1989-06-30",
        "acceptedDate": "1989-06-29 20:00:00",
        "calendarYear": "1989",
        "period": "Q2",
        "revenue": 47700000,
        "costOfRevenue": 29300000,
        "grossProfit": 18400000,
        "grossProfitRatio": 0.3857442348,
        "researchAndDevelopmentExpenses": 0,
        "generalAndAdministrativeExpenses": 9500000,
        "sellingAndMarketingExpenses": 0,
        "sellingGeneralAndAdministrativeExpenses": 9500000,
        "otherExpenses": 2900000,
        "operatingExpenses": 12400000,
        "costAndExpenses": 41700000,
        "interestIncome": 0,
        "interestExpense": 700000,
        "depreciationAndAmortization": 2900000,
        "ebitda": 8900000,
        "ebitdaratio": 0.1865828092,
        "operatingIncome": 6000000,
        "operatingIncomeRatio": 0.1257861635,
        "totalOtherIncomeExpensesNet": 3600000,
        "incomeBeforeTax": 9600000,
        "incomeBeforeTaxRatio": 0.2012578616,
        "incomeTaxExpense": 2500000,
        "netIncome": 7100000,
        "netIncomeRatio": 0.1488469602,
        "eps": 0.19,
        "epsdiluted": 0.19,
        "weightedAverageShsOut": 37866667,
        "weightedAverageShsOutDil": 37866667,
        "link": "",
        "finalLink": ""
    },
    {
        "date": "1989-03-31",
        "symbol": "CW",
        "reportedCurrency": "USD",
        "cik": "0000026324",
        "fillingDate": "1989-03-31",
        "acceptedDate": "1989-03-30 19:00:00",
        "calendarYear": "1989",
        "period": "Q1",
        "revenue": 46700000,
        "costOfRevenue": 0,
        "grossProfit": 46700000,
        "grossProfitRatio": 1,
        "researchAndDevelopmentExpenses": 0,
        "generalAndAdministrativeExpenses": 0,
        "sellingAndMarketingExpenses": 0,
        "sellingGeneralAndAdministrativeExpenses": 0,
        "otherExpenses": 46700000,
        "operatingExpenses": 46700000,
        "costAndExpenses": 46700000,
        "interestIncome": 0,
        "interestExpense": 0,
        "depreciationAndAmortization": 0,
        "ebitda": 46700000,
        "ebitdaratio": 1,
        "operatingIncome": 46700000,
        "operatingIncomeRatio": 1,
        "totalOtherIncomeExpensesNet": -46700000,
        "incomeBeforeTax": 0,
        "incomeBeforeTaxRatio": 0,
        "incomeTaxExpense": 0,
        "netIncome": 5500000,
        "netIncomeRatio": 0.1177730193,
        "eps": 0.14,
        "epsdiluted": 0.14,
        "weightedAverageShsOut": 40144000,
        "weightedAverageShsOutDil": 40144000,
        "link": "",
        "finalLink": ""
    }
]