[
    {
        "date": "2020-09-30",
        "symbol": "CXO",
        "reportedCurrency": "USD",
        "cik": "0001358071",
        "fillingDate": "2020-10-27",
        "acceptedDate": "2020-10-27 16:09:19",
        "calendarYear": "2020",
        "period": "Q3",
        "revenue": 834000000,
        "costOfRevenue": 474000000,
        "grossProfit": 360000000,
        "grossProfitRatio": 0.4316546763,
        "researchAndDevelopmentExpenses": 0,
        "generalAndAdministrativeExpenses": 70000000,
        "sellingAndMarketingExpenses": 46000000,
        "sellingGeneralAndAdministrativeExpenses": 116000000,
        "otherExpenses": 16000000,
        "operatingExpenses": 132000000,
        "costAndExpenses": 606000000,
        "interestIncome": 0,
        "interestExpense": 44000000,
        "depreciationAndAmortization": -219000000,
        "ebitda": 9000000,
        "ebitdaratio": 0.0107913669,
        "operatingIncome": 228000000,
        "operatingIncomeRatio": 0.273381295,
        "totalOtherIncomeExpensesNet": -263000000,
        "incomeBeforeTax": -35000000,
        "incomeBeforeTaxRatio": -0.0419664269,
        "incomeTaxExpense": 26000000,
        "netIncome": -61000000,
        "netIncomeRatio": -0.0731414868,
        "eps": -0.31,
        "epsdiluted": -0.31,
        "weightedAverageShsOut": 195323000,
        "weightedAverageShsOutDil": 195323000,
        "link": "https://www.sec.gov/Archives/edgar/data/1358071/000135807120000059/0001358071-20-000059-index.htm",
        "finalLink": "https://www.sec.gov/Archives/edgar/data/1358071/000135807120000059/cxo-20200930.htm"
    },
    {
        "date": "2020-06-30",
        "symbol": "CXO",
        "reportedCurrency": "USD",
        "cik": "0001358071",
        "fillingDate": "2020-07-31",
        "acceptedDate": "2020-07-30 20:03:20",
        "calendarYear": "2020",
        "period": "Q2",
        "revenue": 474000000,
        "costOfRevenue": 449000000,
        "grossProfit": 25000000,
        "grossProfitRatio": 0.052742616,
        "researchAndDevelopmentExpenses": 0,
        "generalAndAdministrativeExpenses": 65000000,
        "sellingAndMarketingExpenses": 43000000,
        "sellingGeneralAndAdministrativeExpenses": 108000000,
        "otherExpenses": 18000000,
        "operatingExpenses": 126000000,
        "costAndExpenses": 575000000,
        "interestIncome": 0,
        "interestExpense": 41000000,
        "depreciationAndAmortization": -425000000,
        "ebitda": -526000000,
        "ebitdaratio": -1.1097046414,
        "operatingIncome": -101000000,
        "operatingIncomeRatio": -0.2130801688,
        "totalOtherIncomeExpensesNet": -466000000,
        "incomeBeforeTax": -567000000,
        "incomeBeforeTaxRatio": -1.1962025316,
        "incomeTaxExpense": -132000000,
        "netIncome": -435000000,
        "netIncomeRatio": -0.917721519,
        "eps": -2.23,
        "epsdiluted": -2.23,
        "weightedAverageShsOut": 195285000,
        "weightedAverageShsOutDil": 195285000,
        "link": "https://www.sec.gov/Archives/edgar/data/1358071/000135807120000045/0001358071-20-000045-index.htm",
        "finalLink": "https://www.sec.gov/Archives/edgar/data/1358071/000135807120000045/cxo-20200630.htm"
    },
    {
        "date": "2020-03-31",
        "symbol": "CXO",
        "reportedCurrency": "USD",
        "cik": "0001358071",
        "fillingDate": "2020-05-01",
        "acceptedDate": "2020-05-01 16:08:55",
        "calendarYear": "2020",
        "period": "Q1",
        "revenue": 922000000,
        "costOfRevenue": 762000000,
        "grossProfit": 160000000,
        "grossProfitRatio": 0.1735357918,
        "researchAndDevelopmentExpenses": 0,
        "generalAndAdministrativeExpenses": 69000000,
        "sellingAndMarketingExpenses": 50000000,
        "sellingGeneralAndAdministrativeExpenses": 119000000,
        "otherExpenses": 2721000000,
        "operatingExpenses": 2840000000,
        "costAndExpenses": 3602000000,
        "interestIncome": 0,
        "interestExpense": 42000000,
        "depreciationAndAmortization": -8122000000,
        "ebitda": -10802000000,
        "ebitdaratio": -11.715835141,
        "operatingIncome": -2680000000,
        "operatingIncomeRatio": -2.9067245119,
        "totalOtherIncomeExpensesNet": -8164000000,
        "incomeBeforeTax": -10844000000,
        "incomeBeforeTaxRatio": -11.7613882863,
        "incomeTaxExpense": -1567000000,
        "netIncome": -9277000000,
        "netIncomeRatio": -10.0618221258,
        "eps": -47.49,
        "epsdiluted": -47.49,
        "weightedAverageShsOut": 195326000,
        "weightedAverageShsOutDil": 195326000,
        "link": "https://www.sec.gov/Archives/edgar/data/1358071/000135807120000032/0001358071-20-000032-index.htm",
        "finalLink": "https://www.sec.gov/Archives/edgar/data/1358071/000135807120000011/cxo-1231201910k.htm"
    },
    {
        "date": "2019-12-31",
        "symbol": "CXO",
        "reportedCurrency": "USD",
        "cik": "0001358071",
        "fillingDate": "2020-02-19",
        "acceptedDate": "2020-02-19 16:09:53",
        "calendarYear": "2019",
        "period": "Q4",
        "revenue": 1246000000,
        "costOfRevenue": 791000000,
        "grossProfit": 455000000,
        "grossProfitRatio": 0.3651685393,
        "researchAndDevelopmentExpenses": 0,
        "generalAndAdministrativeExpenses": 72000000,
        "sellingAndMarketingExpenses": 42000000,
        "sellingGeneralAndAdministrativeExpenses": 114000000,
        "otherExpenses": 113000000,
        "operatingExpenses": 227000000,
        "costAndExpenses": 1018000000,
        "interestIncome": 0,
        "interestExpense": 44000000,
        "depreciationAndAmortization": -784000000,
        "ebitda": -556000000,
        "ebitdaratio": -0.4462279294,
        "operatingIncome": 228000000,
        "operatingIncomeRatio": 0.1829855538,
        "totalOtherIncomeExpensesNet": -828000000,
        "incomeBeforeTax": -600000000,
        "incomeBeforeTaxRatio": -0.481540931,
        "incomeTaxExpense": -129000000,
        "netIncome": -471000000,
        "netIncomeRatio": -0.3780096308,
        "eps": -2.38,
        "epsdiluted": -2.38,
        "weightedAverageShsOut": 198121000,
        "weightedAverageShsOutDil": 198121000,
        "link": "https://www.sec.gov/Archives/edgar/data/1358071/000135807120000011/0001358071-20-000011-index.htm",
        "finalLink": "https://www.sec.gov/Archives/edgar/data/1358071/000135807120000011/cxo-1231201910k.htm"
    },
    {
        "date": "2019-09-30",
        "symbol": "CXO",
        "reportedCurrency": "USD",
        "cik": "0001358071",
        "fillingDate": "2019-10-30",
        "acceptedDate": "2019-10-30 16:06:05",
        "calendarYear": "2019",
        "period": "Q3",
        "revenue": 1115000000,
        "costOfRevenue": 763000000,
        "grossProfit": 352000000,
        "grossProfitRatio": 0.3156950673,
        "researchAndDevelopmentExpenses": 0,
        "generalAndAdministrativeExpenses": 75000000,
        "sellingAndMarketingExpenses": 25000000,
        "sellingGeneralAndAdministrativeExpenses": 100000000,
        "otherExpenses": 29000000,
        "operatingExpenses": 129000000,
        "costAndExpenses": 892000000,
        "interestIncome": 0,
        "interestExpense": 46000000,
        "depreciationAndAmortization": 603000000,
        "ebitda": 826000000,
        "ebitdaratio": 0.7408071749,
        "operatingIncome": 223000000,
        "operatingIncomeRatio": 0.2,
        "totalOtherIncomeExpensesNet": 557000000,
        "incomeBeforeTax": 780000000,
        "incomeBeforeTaxRatio": 0.6995515695,
        "incomeTaxExpense": 222000000,
        "netIncome": 558000000,
        "netIncomeRatio": 0.5004484305,
        "eps": 2.8,
        "epsdiluted": 2.8,
        "weightedAverageShsOut": 199448000,
        "weightedAverageShsOutDil": 199454000,
        "link": "https://www.sec.gov/Archives/edgar/data/1358071/000135807119000023/0001358071-19-000023-index.htm",
        "finalLink": "https://www.sec.gov/Archives/edgar/data/1358071/000135807119000023/cxo-0930201910q.htm"
    },
    {
        "date": "2019-06-30",
        "symbol": "CXO",
        "reportedCurrency": "USD",
        "cik": "0001358071",
        "fillingDate": "2019-08-01",
        "acceptedDate": "2019-08-01 16:07:02",
        "calendarYear": "2019",
        "period": "Q2",
        "revenue": 1127000000,
        "costOfRevenue": 750000000,
        "grossProfit": 377000000,
        "grossProfitRatio": 0.3345164153,
        "researchAndDevelopmentExpenses": 0,
        "generalAndAdministrativeExpenses": 88000000,
        "sellingAndMarketingExpenses": 22000000,
        "sellingGeneralAndAdministrativeExpenses": 110000000,
        "otherExpenses": 19000000,
        "operatingExpenses": 129000000,
        "costAndExpenses": 879000000,
        "interestIncome": 0,
        "interestExpense": 48000000,
        "depreciationAndAmortization": -350000000,
        "ebitda": -102000000,
        "ebitdaratio": -0.0905057675,
        "operatingIncome": 248000000,
        "operatingIncomeRatio": 0.2200532387,
        "totalOtherIncomeExpensesNet": -398000000,
        "incomeBeforeTax": -150000000,
        "incomeBeforeTaxRatio": -0.1330967169,
        "incomeTaxExpense": -53000000,
        "netIncome": -97000000,
        "netIncomeRatio": -0.0860692103,
        "eps": -0.49,
        "epsdiluted": -0.49,
        "weightedAverageShsOut": 199185000,
        "weightedAverageShsOutDil": 199185000,
        "link": "https://www.sec.gov/Archives/edgar/data/1358071/000135807119000011/0001358071-19-000011-index.htm",
        "finalLink": "https://www.sec.gov/Archives/edgar/data/1358071/000135807119000011/cxo-0630201910q.htm"
    },
    {
        "date": "2019-03-31",
        "symbol": "CXO",
        "reportedCurrency": "USD",
        "cik": "0001358071",
        "fillingDate": "2019-05-01",
        "acceptedDate": "2019-05-01 16:12:02",
        "calendarYear": "2019",
        "period": "Q1",
        "revenue": 1104000000,
        "costOfRevenue": 725000000,
        "grossProfit": 379000000,
        "grossProfitRatio": 0.3432971014,
        "researchAndDevelopmentExpenses": 0,
        "generalAndAdministrativeExpenses": 91000000,
        "sellingAndMarketingExpenses": 26000000,
        "sellingGeneralAndAdministrativeExpenses": 117000000,
        "otherExpenses": 50000000,
        "operatingExpenses": 167000000,
        "costAndExpenses": 892000000,
        "interestIncome": 0,
        "interestExpense": 47000000,
        "depreciationAndAmortization": -1054000000,
        "ebitda": -842000000,
        "ebitdaratio": -0.7626811594,
        "operatingIncome": 212000000,
        "operatingIncomeRatio": 0.1920289855,
        "totalOtherIncomeExpensesNet": -1101000000,
        "incomeBeforeTax": -889000000,
        "incomeBeforeTaxRatio": -0.8052536232,
        "incomeTaxExpense": -194000000,
        "netIncome": -695000000,
        "netIncomeRatio": -0.6295289855,
        "eps": -3.49,
        "epsdiluted": -3.49,
        "weightedAverageShsOut": 199148000,
        "weightedAverageShsOutDil": 199148000,
        "link": "https://www.sec.gov/Archives/edgar/data/1358071/000135807119000006/0001358071-19-000006-index.htm",
        "finalLink": "https://www.sec.gov/Archives/edgar/data/1358071/000135807119000003/cxo201810K.htm"
    },
    {
        "date": "2018-12-31",
        "symbol": "CXO",
        "reportedCurrency": "USD",
        "cik": "0001358071",
        "fillingDate": "2019-02-20",
        "acceptedDate": "2019-02-20 16:12:37",
        "calendarYear": "2018",
        "period": "Q4",
        "revenue": 1067000000,
        "costOfRevenue": 695000000,
        "grossProfit": 372000000,
        "grossProfitRatio": 0.3486410497,
        "researchAndDevelopmentExpenses": 0,
        "generalAndAdministrativeExpenses": 90000000,
        "sellingAndMarketingExpenses": 19000000,
        "sellingGeneralAndAdministrativeExpenses": 109000000,
        "otherExpenses": 32000000,
        "operatingExpenses": 141000000,
        "costAndExpenses": 836000000,
        "interestIncome": 0,
        "interestExpense": 46000000,
        "depreciationAndAmortization": 1706000000,
        "ebitda": 1937000000,
        "ebitdaratio": 1.8153701968,
        "operatingIncome": 231000000,
        "operatingIncomeRatio": 0.2164948454,
        "totalOtherIncomeExpensesNet": 1660000000,
        "incomeBeforeTax": 1891000000,
        "incomeBeforeTaxRatio": 1.7722586692,
        "incomeTaxExpense": 378000000,
        "netIncome": 1513000000,
        "netIncomeRatio": 1.4179943768,
        "eps": 7.61,
        "epsdiluted": 7.6,
        "weightedAverageShsOut": 198885000,
        "weightedAverageShsOutDil": 199154000,
        "link": "https://www.sec.gov/Archives/edgar/data/1358071/000135807119000003/0001358071-19-000003-index.htm",
        "finalLink": "https://www.sec.gov/Archives/edgar/data/1358071/000135807119000003/cxo201810K.htm"
    },
    {
        "date": "2018-09-30",
        "symbol": "CXO",
        "reportedCurrency": "USD",
        "cik": "0001358071",
        "fillingDate": "2018-10-31",
        "acceptedDate": "2018-10-31 16:30:33",
        "calendarYear": "2018",
        "period": "Q3",
        "revenue": 1192000000,
        "costOfRevenue": 651000000,
        "grossProfit": 541000000,
        "grossProfitRatio": 0.4538590604,
        "researchAndDevelopmentExpenses": 0,
        "generalAndAdministrativeExpenses": 84000000,
        "sellingAndMarketingExpenses": 16000000,
        "sellingGeneralAndAdministrativeExpenses": 100000000,
        "otherExpenses": 13000000,
        "operatingExpenses": 113000000,
        "costAndExpenses": 764000000,
        "interestIncome": 0,
        "interestExpense": 46000000,
        "depreciationAndAmortization": -650000000,
        "ebitda": -222000000,
        "ebitdaratio": -0.1862416107,
        "operatingIncome": 428000000,
        "operatingIncomeRatio": 0.3590604027,
        "totalOtherIncomeExpensesNet": -696000000,
        "incomeBeforeTax": -268000000,
        "incomeBeforeTaxRatio": -0.2248322148,
        "incomeTaxExpense": -69000000,
        "netIncome": -199000000,
        "netIncomeRatio": -0.1669463087,
        "eps": -1.05,
        "epsdiluted": -1.05,
        "weightedAverageShsOut": 188953000,
        "weightedAverageShsOutDil": 189266000,
        "link": "https://www.sec.gov/Archives/edgar/data/1358071/000135807118000018/0001358071-18-000018-index.htm",
        "finalLink": "https://www.sec.gov/Archives/edgar/data/1358071/000135807118000018/cxo_3Q18_10Q.htm"
    },
    {
        "date": "2018-06-30",
        "symbol": "CXO",
        "reportedCurrency": "USD",
        "cik": "0001358071",
        "fillingDate": "2018-08-02",
        "acceptedDate": "2018-08-02 16:25:30",
        "calendarYear": "2018",
        "period": "Q2",
        "revenue": 945000000,
        "costOfRevenue": 510000000,
        "grossProfit": 435000000,
        "grossProfitRatio": 0.4603174603,
        "researchAndDevelopmentExpenses": 0,
        "generalAndAdministrativeExpenses": 72000000,
        "sellingAndMarketingExpenses": 9000000,
        "sellingGeneralAndAdministrativeExpenses": 81000000,
        "otherExpenses": 10000000,
        "operatingExpenses": 91000000,
        "costAndExpenses": 601000000,
        "interestIncome": 0,
        "interestExpense": 27000000,
        "depreciationAndAmortization": -140000000,
        "ebitda": 204000000,
        "ebitdaratio": 0.2158730159,
        "operatingIncome": 344000000,
        "operatingIncomeRatio": 0.364021164,
        "totalOtherIncomeExpensesNet": -167000000,
        "incomeBeforeTax": 177000000,
        "incomeBeforeTaxRatio": 0.1873015873,
        "incomeTaxExpense": 40000000,
        "netIncome": 137000000,
        "netIncomeRatio": 0.144973545,
        "eps": 0.92,
        "epsdiluted": 0.92,
        "weightedAverageShsOut": 148913043,
        "weightedAverageShsOutDil": 148913043,
        "link": "https://www.sec.gov/Archives/edgar/data/1358071/000135807118000014/0001358071-18-000014-index.htm",
        "finalLink": "https://www.sec.gov/Archives/edgar/data/1358071/000135807118000014/cxo_2Q18_10Q.htm"
    },
    {
        "date": "2018-03-31",
        "symbol": "CXO",
        "reportedCurrency": "USD",
        "cik": "0001358071",
        "fillingDate": "2018-05-02",
        "acceptedDate": "2018-05-02 16:27:23",
        "calendarYear": "2018",
        "period": "Q1",
        "revenue": 947000000,
        "costOfRevenue": 517000000,
        "grossProfit": 430000000,
        "grossProfitRatio": 0.4540654699,
        "researchAndDevelopmentExpenses": 0,
        "generalAndAdministrativeExpenses": 65000000,
        "sellingAndMarketingExpenses": 11000000,
        "sellingGeneralAndAdministrativeExpenses": 76000000,
        "otherExpenses": 20000000,
        "operatingExpenses": 96000000,
        "costAndExpenses": 613000000,
        "interestIncome": 0,
        "interestExpense": 30000000,
        "depreciationAndAmortization": 785000000,
        "ebitda": 1119000000,
        "ebitdaratio": 1.181626188,
        "operatingIncome": 334000000,
        "operatingIncomeRatio": 0.3526927138,
        "totalOtherIncomeExpensesNet": 755000000,
        "incomeBeforeTax": 1089000000,
        "incomeBeforeTaxRatio": 1.1499472017,
        "incomeTaxExpense": 254000000,
        "netIncome": 835000000,
        "netIncomeRatio": 0.8817317846,
        "eps": 5.6,
        "epsdiluted": 5.58,
        "weightedAverageShsOut": 149107143,
        "weightedAverageShsOutDil": 149641577,
        "link": "https://www.sec.gov/Archives/edgar/data/1358071/000135807118000011/0001358071-18-000011-index.htm",
        "finalLink": "https://www.sec.gov/Archives/edgar/data/1358071/000135807118000008/cxo201710K.htm"
    },
    {
        "date": "2017-12-31",
        "symbol": "CXO",
        "reportedCurrency": "USD",
        "cik": "0001358071",
        "fillingDate": "2018-02-21",
        "acceptedDate": "2018-02-21 16:24:34",
        "calendarYear": "2017",
        "period": "Q4",
        "revenue": 780000000,
        "costOfRevenue": 472000000,
        "grossProfit": 308000000,
        "grossProfitRatio": 0.3948717949,
        "researchAndDevelopmentExpenses": 0,
        "generalAndAdministrativeExpenses": 64000000,
        "sellingAndMarketingExpenses": 19000000,
        "sellingGeneralAndAdministrativeExpenses": 83000000,
        "otherExpenses": 0,
        "operatingExpenses": 83000000,
        "costAndExpenses": 555000000,
        "interestIncome": 0,
        "interestExpense": 28000000,
        "depreciationAndAmortization": -403000000,
        "ebitda": -178000000,
        "ebitdaratio": -0.2282051282,
        "operatingIncome": 225000000,
        "operatingIncomeRatio": 0.2884615385,
        "totalOtherIncomeExpensesNet": -431000000,
        "incomeBeforeTax": -206000000,
        "incomeBeforeTaxRatio": -0.2641025641,
        "incomeTaxExpense": -473000000,
        "netIncome": 267000000,
        "netIncomeRatio": 0.3423076923,
        "eps": 1.8,
        "epsdiluted": 1.79,
        "weightedAverageShsOut": 148333333,
        "weightedAverageShsOutDil": 149162011,
        "link": "https://www.sec.gov/Archives/edgar/data/1358071/000135807118000008/0001358071-18-000008-index.htm",
        "finalLink": "https://www.sec.gov/Archives/edgar/data/1358071/000135807118000008/cxo201710K.htm"
    },
    {
        "date": "2017-09-30",
        "symbol": "CXO",
        "reportedCurrency": "USD",
        "cik": "0001358071",
        "fillingDate": "2017-11-01",
        "acceptedDate": "2017-11-01 16:31:50",
        "calendarYear": "2017",
        "period": "Q3",
        "revenue": 627000000,
        "costOfRevenue": 438000000,
        "grossProfit": 189000000,
        "grossProfitRatio": 0.3014354067,
        "researchAndDevelopmentExpenses": 0,
        "generalAndAdministrativeExpenses": 64000000,
        "sellingAndMarketingExpenses": 9000000,
        "sellingGeneralAndAdministrativeExpenses": 73000000,
        "otherExpenses": 0,
        "operatingExpenses": 73000000,
        "costAndExpenses": 511000000,
        "interestIncome": 0,
        "interestExpense": 39000000,
        "depreciationAndAmortization": -256000000,
        "ebitda": -140000000,
        "ebitdaratio": -0.2232854864,
        "operatingIncome": 116000000,
        "operatingIncomeRatio": 0.1850079745,
        "totalOtherIncomeExpensesNet": -295000000,
        "incomeBeforeTax": -179000000,
        "incomeBeforeTaxRatio": -0.2854864434,
        "incomeTaxExpense": -66000000,
        "netIncome": -113000000,
        "netIncomeRatio": -0.1802232855,
        "eps": -0.77,
        "epsdiluted": -0.77,
        "weightedAverageShsOut": 146753247,
        "weightedAverageShsOutDil": 146753247,
        "link": "https://www.sec.gov/Archives/edgar/data/1358071/000135807117000017/0001358071-17-000017-index.htm",
        "finalLink": "https://www.sec.gov/Archives/edgar/data/1358071/000135807117000017/cxo_3Q17_10Q.htm"
    },
    {
        "date": "2017-06-30",
        "symbol": "CXO",
        "reportedCurrency": "USD",
        "cik": "0001358071",
        "fillingDate": "2017-08-03",
        "acceptedDate": "2017-08-03 16:19:07",
        "calendarYear": "2017",
        "period": "Q2",
        "revenue": 567000000,
        "costOfRevenue": 425000000,
        "grossProfit": 142000000,
        "grossProfitRatio": 0.2504409171,
        "researchAndDevelopmentExpenses": 0,
        "generalAndAdministrativeExpenses": 60000000,
        "sellingAndMarketingExpenses": 22000000,
        "sellingGeneralAndAdministrativeExpenses": 82000000,
        "otherExpenses": 0,
        "operatingExpenses": 82000000,
        "costAndExpenses": 507000000,
        "interestIncome": 0,
        "interestExpense": 39000000,
        "depreciationAndAmortization": 224000000,
        "ebitda": 284000000,
        "ebitdaratio": 0.5008818342,
        "operatingIncome": 60000000,
        "operatingIncomeRatio": 0.1058201058,
        "totalOtherIncomeExpensesNet": 185000000,
        "incomeBeforeTax": 245000000,
        "incomeBeforeTaxRatio": 0.4320987654,
        "incomeTaxExpense": 93000000,
        "netIncome": 152000000,
        "netIncomeRatio": 0.2680776014,
        "eps": 1.02,
        "epsdiluted": 1.02,
        "weightedAverageShsOut": 149019608,
        "weightedAverageShsOutDil": 149019608,
        "link": "https://www.sec.gov/Archives/edgar/data/1358071/000135807117000013/0001358071-17-000013-index.htm",
        "finalLink": "https://www.sec.gov/Archives/edgar/data/1358071/000135807117000013/cxo_2Q17_10Q.htm"
    },
    {
        "date": "2017-03-31",
        "symbol": "CXO",
        "reportedCurrency": "USD",
        "cik": "0001358071",
        "fillingDate": "2017-05-04",
        "acceptedDate": "2017-05-04 16:36:15",
        "calendarYear": "2017",
        "period": "Q1",
        "revenue": 612000000,
        "costOfRevenue": 418000000,
        "grossProfit": 194000000,
        "grossProfitRatio": 0.3169934641,
        "researchAndDevelopmentExpenses": 0,
        "generalAndAdministrativeExpenses": 56000000,
        "sellingAndMarketingExpenses": 17000000,
        "sellingGeneralAndAdministrativeExpenses": 73000000,
        "otherExpenses": 0,
        "operatingExpenses": 73000000,
        "costAndExpenses": 491000000,
        "interestIncome": 0,
        "interestExpense": 40000000,
        "depreciationAndAmortization": 940000000,
        "ebitda": 1061000000,
        "ebitdaratio": 1.7336601307,
        "operatingIncome": 121000000,
        "operatingIncomeRatio": 0.1977124183,
        "totalOtherIncomeExpensesNet": 900000000,
        "incomeBeforeTax": 1021000000,
        "incomeBeforeTaxRatio": 1.6683006536,
        "incomeTaxExpense": 371000000,
        "netIncome": 650000000,
        "netIncomeRatio": 1.0620915033,
        "eps": 4.39,
        "epsdiluted": 4.37,
        "weightedAverageShsOut": 148063781,
        "weightedAverageShsOutDil": 148741419,
        "link": "https://www.sec.gov/Archives/edgar/data/1358071/000135807117000010/0001358071-17-000010-index.htm",
        "finalLink": "https://www.sec.gov/Archives/edgar/data/1358071/000135807117000005/Form_10_K.htm"
    },
    {
        "date": "2016-12-31",
        "symbol": "CXO",
        "reportedCurrency": "USD",
        "cik": "0001358071",
        "fillingDate": "2017-02-22",
        "acceptedDate": "2017-02-22 16:35:17",
        "calendarYear": "2016",
        "period": "Q4",
        "revenue": 524577000,
        "costOfRevenue": 399499000,
        "grossProfit": 125078000,
        "grossProfitRatio": 0.2384359208,
        "researchAndDevelopmentExpenses": 0,
        "generalAndAdministrativeExpenses": 64908000,
        "sellingAndMarketingExpenses": 24883000,
        "sellingGeneralAndAdministrativeExpenses": 89791000,
        "otherExpenses": 0,
        "operatingExpenses": 89791000,
        "costAndExpenses": 489290000,
        "interestIncome": 0,
        "interestExpense": 39123000,
        "depreciationAndAmortization": -214994000,
        "ebitda": -179707000,
        "ebitdaratio": -0.3425750652,
        "operatingIncome": 35287000,
        "operatingIncomeRatio": 0.0672675317,
        "totalOtherIncomeExpensesNet": -254117000,
        "incomeBeforeTax": -218830000,
        "incomeBeforeTaxRatio": -0.4171551555,
        "incomeTaxExpense": -93695000,
        "netIncome": -125135000,
        "netIncomeRatio": -0.2385445797,
        "eps": -0.86,
        "epsdiluted": -0.86,
        "weightedAverageShsOut": 145505814,
        "weightedAverageShsOutDil": 145505814,
        "link": "https://www.sec.gov/Archives/edgar/data/1358071/000135807117000005/0001358071-17-000005-index.htm",
        "finalLink": "https://www.sec.gov/Archives/edgar/data/1358071/000135807117000005/Form_10_K.htm"
    },
    {
        "date": "2016-09-30",
        "symbol": "CXO",
        "reportedCurrency": "USD",
        "cik": "0001358071",
        "fillingDate": "2016-11-09",
        "acceptedDate": "2016-11-09 09:02:38",
        "calendarYear": "2016",
        "period": "Q3",
        "revenue": 430548000,
        "costOfRevenue": 402784000,
        "grossProfit": 27764000,
        "grossProfitRatio": 0.0644852606,
        "researchAndDevelopmentExpenses": 0,
        "generalAndAdministrativeExpenses": 53505000,
        "sellingAndMarketingExpenses": 12113000,
        "sellingGeneralAndAdministrativeExpenses": 65618000,
        "otherExpenses": 0,
        "operatingExpenses": 65618000,
        "costAndExpenses": 468402000,
        "interestIncome": 0,
        "interestExpense": 49963000,
        "depreciationAndAmortization": 6297000,
        "ebitda": -31557000,
        "ebitdaratio": -0.0732949636,
        "operatingIncome": -37854000,
        "operatingIncomeRatio": -0.0879205106,
        "totalOtherIncomeExpensesNet": -43666000,
        "incomeBeforeTax": -81520000,
        "incomeBeforeTaxRatio": -0.1893400968,
        "incomeTaxExpense": -30374000,
        "netIncome": -51146000,
        "netIncomeRatio": -0.1187927943,
        "eps": -0.38,
        "epsdiluted": -0.38,
        "weightedAverageShsOut": 134594737,
        "weightedAverageShsOutDil": 134594737,
        "link": "https://www.sec.gov/Archives/edgar/data/1358071/000135807116000041/0001358071-16-000041-index.htm",
        "finalLink": "https://www.sec.gov/Archives/edgar/data/1358071/000135807116000041/cxo_3Q16_10Q.htm"
    },
    {
        "date": "2016-06-30",
        "symbol": "CXO",
        "reportedCurrency": "USD",
        "cik": "0001358071",
        "fillingDate": "2016-08-03",
        "acceptedDate": "2016-08-03 16:34:41",
        "calendarYear": "2016",
        "period": "Q2",
        "revenue": 396299000,
        "costOfRevenue": 391190000,
        "grossProfit": 5109000,
        "grossProfitRatio": 0.0128917812,
        "researchAndDevelopmentExpenses": 0,
        "generalAndAdministrativeExpenses": 53357000,
        "sellingAndMarketingExpenses": 23019000,
        "sellingGeneralAndAdministrativeExpenses": 76376000,
        "otherExpenses": 0,
        "operatingExpenses": 76376000,
        "costAndExpenses": 467566000,
        "interestIncome": 0,
        "interestExpense": 51450000,
        "depreciationAndAmortization": -301217000,
        "ebitda": -372484000,
        "ebitdaratio": -0.9399064848,
        "operatingIncome": -71267000,
        "operatingIncomeRatio": -0.1798313899,
        "totalOtherIncomeExpensesNet": -352667000,
        "incomeBeforeTax": -423934000,
        "incomeBeforeTaxRatio": -1.0697327018,
        "incomeTaxExpense": -158249000,
        "netIncome": -265685000,
        "netIncomeRatio": -0.6704155196,
        "eps": -2.04,
        "epsdiluted": -2.04,
        "weightedAverageShsOut": 130237745,
        "weightedAverageShsOutDil": 130237745,
        "link": "https://www.sec.gov/Archives/edgar/data/1358071/000135807116000037/0001358071-16-000037-index.htm",
        "finalLink": "https://www.sec.gov/Archives/edgar/data/1358071/000135807116000037/cxo_2Q16_10Q.htm"
    },
    {
        "date": "2016-03-31",
        "symbol": "CXO",
        "reportedCurrency": "USD",
        "cik": "0001358071",
        "fillingDate": "2016-05-05",
        "acceptedDate": "2016-05-05 16:18:49",
        "calendarYear": "2016",
        "period": "Q1",
        "revenue": 283564000,
        "costOfRevenue": 425039000,
        "grossProfit": -141475000,
        "grossProfitRatio": -0.498917352,
        "researchAndDevelopmentExpenses": 0,
        "generalAndAdministrativeExpenses": 53795000,
        "sellingAndMarketingExpenses": 24572000,
        "sellingGeneralAndAdministrativeExpenses": 78367000,
        "otherExpenses": 0,
        "operatingExpenses": 78367000,
        "costAndExpenses": 503406000,
        "interestIncome": 0,
        "interestExpense": 51106000,
        "depreciationAndAmortization": -1343304000,
        "ebitda": -1563146000,
        "ebitdaratio": -5.5124980604,
        "operatingIncome": -219842000,
        "operatingIncomeRatio": -0.7752817706,
        "totalOtherIncomeExpensesNet": -1394410000,
        "incomeBeforeTax": -1614252000,
        "incomeBeforeTaxRatio": -5.6927254517,
        "incomeTaxExpense": -593772000,
        "netIncome": -1020480000,
        "netIncomeRatio": -3.5987643001,
        "eps": -7.95,
        "epsdiluted": -7.95,
        "weightedAverageShsOut": 128362264,
        "weightedAverageShsOutDil": 128362264,
        "link": "https://www.sec.gov/Archives/edgar/data/1358071/000135807116000029/0001358071-16-000029-index.htm",
        "finalLink": "https://www.sec.gov/Archives/edgar/data/1358071/000135807116000026/Form_10_K.htm"
    },
    {
        "date": "2015-12-31",
        "symbol": "CXO",
        "reportedCurrency": "USD",
        "cik": "0001358071",
        "fillingDate": "2016-02-25",
        "acceptedDate": "2016-02-25 16:37:49",
        "calendarYear": "2015",
        "period": "Q4",
        "revenue": 389152000,
        "costOfRevenue": 457213000,
        "grossProfit": -68061000,
        "grossProfitRatio": -0.1748956706,
        "researchAndDevelopmentExpenses": 0,
        "generalAndAdministrativeExpenses": 50958000,
        "sellingAndMarketingExpenses": 27987000,
        "sellingGeneralAndAdministrativeExpenses": 78945000,
        "otherExpenses": 0,
        "operatingExpenses": 78945000,
        "costAndExpenses": 536158000,
        "interestIncome": 0,
        "interestExpense": 62028000,
        "depreciationAndAmortization": 214302000,
        "ebitda": 67296000,
        "ebitdaratio": 0.1729298577,
        "operatingIncome": -147006000,
        "operatingIncomeRatio": -0.3777598471,
        "totalOtherIncomeExpensesNet": 152274000,
        "incomeBeforeTax": 5268000,
        "incomeBeforeTaxRatio": 0.0135371269,
        "incomeTaxExpense": 6056000,
        "netIncome": -788000,
        "netIncomeRatio": -0.0020249157,
        "eps": -0.0061,
        "epsdiluted": -0.0061,
        "weightedAverageShsOut": 128362264,
        "weightedAverageShsOutDil": 128362264,
        "link": "https://www.sec.gov/Archives/edgar/data/1358071/000135807116000026/0001358071-16-000026-index.htm",
        "finalLink": "https://www.sec.gov/Archives/edgar/data/1358071/000135807116000026/Form_10_K.htm"
    },
    {
        "date": "2015-09-30",
        "symbol": "CXO",
        "reportedCurrency": "USD",
        "cik": "0001358071",
        "fillingDate": "2015-11-05",
        "acceptedDate": "2015-11-05 16:17:30",
        "calendarYear": "2015",
        "period": "Q3",
        "revenue": 463474000,
        "costOfRevenue": 467592000,
        "grossProfit": -4118000,
        "grossProfitRatio": -0.0088850723,
        "researchAndDevelopmentExpenses": 0,
        "generalAndAdministrativeExpenses": 60052000,
        "sellingAndMarketingExpenses": 16644000,
        "sellingGeneralAndAdministrativeExpenses": 76696000,
        "otherExpenses": 0,
        "operatingExpenses": 76696000,
        "costAndExpenses": 544288000,
        "interestIncome": 0,
        "interestExpense": 51250000,
        "depreciationAndAmortization": 403596000,
        "ebitda": 322782000,
        "ebitdaratio": 0.6964403613,
        "operatingIncome": -80814000,
        "operatingIncomeRatio": -0.1743657681,
        "totalOtherIncomeExpensesNet": 352346000,
        "incomeBeforeTax": 271532000,
        "incomeBeforeTaxRatio": 0.5858624216,
        "incomeTaxExpense": 91873000,
        "netIncome": 179659000,
        "netIncomeRatio": 0.3876355524,
        "eps": 1.49,
        "epsdiluted": 1.49,
        "weightedAverageShsOut": 120576510,
        "weightedAverageShsOutDil": 120576510,
        "link": "https://www.sec.gov/Archives/edgar/data/1358071/000135807115000020/0001358071-15-000020-index.htm",
        "finalLink": "https://www.sec.gov/Archives/edgar/data/1358071/000135807115000020/cxo_3Q15_10Q.htm"
    },
    {
        "date": "2015-06-30",
        "symbol": "CXO",
        "reportedCurrency": "USD",
        "cik": "0001358071",
        "fillingDate": "2015-07-30",
        "acceptedDate": "2015-07-30 16:18:48",
        "calendarYear": "2015",
        "period": "Q2",
        "revenue": 537425000,
        "costOfRevenue": 447067000,
        "grossProfit": 90358000,
        "grossProfitRatio": 0.1681313672,
        "researchAndDevelopmentExpenses": 0,
        "generalAndAdministrativeExpenses": 60923000,
        "sellingAndMarketingExpenses": 14067000,
        "sellingGeneralAndAdministrativeExpenses": 74990000,
        "otherExpenses": 0,
        "operatingExpenses": 74990000,
        "costAndExpenses": 522057000,
        "interestIncome": 0,
        "interestExpense": 51000000,
        "depreciationAndAmortization": -155559000,
        "ebitda": -140191000,
        "ebitdaratio": -0.2608568637,
        "operatingIncome": 15368000,
        "operatingIncomeRatio": 0.028595618,
        "totalOtherIncomeExpensesNet": -206559000,
        "incomeBeforeTax": -191191000,
        "incomeBeforeTaxRatio": -0.3557538261,
        "incomeTaxExpense": -70708000,
        "netIncome": -120483000,
        "netIncomeRatio": -0.2241857003,
        "eps": -1.02,
        "epsdiluted": -1.02,
        "weightedAverageShsOut": 118120588,
        "weightedAverageShsOutDil": 118120588,
        "link": "https://www.sec.gov/Archives/edgar/data/1358071/000135807115000017/0001358071-15-000017-index.htm",
        "finalLink": "https://www.sec.gov/Archives/edgar/data/1358071/000135807115000017/cxo_2Q15_10Q.htm"
    },
    {
        "date": "2015-03-31",
        "symbol": "CXO",
        "reportedCurrency": "USD",
        "cik": "0001358071",
        "fillingDate": "2015-05-05",
        "acceptedDate": "2015-05-05 16:17:33",
        "calendarYear": "2015",
        "period": "Q1",
        "revenue": 413522000,
        "costOfRevenue": 392740000,
        "grossProfit": 20782000,
        "grossProfitRatio": 0.0502560928,
        "researchAndDevelopmentExpenses": 0,
        "generalAndAdministrativeExpenses": 58801000,
        "sellingAndMarketingExpenses": 7749000,
        "sellingGeneralAndAdministrativeExpenses": 66550000,
        "otherExpenses": 0,
        "operatingExpenses": 66550000,
        "costAndExpenses": 459290000,
        "interestIncome": 0,
        "interestExpense": 51106000,
        "depreciationAndAmortization": 108536000,
        "ebitda": 62768000,
        "ebitdaratio": 0.1517887803,
        "operatingIncome": -45768000,
        "operatingIncomeRatio": -0.1106785129,
        "totalOtherIncomeExpensesNet": 57430000,
        "incomeBeforeTax": 11662000,
        "incomeBeforeTaxRatio": 0.0282016434,
        "incomeTaxExpense": 4150000,
        "netIncome": 7512000,
        "netIncomeRatio": 0.0181659017,
        "eps": 0.07,
        "epsdiluted": 0.06,
        "weightedAverageShsOut": 107314286,
        "weightedAverageShsOutDil": 125200000,
        "link": "https://www.sec.gov/Archives/edgar/data/1358071/000135807115000009/0001358071-15-000009-index.htm",
        "finalLink": "https://www.sec.gov/Archives/edgar/data/1358071/000135807115000005/Form_10_K.htm"
    },
    {
        "date": "2014-12-31",
        "symbol": "CXO",
        "reportedCurrency": "USD",
        "cik": "0001358071",
        "fillingDate": "2015-02-26",
        "acceptedDate": "2015-02-26 08:41:52",
        "calendarYear": "2014",
        "period": "Q4",
        "revenue": 594223000,
        "costOfRevenue": 399919000,
        "grossProfit": 194304000,
        "grossProfitRatio": 0.3269883529,
        "researchAndDevelopmentExpenses": 0,
        "generalAndAdministrativeExpenses": 54113000,
        "sellingAndMarketingExpenses": 216086000,
        "sellingGeneralAndAdministrativeExpenses": 270199000,
        "otherExpenses": 0,
        "operatingExpenses": 270199000,
        "costAndExpenses": 670118000,
        "interestIncome": 0,
        "interestExpense": 50095000,
        "depreciationAndAmortization": 324918000,
        "ebitda": 249023000,
        "ebitdaratio": 0.4190733109,
        "operatingIncome": -75895000,
        "operatingIncomeRatio": -0.127721411,
        "totalOtherIncomeExpensesNet": 274823000,
        "incomeBeforeTax": 198928000,
        "incomeBeforeTaxRatio": 0.3347699433,
        "incomeTaxExpense": 69032000,
        "netIncome": 129896000,
        "netIncomeRatio": 0.2185980684,
        "eps": 1.15,
        "epsdiluted": 1.15,
        "weightedAverageShsOut": 112953043,
        "weightedAverageShsOutDil": 112953043,
        "link": "https://www.sec.gov/Archives/edgar/data/1358071/000135807115000005/0001358071-15-000005-index.htm",
        "finalLink": "https://www.sec.gov/Archives/edgar/data/1358071/000135807115000005/Form_10_K.htm"
    },
    {
        "date": "2014-09-30",
        "symbol": "CXO",
        "reportedCurrency": "USD",
        "cik": "0001358071",
        "fillingDate": "2014-11-06",
        "acceptedDate": "2014-11-06 17:18:04",
        "calendarYear": "2014",
        "period": "Q3",
        "revenue": 700263000,
        "costOfRevenue": 397490000,
        "grossProfit": 302773000,
        "grossProfitRatio": 0.4323704094,
        "researchAndDevelopmentExpenses": 0,
        "generalAndAdministrativeExpenses": 52763000,
        "sellingAndMarketingExpenses": 18751000,
        "sellingGeneralAndAdministrativeExpenses": 71514000,
        "otherExpenses": 0,
        "operatingExpenses": 71514000,
        "costAndExpenses": 469004000,
        "interestIncome": 0,
        "interestExpense": 50178000,
        "depreciationAndAmortization": 310485000,
        "ebitda": 541744000,
        "ebitdaratio": 0.7736293364,
        "operatingIncome": 231259000,
        "operatingIncomeRatio": 0.3302459219,
        "totalOtherIncomeExpensesNet": 260307000,
        "incomeBeforeTax": 491566000,
        "incomeBeforeTaxRatio": 0.7019734014,
        "incomeTaxExpense": 186363000,
        "netIncome": 305203000,
        "netIncomeRatio": 0.4358405342,
        "eps": 2.73,
        "epsdiluted": 2.73,
        "weightedAverageShsOut": 111680000,
        "weightedAverageShsOutDil": 111999000,
        "link": "https://www.sec.gov/Archives/edgar/data/1358071/000135807114000017/0001358071-14-000017-index.htm",
        "finalLink": "https://www.sec.gov/Archives/edgar/data/1358071/000135807114000017/cxo_3Q14_10Q.htm"
    },
    {
        "date": "2014-06-30",
        "symbol": "CXO",
        "reportedCurrency": "USD",
        "cik": "0001358071",
        "fillingDate": "2014-08-07",
        "acceptedDate": "2014-08-07 17:21:35",
        "calendarYear": "2014",
        "period": "Q2",
        "revenue": 704702000,
        "costOfRevenue": 372389000,
        "grossProfit": 332313000,
        "grossProfitRatio": 0.4715652858,
        "researchAndDevelopmentExpenses": 0,
        "generalAndAdministrativeExpenses": 49535000,
        "sellingAndMarketingExpenses": 30010000,
        "sellingGeneralAndAdministrativeExpenses": 79545000,
        "otherExpenses": 0,
        "operatingExpenses": 79545000,
        "costAndExpenses": 451934000,
        "interestIncome": 0,
        "interestExpense": 52663000,
        "depreciationAndAmortization": -181277000,
        "ebitda": 71491000,
        "ebitdaratio": 0.1014485556,
        "operatingIncome": 252768000,
        "operatingIncomeRatio": 0.3586877858,
        "totalOtherIncomeExpensesNet": -233940000,
        "incomeBeforeTax": 18828000,
        "incomeBeforeTaxRatio": 0.0267176764,
        "incomeTaxExpense": 7059000,
        "netIncome": 11769000,
        "netIncomeRatio": 0.0167006763,
        "eps": 0.11,
        "epsdiluted": 0.11,
        "weightedAverageShsOut": 106990909,
        "weightedAverageShsOutDil": 106990909,
        "link": "https://www.sec.gov/Archives/edgar/data/1358071/000135807114000012/0001358071-14-000012-index.htm",
        "finalLink": "https://www.sec.gov/Archives/edgar/data/1358071/000135807114000012/cxo_2Q14_10Q.htm"
    },
    {
        "date": "2014-03-31",
        "symbol": "CXO",
        "reportedCurrency": "USD",
        "cik": "0001358071",
        "fillingDate": "2014-05-12",
        "acceptedDate": "2014-05-12 06:11:31",
        "calendarYear": "2014",
        "period": "Q1",
        "revenue": 660959000,
        "costOfRevenue": 348316000,
        "grossProfit": 312643000,
        "grossProfitRatio": 0.4730142112,
        "researchAndDevelopmentExpenses": 0,
        "generalAndAdministrativeExpenses": 47750000,
        "sellingAndMarketingExpenses": 27046000,
        "sellingGeneralAndAdministrativeExpenses": 74796000,
        "otherExpenses": 0,
        "operatingExpenses": 74796000,
        "costAndExpenses": 423112000,
        "interestIncome": 0,
        "interestExpense": 52788000,
        "depreciationAndAmortization": -38421000,
        "ebitda": 199426000,
        "ebitdaratio": 0.3017221946,
        "operatingIncome": 237847000,
        "operatingIncomeRatio": 0.3598513675,
        "totalOtherIncomeExpensesNet": -91209000,
        "incomeBeforeTax": 146638000,
        "incomeBeforeTaxRatio": 0.2218564238,
        "incomeTaxExpense": 55331000,
        "netIncome": 91307000,
        "netIncomeRatio": 0.1381432131,
        "eps": 0.88,
        "epsdiluted": 0.88,
        "weightedAverageShsOut": 103949000,
        "weightedAverageShsOutDil": 104306000,
        "link": "https://www.sec.gov/Archives/edgar/data/1358071/000119312514193448/0001193125-14-193448-index.htm",
        "finalLink": "https://www.sec.gov/Archives/edgar/data/1358071/000135807114000005/Form_10_K.htm"
    },
    {
        "date": "2012-12-31",
        "symbol": "CXO",
        "reportedCurrency": "USD",
        "cik": "0001358071",
        "fillingDate": "2013-02-22",
        "acceptedDate": "2013-02-22 17:01:13",
        "calendarYear": "2012",
        "period": "Q4",
        "revenue": 381666000,
        "costOfRevenue": 642366000,
        "grossProfit": -260700000,
        "grossProfitRatio": -0.6830579617,
        "researchAndDevelopmentExpenses": 0,
        "generalAndAdministrativeExpenses": 39568000,
        "sellingAndMarketingExpenses": 0,
        "sellingGeneralAndAdministrativeExpenses": -382135000,
        "otherExpenses": 0,
        "operatingExpenses": -382135000,
        "costAndExpenses": 260231000,
        "interestIncome": 0,
        "interestExpense": 41674000,
        "depreciationAndAmortization": 25732000,
        "ebitda": 147167000,
        "ebitdaratio": 0.3855910665,
        "operatingIncome": 121435000,
        "operatingIncomeRatio": 0.3181708614,
        "totalOtherIncomeExpensesNet": -39401000,
        "incomeBeforeTax": 82034000,
        "incomeBeforeTaxRatio": 0.21493662,
        "incomeTaxExpense": 30206000,
        "netIncome": 75287000,
        "netIncomeRatio": 0.1972588598,
        "eps": 0.73,
        "epsdiluted": 0.72,
        "weightedAverageShsOut": 103494000,
        "weightedAverageShsOutDil": 104194000,
        "link": "https://www.sec.gov/Archives/edgar/data/1358071/000135807113000006/0001358071-13-000006-index.htm",
        "finalLink": "https://www.sec.gov/Archives/edgar/data/1358071/000135807113000006/10_K.htm"
    },
    {
        "date": "2012-09-30",
        "symbol": "CXO",
        "reportedCurrency": "USD",
        "cik": "0001358071",
        "fillingDate": "2012-11-08",
        "acceptedDate": "2012-11-08 17:14:57",
        "calendarYear": "2012",
        "period": "Q3",
        "revenue": 497547000,
        "costOfRevenue": 96666000,
        "grossProfit": 400881000,
        "grossProfitRatio": 0.805714837,
        "researchAndDevelopmentExpenses": 0,
        "generalAndAdministrativeExpenses": 34873000,
        "sellingAndMarketingExpenses": 165999000,
        "sellingGeneralAndAdministrativeExpenses": 200872000,
        "otherExpenses": 0,
        "operatingExpenses": 200872000,
        "costAndExpenses": 297538000,
        "interestIncome": 0,
        "interestExpense": 51337000,
        "depreciationAndAmortization": -138529000,
        "ebitda": 61480000,
        "ebitdaratio": 0.1235662159,
        "operatingIncome": 200009000,
        "operatingIncomeRatio": 0.4019901637,
        "totalOtherIncomeExpensesNet": -189866000,
        "incomeBeforeTax": 10143000,
        "incomeBeforeTaxRatio": 0.0203860138,
        "incomeTaxExpense": 4155000,
        "netIncome": 5988000,
        "netIncomeRatio": 0.0120350439,
        "eps": 0.058,
        "epsdiluted": 0.0576,
        "weightedAverageShsOut": 103292000,
        "weightedAverageShsOutDil": 104040000,
        "link": "https://www.sec.gov/Archives/edgar/data/1358071/000135807112000011/0001358071-12-000011-index.htm",
        "finalLink": "https://www.sec.gov/Archives/edgar/data/1358071/000135807112000011/01_Form_10Q_09302012.htm"
    },
    {
        "date": "2012-06-30",
        "symbol": "CXO",
        "reportedCurrency": "USD",
        "cik": "0001358071",
        "fillingDate": "2012-08-08",
        "acceptedDate": "2012-08-08 06:11:19",
        "calendarYear": "2012",
        "period": "Q2",
        "revenue": 432796000,
        "costOfRevenue": 87689000,
        "grossProfit": 345107000,
        "grossProfitRatio": 0.7973895323,
        "researchAndDevelopmentExpenses": 0,
        "generalAndAdministrativeExpenses": 31968000,
        "sellingAndMarketingExpenses": 156895000,
        "sellingGeneralAndAdministrativeExpenses": 188863000,
        "otherExpenses": 0,
        "operatingExpenses": 188863000,
        "costAndExpenses": 276552000,
        "interestIncome": 0,
        "interestExpense": 41899000,
        "depreciationAndAmortization": 402515000,
        "ebitda": 558759000,
        "ebitdaratio": 1.2910447416,
        "operatingIncome": 156244000,
        "operatingIncomeRatio": 0.3610107302,
        "totalOtherIncomeExpensesNet": 360616000,
        "incomeBeforeTax": 516860000,
        "incomeBeforeTaxRatio": 1.1942346972,
        "incomeTaxExpense": 197563000,
        "netIncome": 319297000,
        "netIncomeRatio": 0.7377540458,
        "eps": 3.1,
        "epsdiluted": 3.07,
        "weightedAverageShsOut": 103114000,
        "weightedAverageShsOutDil": 103880000,
        "link": "https://www.sec.gov/Archives/edgar/data/1358071/000119312512342307/0001193125-12-342307-index.htm",
        "finalLink": "https://www.sec.gov/Archives/edgar/data/1358071/000119312512342307/d366826d10q.htm"
    },
    {
        "date": "2012-03-31",
        "symbol": "CXO",
        "reportedCurrency": "USD",
        "cik": "0001358071",
        "fillingDate": "2012-05-03",
        "acceptedDate": "2012-05-03 16:17:32",
        "calendarYear": "2012",
        "period": "Q1",
        "revenue": 507805000,
        "costOfRevenue": 92150000,
        "grossProfit": 415655000,
        "grossProfitRatio": 0.8185327045,
        "researchAndDevelopmentExpenses": 0,
        "generalAndAdministrativeExpenses": 27387000,
        "sellingAndMarketingExpenses": 142836000,
        "sellingGeneralAndAdministrativeExpenses": 170223000,
        "otherExpenses": 0,
        "operatingExpenses": 170223000,
        "costAndExpenses": 262373000,
        "interestIncome": 0,
        "interestExpense": 35837000,
        "depreciationAndAmortization": -159361000,
        "ebitda": 86071000,
        "ebitdaratio": 0.1694961649,
        "operatingIncome": 245432000,
        "operatingIncomeRatio": 0.4833193844,
        "totalOtherIncomeExpensesNet": -195198000,
        "incomeBeforeTax": 50234000,
        "incomeBeforeTaxRatio": 0.0989237995,
        "incomeTaxExpense": 19117000,
        "netIncome": 31117000,
        "netIncomeRatio": 0.0612774589,
        "eps": 0.3,
        "epsdiluted": 0.3,
        "weightedAverageShsOut": 102854000,
        "weightedAverageShsOutDil": 103770000,
        "link": "https://www.sec.gov/Archives/edgar/data/1358071/000119312512208532/0001193125-12-208532-index.htm",
        "finalLink": "https://www.sec.gov/Archives/edgar/data/1358071/000119312512076937/d270204d10k.htm"
    },
    {
        "date": "2011-12-31",
        "symbol": "CXO",
        "reportedCurrency": "USD",
        "cik": "0001358071",
        "fillingDate": "2012-02-24",
        "acceptedDate": "2012-02-24 09:11:02",
        "calendarYear": "2011",
        "period": "Q4",
        "revenue": 478427000,
        "costOfRevenue": 86102000,
        "grossProfit": 392325000,
        "grossProfitRatio": 0.8200310601,
        "researchAndDevelopmentExpenses": 0,
        "generalAndAdministrativeExpenses": 29378000,
        "sellingAndMarketingExpenses": 136052000,
        "sellingGeneralAndAdministrativeExpenses": 165430000,
        "otherExpenses": 0,
        "operatingExpenses": 165430000,
        "costAndExpenses": 251532000,
        "interestIncome": 0,
        "interestExpense": 34159000,
        "depreciationAndAmortization": -323713000,
        "ebitda": -96818000,
        "ebitdaratio": -0.2023673413,
        "operatingIncome": 226895000,
        "operatingIncomeRatio": 0.4742520803,
        "totalOtherIncomeExpensesNet": -354218000,
        "incomeBeforeTax": -127323000,
        "incomeBeforeTaxRatio": -0.2661283749,
        "incomeTaxExpense": -48152000,
        "netIncome": -82825000,
        "netIncomeRatio": -0.1731194101,
        "eps": -0.81,
        "epsdiluted": -0.81,
        "weightedAverageShsOut": 102854000,
        "weightedAverageShsOutDil": 102854000,
        "link": "https://www.sec.gov/Archives/edgar/data/1358071/000119312512076937/0001193125-12-076937-index.htm",
        "finalLink": "https://www.sec.gov/Archives/edgar/data/1358071/000119312512076937/d270204d10k.htm"
    },
    {
        "date": "2011-09-30",
        "symbol": "CXO",
        "reportedCurrency": "USD",
        "cik": "0001358071",
        "fillingDate": "2011-11-03",
        "acceptedDate": "2011-11-03 16:34:59",
        "calendarYear": "2011",
        "period": "Q3",
        "revenue": 454468000,
        "costOfRevenue": 87548000,
        "grossProfit": 366920000,
        "grossProfitRatio": 0.8073615744,
        "researchAndDevelopmentExpenses": 0,
        "generalAndAdministrativeExpenses": 22873000,
        "sellingAndMarketingExpenses": 116481000,
        "sellingGeneralAndAdministrativeExpenses": 139354000,
        "otherExpenses": 0,
        "operatingExpenses": 139354000,
        "costAndExpenses": 226902000,
        "interestIncome": 0,
        "interestExpense": 32881000,
        "depreciationAndAmortization": 382719000,
        "ebitda": 610285000,
        "ebitdaratio": 1.3428558226,
        "operatingIncome": 227566000,
        "operatingIncomeRatio": 0.5007305245,
        "totalOtherIncomeExpensesNet": 349838000,
        "incomeBeforeTax": 577404000,
        "incomeBeforeTaxRatio": 1.2705052941,
        "incomeTaxExpense": 221199000,
        "netIncome": 356205000,
        "netIncomeRatio": 0.7837845569,
        "eps": 3.47,
        "epsdiluted": 3.44,
        "weightedAverageShsOut": 102733000,
        "weightedAverageShsOutDil": 103696000,
        "link": "https://www.sec.gov/Archives/edgar/data/1358071/000119312511295219/0001193125-11-295219-index.htm",
        "finalLink": "https://www.sec.gov/Archives/edgar/data/1358071/000119312511295219/d241133d10q.htm"
    },
    {
        "date": "2011-06-30",
        "symbol": "CXO",
        "reportedCurrency": "USD",
        "cik": "0001358071",
        "fillingDate": "2011-08-05",
        "acceptedDate": "2011-08-05 15:09:35",
        "calendarYear": "2011",
        "period": "Q2",
        "revenue": 446232000,
        "costOfRevenue": 69577000,
        "grossProfit": 376655000,
        "grossProfitRatio": 0.8440788648,
        "researchAndDevelopmentExpenses": 0,
        "generalAndAdministrativeExpenses": 22618000,
        "sellingAndMarketingExpenses": 99996000,
        "sellingGeneralAndAdministrativeExpenses": 122614000,
        "otherExpenses": 0,
        "operatingExpenses": 122614000,
        "costAndExpenses": 192191000,
        "interestIncome": 0,
        "interestExpense": 21660000,
        "depreciationAndAmortization": 143071000,
        "ebitda": 397112000,
        "ebitdaratio": 0.8899227308,
        "operatingIncome": 254041000,
        "operatingIncomeRatio": 0.5693025153,
        "totalOtherIncomeExpensesNet": 121411000,
        "incomeBeforeTax": 375452000,
        "incomeBeforeTaxRatio": 0.8413829577,
        "incomeTaxExpense": 143270000,
        "netIncome": 232182000,
        "netIncomeRatio": 0.5203167859,
        "eps": 2.26,
        "epsdiluted": 2.24,
        "weightedAverageShsOut": 102569000,
        "weightedAverageShsOutDil": 103638000,
        "link": "https://www.sec.gov/Archives/edgar/data/1358071/000119312511212154/0001193125-11-212154-index.htm",
        "finalLink": "https://www.sec.gov/Archives/edgar/data/1358071/000119312511212154/d10q.htm"
    },
    {
        "date": "2011-03-31",
        "symbol": "CXO",
        "reportedCurrency": "USD",
        "cik": "0001358071",
        "fillingDate": "2011-05-06",
        "acceptedDate": "2011-05-06 09:01:03",
        "calendarYear": "2011",
        "period": "Q1",
        "revenue": 360840000,
        "costOfRevenue": 63658000,
        "grossProfit": 297182000,
        "grossProfitRatio": 0.8235838599,
        "researchAndDevelopmentExpenses": 0,
        "generalAndAdministrativeExpenses": 21392000,
        "sellingAndMarketingExpenses": 91718000,
        "sellingGeneralAndAdministrativeExpenses": 113110000,
        "otherExpenses": 0,
        "operatingExpenses": 113110000,
        "costAndExpenses": 176768000,
        "interestIncome": 0,
        "interestExpense": 29660000,
        "depreciationAndAmortization": -142306000,
        "ebitda": 41766000,
        "ebitdaratio": 0.1157465913,
        "operatingIncome": 184072000,
        "operatingIncomeRatio": 0.5101208292,
        "totalOtherIncomeExpensesNet": -263154000,
        "incomeBeforeTax": -79082000,
        "incomeBeforeTaxRatio": -0.2191608469,
        "incomeTaxExpense": -30469000,
        "netIncome": 42575000,
        "netIncomeRatio": 0.1179885822,
        "eps": 0.42,
        "epsdiluted": 0.42,
        "weightedAverageShsOut": 102242000,
        "weightedAverageShsOutDil": 102242000,
        "link": "https://www.sec.gov/Archives/edgar/data/1358071/000095012311046179/0000950123-11-046179-index.htm",
        "finalLink": "https://www.sec.gov/Archives/edgar/data/1358071/000095012311018697/d78802e10vk.htm"
    },
    {
        "date": "2010-12-31",
        "symbol": "CXO",
        "reportedCurrency": "USD",
        "cik": "0001358071",
        "fillingDate": "2011-02-25",
        "acceptedDate": "2011-02-25 16:06:30",
        "calendarYear": "2010",
        "period": "Q4",
        "revenue": 304370000,
        "costOfRevenue": 53073000,
        "grossProfit": 251297000,
        "grossProfitRatio": 0.8256299898,
        "researchAndDevelopmentExpenses": 0,
        "generalAndAdministrativeExpenses": 18134000,
        "sellingAndMarketingExpenses": 141983000,
        "sellingGeneralAndAdministrativeExpenses": 160117000,
        "otherExpenses": 0,
        "operatingExpenses": 160117000,
        "costAndExpenses": 213190000,
        "interestIncome": 0,
        "interestExpense": 25794000,
        "depreciationAndAmortization": -75619000,
        "ebitda": 15561000,
        "ebitdaratio": 0.0511252752,
        "operatingIncome": 91180000,
        "operatingIncomeRatio": 0.2995696028,
        "totalOtherIncomeExpensesNet": -122749000,
        "incomeBeforeTax": -31569000,
        "incomeBeforeTaxRatio": -0.1037191576,
        "incomeTaxExpense": -2117000,
        "netIncome": -8116000,
        "netIncomeRatio": -0.0266649144,
        "eps": -0.0794,
        "epsdiluted": -0.0794,
        "weightedAverageShsOut": 102242000,
        "weightedAverageShsOutDil": 102242000,
        "link": "https://www.sec.gov/Archives/edgar/data/1358071/000095012311018697/0000950123-11-018697-index.htm",
        "finalLink": "https://www.sec.gov/Archives/edgar/data/1358071/000095012311018697/d78802e10vk.htm"
    },
    {
        "date": "2010-09-30",
        "symbol": "CXO",
        "reportedCurrency": "USD",
        "cik": "0001358071",
        "fillingDate": "2010-11-04",
        "acceptedDate": "2010-11-04 09:17:25",
        "calendarYear": "2010",
        "period": "Q3",
        "revenue": 240496000,
        "costOfRevenue": 48697000,
        "grossProfit": 191799000,
        "grossProfitRatio": 0.7975143038,
        "researchAndDevelopmentExpenses": 0,
        "generalAndAdministrativeExpenses": 15045000,
        "sellingAndMarketingExpenses": 128418000,
        "sellingGeneralAndAdministrativeExpenses": 143463000,
        "otherExpenses": 0,
        "operatingExpenses": 143463000,
        "costAndExpenses": 192160000,
        "interestIncome": 0,
        "interestExpense": 12036000,
        "depreciationAndAmortization": -5443000,
        "ebitda": 42893000,
        "ebitdaratio": 0.1783522387,
        "operatingIncome": 48336000,
        "operatingIncomeRatio": 0.2009846318,
        "totalOtherIncomeExpensesNet": -17479000,
        "incomeBeforeTax": 30857000,
        "incomeBeforeTaxRatio": 0.1283056683,
        "incomeTaxExpense": 10082000,
        "netIncome": 20775000,
        "netIncomeRatio": 0.0863839731,
        "eps": 0.23,
        "epsdiluted": 0.22,
        "weightedAverageShsOut": 91182000,
        "weightedAverageShsOutDil": 92440000,
        "link": "https://www.sec.gov/Archives/edgar/data/1358071/000095012310100561/0000950123-10-100561-index.htm",
        "finalLink": "https://www.sec.gov/Archives/edgar/data/1358071/000095012310100561/d76973e10vq.htm"
    },
    {
        "date": "2010-06-30",
        "symbol": "CXO",
        "reportedCurrency": "USD",
        "cik": "0001358071",
        "fillingDate": "2010-08-06",
        "acceptedDate": "2010-08-06 08:13:21",
        "calendarYear": "2010",
        "period": "Q2",
        "revenue": 215710000,
        "costOfRevenue": 41326000,
        "grossProfit": 174384000,
        "grossProfitRatio": 0.8084187103,
        "researchAndDevelopmentExpenses": 0,
        "generalAndAdministrativeExpenses": 17538000,
        "sellingAndMarketingExpenses": 0,
        "sellingGeneralAndAdministrativeExpenses": -40719000,
        "otherExpenses": 0,
        "operatingExpenses": -40719000,
        "costAndExpenses": 607000,
        "interestIncome": 0,
        "interestExpense": 11192000,
        "depreciationAndAmortization": -4996000,
        "ebitda": 210107000,
        "ebitdaratio": 0.9740253118,
        "operatingIncome": 215103000,
        "operatingIncomeRatio": 0.9971860368,
        "totalOtherIncomeExpensesNet": -16188000,
        "incomeBeforeTax": 198915000,
        "incomeBeforeTaxRatio": 0.9221408372,
        "incomeTaxExpense": 74744000,
        "netIncome": 124171000,
        "netIncomeRatio": 0.5756385888,
        "eps": 1.36,
        "epsdiluted": 1.35,
        "weightedAverageShsOut": 91044000,
        "weightedAverageShsOutDil": 92297000,
        "link": "https://www.sec.gov/Archives/edgar/data/1358071/000095012310073797/0000950123-10-073797-index.htm",
        "finalLink": "https://www.sec.gov/Archives/edgar/data/1358071/000095012310073797/d74380e10vq.htm"
    },
    {
        "date": "2010-03-31",
        "symbol": "CXO",
        "reportedCurrency": "USD",
        "cik": "0001358071",
        "fillingDate": "2010-05-07",
        "acceptedDate": "2010-05-07 09:01:19",
        "calendarYear": "2010",
        "period": "Q1",
        "revenue": 212000000,
        "costOfRevenue": 37995000,
        "grossProfit": 174005000,
        "grossProfitRatio": 0.8207783019,
        "researchAndDevelopmentExpenses": 0,
        "generalAndAdministrativeExpenses": 13558000,
        "sellingAndMarketingExpenses": 39209000,
        "sellingGeneralAndAdministrativeExpenses": 52767000,
        "otherExpenses": 0,
        "operatingExpenses": 52767000,
        "costAndExpenses": 90762000,
        "interestIncome": 0,
        "interestExpense": 11065000,
        "depreciationAndAmortization": -2693000,
        "ebitda": 118545000,
        "ebitdaratio": 0.5591745283,
        "operatingIncome": 121238000,
        "operatingIncomeRatio": 0.5718773585,
        "totalOtherIncomeExpensesNet": -13758000,
        "incomeBeforeTax": 107480000,
        "incomeBeforeTaxRatio": 0.5069811321,
        "incomeTaxExpense": 39940000,
        "netIncome": 67540000,
        "netIncomeRatio": 0.3185849057,
        "eps": 0.76,
        "epsdiluted": 0.75,
        "weightedAverageShsOut": 88831000,
        "weightedAverageShsOutDil": 90130000,
        "link": "https://www.sec.gov/Archives/edgar/data/1358071/000095012310046013/0000950123-10-046013-index.htm",
        "finalLink": "https://www.sec.gov/Archives/edgar/data/1358071/000095012310018158/d71189e10vk.htm"
    },
    {
        "date": "2009-12-31",
        "symbol": "CXO",
        "reportedCurrency": "USD",
        "cik": "0001358071",
        "fillingDate": "2010-02-26",
        "acceptedDate": "2010-02-26 16:18:27",
        "calendarYear": "2009",
        "period": "Q4",
        "revenue": 177619000,
        "costOfRevenue": 32561000,
        "grossProfit": 145058000,
        "grossProfitRatio": 0.8166806479,
        "researchAndDevelopmentExpenses": 0,
        "generalAndAdministrativeExpenses": 13644000,
        "sellingAndMarketingExpenses": 109804000,
        "sellingGeneralAndAdministrativeExpenses": 123448000,
        "otherExpenses": 0,
        "operatingExpenses": 123448000,
        "costAndExpenses": 156009000,
        "interestIncome": 0,
        "interestExpense": 10913000,
        "depreciationAndAmortization": -2577000,
        "ebitda": 19033000,
        "ebitdaratio": 0.107156329,
        "operatingIncome": 21610000,
        "operatingIncomeRatio": 0.121664912,
        "totalOtherIncomeExpensesNet": -13490000,
        "incomeBeforeTax": 8120000,
        "incomeBeforeTaxRatio": 0.04571583,
        "incomeTaxExpense": -8759000,
        "netIncome": 16879000,
        "netIncomeRatio": 0.095029248,
        "eps": 0.19,
        "epsdiluted": 0.19,
        "weightedAverageShsOut": 88831000,
        "weightedAverageShsOutDil": 88831000,
        "link": "https://www.sec.gov/Archives/edgar/data/1358071/000095012310018158/0000950123-10-018158-index.htm",
        "finalLink": "https://www.sec.gov/Archives/edgar/data/1358071/000095012310018158/d71189e10vk.htm"
    },
    {
        "date": "2009-09-30",
        "symbol": "CXO",
        "reportedCurrency": "USD",
        "cik": "0001358071",
        "fillingDate": "2009-11-06",
        "acceptedDate": "2009-11-06 09:15:38",
        "calendarYear": "2009",
        "period": "Q3",
        "revenue": 153494000,
        "costOfRevenue": 28215000,
        "grossProfit": 125279000,
        "grossProfitRatio": 0.81618174,
        "researchAndDevelopmentExpenses": 0,
        "generalAndAdministrativeExpenses": 12715000,
        "sellingAndMarketingExpenses": 62838000,
        "sellingGeneralAndAdministrativeExpenses": 75553000,
        "otherExpenses": 0,
        "operatingExpenses": 75553000,
        "costAndExpenses": 103768000,
        "interestIncome": 0,
        "interestExpense": 6809000,
        "depreciationAndAmortization": -1331000,
        "ebitda": 48395000,
        "ebitdaratio": 0.315289197,
        "operatingIncome": 49726000,
        "operatingIncomeRatio": 0.3239605457,
        "totalOtherIncomeExpensesNet": -8140000,
        "incomeBeforeTax": 41586000,
        "incomeBeforeTaxRatio": 0.2709291568,
        "incomeTaxExpense": 21824000,
        "netIncome": 19762000,
        "netIncomeRatio": 0.1287477035,
        "eps": 0.23,
        "epsdiluted": 0.23,
        "weightedAverageShsOut": 85061000,
        "weightedAverageShsOutDil": 86088000,
        "link": "https://www.sec.gov/Archives/edgar/data/1358071/000095012309058913/0000950123-09-058913-index.htm",
        "finalLink": "https://www.sec.gov/Archives/edgar/data/1358071/000095012309058913/d69962e10vq.htm"
    },
    {
        "date": "2009-06-30",
        "symbol": "CXO",
        "reportedCurrency": "USD",
        "cik": "0001358071",
        "fillingDate": "2009-08-06",
        "acceptedDate": "2009-08-06 16:13:07",
        "calendarYear": "2009",
        "period": "Q2",
        "revenue": 127332000,
        "costOfRevenue": 27241000,
        "grossProfit": 100091000,
        "grossProfitRatio": 0.7860632049,
        "researchAndDevelopmentExpenses": 0,
        "generalAndAdministrativeExpenses": 14172000,
        "sellingAndMarketingExpenses": 134309000,
        "sellingGeneralAndAdministrativeExpenses": 148481000,
        "otherExpenses": 0,
        "operatingExpenses": 148481000,
        "costAndExpenses": 175722000,
        "interestIncome": 0,
        "interestExpense": 6200000,
        "depreciationAndAmortization": -4319000,
        "ebitda": -52709000,
        "ebitdaratio": -0.4139493607,
        "operatingIncome": -48390000,
        "operatingIncomeRatio": -0.3800301574,
        "totalOtherIncomeExpensesNet": -10519000,
        "incomeBeforeTax": -58909000,
        "incomeBeforeTaxRatio": -0.4626409701,
        "incomeTaxExpense": -25691000,
        "netIncome": -33218000,
        "netIncomeRatio": -0.2608770772,
        "eps": -0.39,
        "epsdiluted": -0.39,
        "weightedAverageShsOut": 84799000,
        "weightedAverageShsOutDil": 84799000,
        "link": "https://www.sec.gov/Archives/edgar/data/1358071/000095012309031173/0000950123-09-031173-index.htm",
        "finalLink": "https://www.sec.gov/Archives/edgar/data/1358071/000095012309031173/d68670e10vq.htm"
    },
    {
        "date": "2009-03-31",
        "symbol": "CXO",
        "reportedCurrency": "USD",
        "cik": "0001358071",
        "fillingDate": "2009-05-08",
        "acceptedDate": "2009-05-08 06:10:46",
        "calendarYear": "2009",
        "period": "Q1",
        "revenue": 86002000,
        "costOfRevenue": 30761000,
        "grossProfit": 55241000,
        "grossProfitRatio": 0.6423222716,
        "researchAndDevelopmentExpenses": 0,
        "generalAndAdministrativeExpenses": 11746000,
        "sellingAndMarketingExpenses": 56072000,
        "sellingGeneralAndAdministrativeExpenses": 67818000,
        "otherExpenses": 0,
        "operatingExpenses": 67818000,
        "costAndExpenses": 98579000,
        "interestIncome": 0,
        "interestExpense": 4370000,
        "depreciationAndAmortization": -4384000,
        "ebitda": -16961000,
        "ebitdaratio": -0.1972163438,
        "operatingIncome": -12577000,
        "operatingIncomeRatio": -0.1462407851,
        "totalOtherIncomeExpensesNet": -8754000,
        "incomeBeforeTax": -21331000,
        "incomeBeforeTaxRatio": -0.2480291156,
        "incomeTaxExpense": -8106000,
        "netIncome": -13225000,
        "netIncomeRatio": -0.1537754936,
        "eps": -0.16,
        "epsdiluted": -0.16,
        "weightedAverageShsOut": 84529000,
        "weightedAverageShsOutDil": 84529000,
        "link": "https://www.sec.gov/Archives/edgar/data/1358071/000095013409010050/0000950134-09-010050-index.htm",
        "finalLink": "https://www.sec.gov/Archives/edgar/data/1358071/000095013409004052/d66499e10vk.htm"
    },
    {
        "date": "2008-12-31",
        "symbol": "CXO",
        "reportedCurrency": "USD",
        "cik": "0001358071",
        "fillingDate": "2009-02-27",
        "acceptedDate": "2009-02-27 17:28:36",
        "calendarYear": "2008",
        "period": "Q4",
        "revenue": 119238000,
        "costOfRevenue": 43499000,
        "grossProfit": 75739000,
        "grossProfitRatio": 0.6351918013,
        "researchAndDevelopmentExpenses": 0,
        "generalAndAdministrativeExpenses": 10827000,
        "sellingAndMarketingExpenses": 0,
        "sellingGeneralAndAdministrativeExpenses": -143481000,
        "otherExpenses": 0,
        "operatingExpenses": -143481000,
        "costAndExpenses": -99982000,
        "interestIncome": 0,
        "interestExpense": 0,
        "depreciationAndAmortization": -24536000,
        "ebitda": 194684000,
        "ebitdaratio": 1.6327345309,
        "operatingIncome": 219220000,
        "operatingIncomeRatio": 1.8385078582,
        "totalOtherIncomeExpensesNet": -24536000,
        "incomeBeforeTax": 194684000,
        "incomeBeforeTaxRatio": 1.6327345309,
        "incomeTaxExpense": 65855000,
        "netIncome": 128829000,
        "netIncomeRatio": 1.0804357671,
        "eps": 1.52,
        "epsdiluted": 1.52,
        "weightedAverageShsOut": 84529000,
        "weightedAverageShsOutDil": 84529000,
        "link": "https://www.sec.gov/Archives/edgar/data/1358071/000095013409004052/0000950134-09-004052-index.htm",
        "finalLink": "https://www.sec.gov/Archives/edgar/data/1358071/000095013409004052/d66499e10vk.htm"
    },
    {
        "date": "2008-09-30",
        "symbol": "CXO",
        "reportedCurrency": "USD",
        "cik": "0001358071",
        "fillingDate": "2008-11-13",
        "acceptedDate": "2008-11-13 14:47:12",
        "calendarYear": "2008",
        "period": "Q3",
        "revenue": 170457000,
        "costOfRevenue": 43865000,
        "grossProfit": 126592000,
        "grossProfitRatio": 0.7426623723,
        "researchAndDevelopmentExpenses": 0,
        "generalAndAdministrativeExpenses": 11884000,
        "sellingAndMarketingExpenses": 0,
        "sellingGeneralAndAdministrativeExpenses": -119316000,
        "otherExpenses": 0,
        "operatingExpenses": -119316000,
        "costAndExpenses": -75451000,
        "interestIncome": 0,
        "interestExpense": 0,
        "depreciationAndAmortization": 31852000,
        "ebitda": 264811000,
        "ebitdaratio": 1.5535354958,
        "operatingIncome": 245908000,
        "operatingIncomeRatio": 1.4426394927,
        "totalOtherIncomeExpensesNet": -12949000,
        "incomeBeforeTax": 232959000,
        "incomeBeforeTaxRatio": 1.3666731199,
        "incomeTaxExpense": 91031000,
        "netIncome": 141928000,
        "netIncomeRatio": 0.8326322768,
        "eps": 1.75,
        "epsdiluted": 1.72,
        "weightedAverageShsOut": 81288000,
        "weightedAverageShsOutDil": 82724000,
        "link": "https://www.sec.gov/Archives/edgar/data/1358071/000095013408020448/0000950134-08-020448-index.htm",
        "finalLink": "https://www.sec.gov/Archives/edgar/data/1358071/000095013408020448/d65158e10vq.htm"
    },
    {
        "date": "2008-06-30",
        "symbol": "CXO",
        "reportedCurrency": "USD",
        "cik": "0001358071",
        "fillingDate": "2008-08-13",
        "acceptedDate": "2008-08-13 17:22:03",
        "calendarYear": "2008",
        "period": "Q2",
        "revenue": 137383000,
        "costOfRevenue": 22702000,
        "grossProfit": 114681000,
        "grossProfitRatio": 0.8347539361,
        "researchAndDevelopmentExpenses": 0,
        "generalAndAdministrativeExpenses": 10385000,
        "sellingAndMarketingExpenses": 124110000,
        "sellingGeneralAndAdministrativeExpenses": 134495000,
        "otherExpenses": 0,
        "operatingExpenses": 134495000,
        "costAndExpenses": 157197000,
        "interestIncome": 0,
        "interestExpense": 0,
        "depreciationAndAmortization": 22349000,
        "ebitda": -1240000,
        "ebitdaratio": -0.009025862,
        "operatingIncome": -19814000,
        "operatingIncomeRatio": -0.1442245402,
        "totalOtherIncomeExpensesNet": -3775000,
        "incomeBeforeTax": -23589000,
        "incomeBeforeTaxRatio": -0.1717024668,
        "incomeTaxExpense": -9169000,
        "netIncome": -14420000,
        "netIncomeRatio": -0.1049620404,
        "eps": -0.19,
        "epsdiluted": -0.19,
        "weightedAverageShsOut": 75665000,
        "weightedAverageShsOutDil": 75665000,
        "link": "https://www.sec.gov/Archives/edgar/data/1358071/000095013408015133/0000950134-08-015133-index.htm",
        "finalLink": "https://www.sec.gov/Archives/edgar/data/1358071/000095013408015133/d59485e10vq.htm"
    },
    {
        "date": "2008-03-31",
        "symbol": "CXO",
        "reportedCurrency": "USD",
        "cik": "0001358071",
        "fillingDate": "2008-05-14",
        "acceptedDate": "2008-05-14 16:44:14",
        "calendarYear": "2008",
        "period": "Q1",
        "revenue": 106711000,
        "costOfRevenue": 10558000,
        "grossProfit": 96153000,
        "grossProfitRatio": 0.901059872,
        "researchAndDevelopmentExpenses": 0,
        "generalAndAdministrativeExpenses": 7680000,
        "sellingAndMarketingExpenses": 47540000,
        "sellingGeneralAndAdministrativeExpenses": 55220000,
        "otherExpenses": 0,
        "operatingExpenses": 55220000,
        "costAndExpenses": 65778000,
        "interestIncome": 0,
        "interestExpense": 0,
        "depreciationAndAmortization": 21621000,
        "ebitda": 58354000,
        "ebitdaratio": 0.546841469,
        "operatingIncome": 40933000,
        "operatingIncomeRatio": 0.3835874465,
        "totalOtherIncomeExpensesNet": -4200000,
        "incomeBeforeTax": 36733000,
        "incomeBeforeTaxRatio": 0.3442288049,
        "incomeTaxExpense": 14368000,
        "netIncome": 22365000,
        "netIncomeRatio": 0.2095847663,
        "eps": 0.3,
        "epsdiluted": 0.29,
        "weightedAverageShsOut": 75473000,
        "weightedAverageShsOutDil": 76886000,
        "link": "https://www.sec.gov/Archives/edgar/data/1358071/000095013408009537/0000950134-08-009537-index.htm",
        "finalLink": "https://www.sec.gov/Archives/edgar/data/1358071/000095013408005587/d54735e10vk.htm"
    },
    {
        "date": "2007-12-31",
        "symbol": "CXO",
        "reportedCurrency": "USD",
        "cik": "0001358071",
        "fillingDate": "2008-03-28",
        "acceptedDate": "2008-03-28 13:35:00",
        "calendarYear": "2007",
        "period": "Q4",
        "revenue": 98786000,
        "costOfRevenue": 18645000,
        "grossProfit": 80141000,
        "grossProfitRatio": 0.8112586804,
        "researchAndDevelopmentExpenses": 0,
        "generalAndAdministrativeExpenses": 12879000,
        "sellingAndMarketingExpenses": 53477000,
        "sellingGeneralAndAdministrativeExpenses": 66356000,
        "otherExpenses": 0,
        "operatingExpenses": 66356000,
        "costAndExpenses": 85001000,
        "interestIncome": 0,
        "interestExpense": 0,
        "depreciationAndAmortization": 22079000,
        "ebitda": 31621000,
        "ebitdaratio": 0.320095965,
        "operatingIncome": 13785000,
        "operatingIncomeRatio": 0.1395440649,
        "totalOtherIncomeExpensesNet": -4243000,
        "incomeBeforeTax": 9542000,
        "incomeBeforeTaxRatio": 0.0965926346,
        "incomeTaxExpense": 2684000,
        "netIncome": 6858000,
        "netIncomeRatio": 0.0694227927,
        "eps": 0.0909,
        "epsdiluted": 0.0909,
        "weightedAverageShsOut": 75473000,
        "weightedAverageShsOutDil": 75473000,
        "link": "https://www.sec.gov/Archives/edgar/data/1358071/000095013408005587/0000950134-08-005587-index.htm",
        "finalLink": "https://www.sec.gov/Archives/edgar/data/1358071/000095013408005587/d54735e10vk.htm"
    },
    {
        "date": "2007-09-30",
        "symbol": "CXO",
        "reportedCurrency": "USD",
        "cik": "0001358071",
        "fillingDate": "2007-11-14",
        "acceptedDate": "2007-11-14 15:18:54",
        "calendarYear": "2007",
        "period": "Q3",
        "revenue": 69098000,
        "costOfRevenue": 19905000,
        "grossProfit": 49193000,
        "grossProfitRatio": 0.7119308808,
        "researchAndDevelopmentExpenses": 0,
        "generalAndAdministrativeExpenses": 4646000,
        "sellingAndMarketingExpenses": 20566000,
        "sellingGeneralAndAdministrativeExpenses": 25212000,
        "otherExpenses": 0,
        "operatingExpenses": 25212000,
        "costAndExpenses": 45117000,
        "interestIncome": 0,
        "interestExpense": 0,
        "depreciationAndAmortization": 19805000,
        "ebitda": 33731000,
        "ebitdaratio": 0.4881617413,
        "operatingIncome": 23981000,
        "operatingIncomeRatio": 0.347057802,
        "totalOtherIncomeExpensesNet": -10055000,
        "incomeBeforeTax": 13926000,
        "incomeBeforeTaxRatio": 0.201539842,
        "incomeTaxExpense": 5972000,
        "netIncome": 7954000,
        "netIncomeRatio": 0.1151118701,
        "eps": 0.12,
        "epsdiluted": 0.11,
        "weightedAverageShsOut": 69067000,
        "weightedAverageShsOutDil": 69913000,
        "link": "https://www.sec.gov/Archives/edgar/data/1358071/000095013407023966/0000950134-07-023966-index.htm",
        "finalLink": "https://www.sec.gov/Archives/edgar/data/1358071/000095013407023966/d51484e10vq.htm"
    },
    {
        "date": "2007-06-30",
        "symbol": "CXO",
        "reportedCurrency": "USD",
        "cik": "0001358071",
        "fillingDate": "2007-06-30",
        "acceptedDate": "2007-06-29 20:00:00",
        "calendarYear": "2007",
        "period": "Q2",
        "revenue": 66103000,
        "costOfRevenue": 12814000,
        "grossProfit": 53289000,
        "grossProfitRatio": 0.8061510068,
        "researchAndDevelopmentExpenses": 0,
        "generalAndAdministrativeExpenses": 7629000,
        "sellingAndMarketingExpenses": 23681000,
        "sellingGeneralAndAdministrativeExpenses": 31310000,
        "otherExpenses": 0,
        "operatingExpenses": 31310000,
        "costAndExpenses": 44124000,
        "interestIncome": 0,
        "interestExpense": 0,
        "depreciationAndAmortization": 18028000,
        "ebitda": 27941000,
        "ebitdaratio": 0.4226888341,
        "operatingIncome": 21979000,
        "operatingIncomeRatio": 0.3324962558,
        "totalOtherIncomeExpensesNet": -12066000,
        "incomeBeforeTax": 9913000,
        "incomeBeforeTaxRatio": 0.1499629366,
        "incomeTaxExpense": 3988000,
        "netIncome": 5925000,
        "netIncomeRatio": 0.0896328457,
        "eps": 0.1,
        "epsdiluted": 0.0994,
        "weightedAverageShsOut": 57747000,
        "weightedAverageShsOutDil": 59625000,
        "link": "",
        "finalLink": ""
    },
    {
        "date": "2007-03-31",
        "symbol": "CXO",
        "reportedCurrency": "USD",
        "cik": "0001358071",
        "fillingDate": "2007-03-31",
        "acceptedDate": "2007-03-30 20:00:00",
        "calendarYear": "2007",
        "period": "Q1",
        "revenue": 60346000,
        "costOfRevenue": 12387000,
        "grossProfit": 47959000,
        "grossProfitRatio": 0.7947337023,
        "researchAndDevelopmentExpenses": 0,
        "generalAndAdministrativeExpenses": 7646000,
        "sellingAndMarketingExpenses": 20679000,
        "sellingGeneralAndAdministrativeExpenses": 28325000,
        "otherExpenses": 0,
        "operatingExpenses": 28325000,
        "costAndExpenses": 40712000,
        "interestIncome": 0,
        "interestExpense": 0,
        "depreciationAndAmortization": 20934000,
        "ebitda": 28932000,
        "ebitdaratio": 0.4794352567,
        "operatingIncome": 19634000,
        "operatingIncomeRatio": 0.3253571073,
        "totalOtherIncomeExpensesNet": -11636000,
        "incomeBeforeTax": 7998000,
        "incomeBeforeTaxRatio": 0.1325357107,
        "incomeTaxExpense": 3375000,
        "netIncome": 4623000,
        "netIncomeRatio": 0.0766082259,
        "eps": 0.0842,
        "epsdiluted": 0.0786,
        "weightedAverageShsOut": 54936000,
        "weightedAverageShsOutDil": 58840000,
        "link": "",
        "finalLink": ""
    },
    {
        "date": "2006-09-30",
        "symbol": "CXO",
        "reportedCurrency": "USD",
        "cik": "0001358071",
        "fillingDate": "2006-09-30",
        "acceptedDate": "2006-09-29 20:00:00",
        "calendarYear": "2006",
        "period": "Q3",
        "revenue": 57546000,
        "costOfRevenue": 0,
        "grossProfit": 57546000,
        "grossProfitRatio": 1,
        "researchAndDevelopmentExpenses": 0,
        "generalAndAdministrativeExpenses": 0,
        "sellingAndMarketingExpenses": 0,
        "sellingGeneralAndAdministrativeExpenses": 0,
        "otherExpenses": 0,
        "operatingExpenses": 0,
        "costAndExpenses": 0,
        "interestIncome": 0,
        "interestExpense": 0,
        "depreciationAndAmortization": -59563000,
        "ebitda": -2017000,
        "ebitdaratio": -0.0350502207,
        "operatingIncome": 57546000,
        "operatingIncomeRatio": 1,
        "totalOtherIncomeExpensesNet": 0,
        "incomeBeforeTax": 0,
        "incomeBeforeTaxRatio": 0,
        "incomeTaxExpense": 59563000,
        "netIncome": -2017000,
        "netIncomeRatio": -0.0350502207,
        "eps": -0.0427,
        "epsdiluted": -0.0398,
        "weightedAverageShsOut": 47287000,
        "weightedAverageShsOutDil": 50729000,
        "link": "",
        "finalLink": ""
    },
    {
        "date": "2006-06-30",
        "symbol": "CXO",
        "reportedCurrency": "USD",
        "cik": "0001358071",
        "fillingDate": "2006-06-30",
        "acceptedDate": "2006-06-29 20:00:00",
        "calendarYear": "2006",
        "period": "Q2",
        "revenue": 57546000,
        "costOfRevenue": 0,
        "grossProfit": 57546000,
        "grossProfitRatio": 1,
        "researchAndDevelopmentExpenses": 0,
        "generalAndAdministrativeExpenses": 0,
        "sellingAndMarketingExpenses": 0,
        "sellingGeneralAndAdministrativeExpenses": 0,
        "otherExpenses": 0,
        "operatingExpenses": 0,
        "costAndExpenses": 0,
        "interestIncome": 0,
        "interestExpense": 0,
        "depreciationAndAmortization": -59563000,
        "ebitda": -2017000,
        "ebitdaratio": -0.0350502207,
        "operatingIncome": 57546000,
        "operatingIncomeRatio": 1,
        "totalOtherIncomeExpensesNet": 0,
        "incomeBeforeTax": 0,
        "incomeBeforeTaxRatio": 0,
        "incomeTaxExpense": 59563000,
        "netIncome": -2017000,
        "netIncomeRatio": -0.0350502207,
        "eps": -0.0427,
        "epsdiluted": -0.0398,
        "weightedAverageShsOut": 47287000,
        "weightedAverageShsOutDil": 50729000,
        "link": "",
        "finalLink": ""
    },
    {
        "date": "2006-03-31",
        "symbol": "CXO",
        "reportedCurrency": "USD",
        "cik": "0001358071",
        "fillingDate": "2006-03-31",
        "acceptedDate": "2006-03-30 19:00:00",
        "calendarYear": "2006",
        "period": "Q1",
        "revenue": 25652000,
        "costOfRevenue": 0,
        "grossProfit": 25652000,
        "grossProfitRatio": 1,
        "researchAndDevelopmentExpenses": 0,
        "generalAndAdministrativeExpenses": 0,
        "sellingAndMarketingExpenses": 0,
        "sellingGeneralAndAdministrativeExpenses": 0,
        "otherExpenses": 0,
        "operatingExpenses": 0,
        "costAndExpenses": 0,
        "interestIncome": 0,
        "interestExpense": 0,
        "depreciationAndAmortization": -27080000,
        "ebitda": -1428000,
        "ebitdaratio": -0.055668174,
        "operatingIncome": 25652000,
        "operatingIncomeRatio": 1,
        "totalOtherIncomeExpensesNet": 0,
        "incomeBeforeTax": 0,
        "incomeBeforeTaxRatio": 0,
        "incomeTaxExpense": 27080000,
        "netIncome": -1428000,
        "netIncomeRatio": -0.055668174,
        "eps": -0.0596,
        "epsdiluted": -0.0539,
        "weightedAverageShsOut": 23976000,
        "weightedAverageShsOutDil": 26503000,
        "link": "",
        "finalLink": ""
    },
    {
        "date": "2005-09-30",
        "symbol": "CXO",
        "reportedCurrency": "USD",
        "cik": "0001358071",
        "fillingDate": "2005-09-30",
        "acceptedDate": "2005-09-29 20:00:00",
        "calendarYear": "2005",
        "period": "Q3",
        "revenue": 13734000,
        "costOfRevenue": 0,
        "grossProfit": 13734000,
        "grossProfitRatio": 1,
        "researchAndDevelopmentExpenses": 0,
        "generalAndAdministrativeExpenses": 0,
        "sellingAndMarketingExpenses": 0,
        "sellingGeneralAndAdministrativeExpenses": 0,
        "otherExpenses": 0,
        "operatingExpenses": 0,
        "costAndExpenses": 0,
        "interestIncome": 0,
        "interestExpense": 0,
        "depreciationAndAmortization": -13245000,
        "ebitda": 489000,
        "ebitdaratio": 0.0356050677,
        "operatingIncome": 13734000,
        "operatingIncomeRatio": 1,
        "totalOtherIncomeExpensesNet": 0,
        "incomeBeforeTax": 0,
        "incomeBeforeTaxRatio": 0,
        "incomeTaxExpense": 13245000,
        "netIncome": 489000,
        "netIncomeRatio": 0.0356050677,
        "eps": 0.12,
        "epsdiluted": 0.12,
        "weightedAverageShsOut": 4059000,
        "weightedAverageShsOutDil": 4059000,
        "link": "",
        "finalLink": ""
    },
    {
        "date": "2005-06-30",
        "symbol": "CXO",
        "reportedCurrency": "USD",
        "cik": "0001358071",
        "fillingDate": "2005-06-30",
        "acceptedDate": "2005-06-29 20:00:00",
        "calendarYear": "2005",
        "period": "Q2",
        "revenue": 13734000,
        "costOfRevenue": 0,
        "grossProfit": 13734000,
        "grossProfitRatio": 1,
        "researchAndDevelopmentExpenses": 0,
        "generalAndAdministrativeExpenses": 0,
        "sellingAndMarketingExpenses": 0,
        "sellingGeneralAndAdministrativeExpenses": 0,
        "otherExpenses": 0,
        "operatingExpenses": 0,
        "costAndExpenses": 0,
        "interestIncome": 0,
        "interestExpense": 0,
        "depreciationAndAmortization": -13245000,
        "ebitda": 489000,
        "ebitdaratio": 0.0356050677,
        "operatingIncome": 13734000,
        "operatingIncomeRatio": 1,
        "totalOtherIncomeExpensesNet": 0,
        "incomeBeforeTax": 0,
        "incomeBeforeTaxRatio": 0,
        "incomeTaxExpense": 13245000,
        "netIncome": 489000,
        "netIncomeRatio": 0.0356050677,
        "eps": 0.12,
        "epsdiluted": 0.12,
        "weightedAverageShsOut": 4059000,
        "weightedAverageShsOutDil": 4059000,
        "link": "",
        "finalLink": ""
    },
    {
        "date": "2005-03-31",
        "symbol": "CXO",
        "reportedCurrency": "USD",
        "cik": "0001358071",
        "fillingDate": "2005-03-31",
        "acceptedDate": "2005-03-30 19:00:00",
        "calendarYear": "2005",
        "period": "Q1",
        "revenue": 13734000,
        "costOfRevenue": 0,
        "grossProfit": 13734000,
        "grossProfitRatio": 1,
        "researchAndDevelopmentExpenses": 0,
        "generalAndAdministrativeExpenses": 0,
        "sellingAndMarketingExpenses": 0,
        "sellingGeneralAndAdministrativeExpenses": 0,
        "otherExpenses": 0,
        "operatingExpenses": 0,
        "costAndExpenses": 0,
        "interestIncome": 0,
        "interestExpense": 0,
        "depreciationAndAmortization": -13245000,
        "ebitda": 489000,
        "ebitdaratio": 0.0356050677,
        "operatingIncome": 13734000,
        "operatingIncomeRatio": 1,
        "totalOtherIncomeExpensesNet": 0,
        "incomeBeforeTax": 0,
        "incomeBeforeTaxRatio": 0,
        "incomeTaxExpense": 13245000,
        "netIncome": 489000,
        "netIncomeRatio": 0.0356050677,
        "eps": 0.12,
        "epsdiluted": 0.12,
        "weightedAverageShsOut": 4059000,
        "weightedAverageShsOutDil": 4059000,
        "link": "",
        "finalLink": ""
    }
]