[
    {
        "date": "2025-09-30",
        "symbol": "CZR",
        "reportedCurrency": "USD",
        "cik": "0001590895",
        "fillingDate": "2025-10-28",
        "acceptedDate": "2025-10-28 16:22:57",
        "calendarYear": "2025",
        "period": "Q3",
        "revenue": 2869000000,
        "costOfRevenue": 1808000000,
        "grossProfit": 1061000000,
        "grossProfitRatio": 0.3698152666,
        "researchAndDevelopmentExpenses": 0,
        "generalAndAdministrativeExpenses": 483000000,
        "sellingAndMarketingExpenses": 0,
        "sellingGeneralAndAdministrativeExpenses": 483000000,
        "otherExpenses": 75000000,
        "operatingExpenses": 558000000,
        "costAndExpenses": 2366000000,
        "interestIncome": 5000000,
        "interestExpense": 581000000,
        "depreciationAndAmortization": 352000000,
        "ebitda": 869000000,
        "ebitdaratio": 0.3028929941,
        "operatingIncome": 503000000,
        "operatingIncomeRatio": 0.175322412,
        "totalOtherIncomeExpensesNet": -567000000,
        "incomeBeforeTax": -64000000,
        "incomeBeforeTaxRatio": -0.0223074242,
        "incomeTaxExpense": -25000000,
        "netIncome": -55000000,
        "netIncomeRatio": -0.0191704427,
        "eps": -0.27,
        "epsdiluted": -0.27,
        "weightedAverageShsOut": 207000000,
        "weightedAverageShsOutDil": 207000000,
        "link": "https://www.sec.gov/Archives/edgar/data/1590895/000159089525000130/0001590895-25-000130-index.htm",
        "finalLink": "https://www.sec.gov/Archives/edgar/data/1590895/000159089525000130/czr-20250930.htm"
    },
    {
        "date": "2025-06-30",
        "symbol": "CZR",
        "reportedCurrency": "USD",
        "cik": "0001590895",
        "fillingDate": "2025-07-29",
        "acceptedDate": "2025-07-29 16:58:23",
        "calendarYear": "2025",
        "period": "Q2",
        "revenue": 2907000000,
        "costOfRevenue": 1422000000,
        "grossProfit": 1485000000,
        "grossProfitRatio": 0.5108359133,
        "researchAndDevelopmentExpenses": 0,
        "generalAndAdministrativeExpenses": 477000000,
        "sellingAndMarketingExpenses": 0,
        "sellingGeneralAndAdministrativeExpenses": 477000000,
        "otherExpenses": 482000000,
        "operatingExpenses": 959000000,
        "costAndExpenses": 2381000000,
        "interestIncome": 7000000,
        "interestExpense": 586000000,
        "depreciationAndAmortization": 364000000,
        "ebitda": 898000000,
        "ebitdaratio": 0.3089095287,
        "operatingIncome": 526000000,
        "operatingIncomeRatio": 0.1809425525,
        "totalOtherIncomeExpensesNet": -578000000,
        "incomeBeforeTax": -52000000,
        "incomeBeforeTaxRatio": -0.0178878569,
        "incomeTaxExpense": 13000000,
        "netIncome": -82000000,
        "netIncomeRatio": -0.0282077743,
        "eps": -0.39,
        "epsdiluted": -0.39,
        "weightedAverageShsOut": 209000000,
        "weightedAverageShsOutDil": 209000000,
        "link": "https://www.sec.gov/Archives/edgar/data/1590895/000159089525000126/0001590895-25-000126-index.htm",
        "finalLink": "https://www.sec.gov/Archives/edgar/data/1590895/000159089525000126/czr-20250630.htm"
    },
    {
        "date": "2025-03-31",
        "symbol": "CZR",
        "reportedCurrency": "USD",
        "cik": "0001590895",
        "fillingDate": "2025-04-29",
        "acceptedDate": "2025-04-29 16:22:26",
        "calendarYear": "2025",
        "period": "Q1",
        "revenue": 2794000000,
        "costOfRevenue": 1382000000,
        "grossProfit": 1412000000,
        "grossProfitRatio": 0.5053686471,
        "researchAndDevelopmentExpenses": 0,
        "generalAndAdministrativeExpenses": 483000000,
        "sellingAndMarketingExpenses": 0,
        "sellingGeneralAndAdministrativeExpenses": 483000000,
        "otherExpenses": 441000000,
        "operatingExpenses": 924000000,
        "costAndExpenses": 2306000000,
        "interestIncome": 6000000,
        "interestExpense": 580000000,
        "depreciationAndAmortization": 357000000,
        "ebitda": 850000000,
        "ebitdaratio": 0.3042233357,
        "operatingIncome": 488000000,
        "operatingIncomeRatio": 0.1746599857,
        "totalOtherIncomeExpensesNet": -575000000,
        "incomeBeforeTax": -87000000,
        "incomeBeforeTaxRatio": -0.0311381532,
        "incomeTaxExpense": 11000000,
        "netIncome": -115000000,
        "netIncomeRatio": -0.0411596278,
        "eps": -0.54,
        "epsdiluted": -0.54,
        "weightedAverageShsOut": 212000000,
        "weightedAverageShsOutDil": 212000000,
        "link": "https://www.sec.gov/Archives/edgar/data/1590895/000159089525000110/0001590895-25-000110-index.htm",
        "finalLink": "https://www.sec.gov/Archives/edgar/data/1590895/000159089525000110/czr-20250331.htm"
    },
    {
        "date": "2024-12-31",
        "symbol": "CZR",
        "reportedCurrency": "USD",
        "cik": "0001590895",
        "fillingDate": "2025-02-25",
        "acceptedDate": "2025-02-25 16:33:44",
        "calendarYear": "2024",
        "period": "Q4",
        "revenue": 2799000000,
        "costOfRevenue": 1396000000,
        "grossProfit": 1403000000,
        "grossProfitRatio": 0.5012504466,
        "researchAndDevelopmentExpenses": 0,
        "generalAndAdministrativeExpenses": 477000000,
        "sellingAndMarketingExpenses": 0,
        "sellingGeneralAndAdministrativeExpenses": 477000000,
        "otherExpenses": 257000000,
        "operatingExpenses": 734000000,
        "costAndExpenses": 2130000000,
        "interestIncome": 5000000,
        "interestExpense": 591000000,
        "depreciationAndAmortization": 345000000,
        "ebitda": 979000000,
        "ebitdaratio": 0.3497677742,
        "operatingIncome": 669000000,
        "operatingIncomeRatio": 0.2390139335,
        "totalOtherIncomeExpensesNet": -626000000,
        "incomeBeforeTax": 43000000,
        "incomeBeforeTaxRatio": 0.0153626295,
        "incomeTaxExpense": 19000000,
        "netIncome": 11000000,
        "netIncomeRatio": 0.003929975,
        "eps": 0.0512,
        "epsdiluted": 0.0512,
        "weightedAverageShsOut": 215000000,
        "weightedAverageShsOutDil": 215000000,
        "link": "https://www.sec.gov/Archives/edgar/data/1590895/000159089525000068/0001590895-25-000068-index.htm",
        "finalLink": "https://www.sec.gov/Archives/edgar/data/1590895/000159089525000068/czr-20241231.htm"
    },
    {
        "date": "2024-09-30",
        "symbol": "CZR",
        "reportedCurrency": "USD",
        "cik": "0001590895",
        "fillingDate": "2024-10-29",
        "acceptedDate": "2024-10-29 16:32:33",
        "calendarYear": "2024",
        "period": "Q3",
        "revenue": 2874000000,
        "costOfRevenue": 1355000000,
        "grossProfit": 1519000000,
        "grossProfitRatio": 0.5285316632,
        "researchAndDevelopmentExpenses": 0,
        "generalAndAdministrativeExpenses": 478000000,
        "sellingAndMarketingExpenses": 0,
        "sellingGeneralAndAdministrativeExpenses": 478000000,
        "otherExpenses": 397000000,
        "operatingExpenses": 875000000,
        "costAndExpenses": 2230000000,
        "interestIncome": 2000000,
        "interestExpense": 598000000,
        "depreciationAndAmortization": 326000000,
        "ebitda": 976000000,
        "ebitdaratio": 0.3395963814,
        "operatingIncome": 644000000,
        "operatingIncomeRatio": 0.2240779402,
        "totalOtherIncomeExpensesNet": -592000000,
        "incomeBeforeTax": 52000000,
        "incomeBeforeTaxRatio": 0.0180932498,
        "incomeTaxExpense": 43000000,
        "netIncome": -9000000,
        "netIncomeRatio": -0.003131524,
        "eps": -0.0419,
        "epsdiluted": -0.0419,
        "weightedAverageShsOut": 215000000,
        "weightedAverageShsOutDil": 215000000,
        "link": "https://www.sec.gov/Archives/edgar/data/1590895/000159089524000138/0001590895-24-000138-index.htm",
        "finalLink": "https://www.sec.gov/Archives/edgar/data/1590895/000159089524000138/czr-20240930.htm"
    },
    {
        "date": "2024-06-30",
        "symbol": "CZR",
        "reportedCurrency": "USD",
        "cik": "0001590895",
        "fillingDate": "2024-07-30",
        "acceptedDate": "2024-07-30 16:39:43",
        "calendarYear": "2024",
        "period": "Q2",
        "revenue": 2830000000,
        "costOfRevenue": 1322000000,
        "grossProfit": 1508000000,
        "grossProfitRatio": 0.5328621908,
        "researchAndDevelopmentExpenses": 0,
        "generalAndAdministrativeExpenses": 465000000,
        "sellingAndMarketingExpenses": 0,
        "sellingGeneralAndAdministrativeExpenses": 465000000,
        "otherExpenses": 537000000,
        "operatingExpenses": 1002000000,
        "costAndExpenses": 2324000000,
        "interestIncome": 2000000,
        "interestExpense": 596000000,
        "depreciationAndAmortization": 326000000,
        "ebitda": 830000000,
        "ebitdaratio": 0.2932862191,
        "operatingIncome": 506000000,
        "operatingIncomeRatio": 0.1787985866,
        "totalOtherIncomeExpensesNet": -598000000,
        "incomeBeforeTax": -92000000,
        "incomeBeforeTaxRatio": -0.0325088339,
        "incomeTaxExpense": 10000000,
        "netIncome": -122000000,
        "netIncomeRatio": -0.0431095406,
        "eps": -0.56,
        "epsdiluted": -0.56,
        "weightedAverageShsOut": 216000000,
        "weightedAverageShsOutDil": 216000000,
        "link": "https://www.sec.gov/Archives/edgar/data/1590895/000159089524000124/0001590895-24-000124-index.htm",
        "finalLink": "https://www.sec.gov/Archives/edgar/data/1590895/000159089524000124/czr-20240630.htm"
    },
    {
        "date": "2024-03-31",
        "symbol": "CZR",
        "reportedCurrency": "USD",
        "cik": "0001590895",
        "fillingDate": "2024-04-30",
        "acceptedDate": "2024-04-30 16:26:09",
        "calendarYear": "2024",
        "period": "Q1",
        "revenue": 2742000000,
        "costOfRevenue": 1346000000,
        "grossProfit": 1396000000,
        "grossProfitRatio": 0.5091174325,
        "researchAndDevelopmentExpenses": 0,
        "generalAndAdministrativeExpenses": 500000000,
        "sellingAndMarketingExpenses": 0,
        "sellingGeneralAndAdministrativeExpenses": 500000000,
        "otherExpenses": 411000000,
        "operatingExpenses": 911000000,
        "costAndExpenses": 2257000000,
        "interestIncome": 2000000,
        "interestExpense": 592000000,
        "depreciationAndAmortization": 327000000,
        "ebitda": 792000000,
        "ebitdaratio": 0.2888402626,
        "operatingIncome": 485000000,
        "operatingIncomeRatio": 0.1768781911,
        "totalOtherIncomeExpensesNet": -612000000,
        "incomeBeforeTax": -127000000,
        "incomeBeforeTaxRatio": -0.0463165573,
        "incomeTaxExpense": 15000000,
        "netIncome": -158000000,
        "netIncomeRatio": -0.0576221736,
        "eps": -0.73,
        "epsdiluted": -0.73,
        "weightedAverageShsOut": 216000000,
        "weightedAverageShsOutDil": 216000000,
        "link": "https://www.sec.gov/Archives/edgar/data/1590895/000159089524000088/0001590895-24-000088-index.htm",
        "finalLink": "https://www.sec.gov/Archives/edgar/data/1590895/000159089524000088/czr-20240331.htm"
    },
    {
        "date": "2023-12-31",
        "symbol": "CZR",
        "reportedCurrency": "USD",
        "cik": "0001590895",
        "fillingDate": "2024-02-20",
        "acceptedDate": "2024-02-20 17:03:33",
        "calendarYear": "2023",
        "period": "Q4",
        "revenue": 2825000000,
        "costOfRevenue": 1382000000,
        "grossProfit": 1443000000,
        "grossProfitRatio": 0.5107964602,
        "researchAndDevelopmentExpenses": 0,
        "generalAndAdministrativeExpenses": 476000000,
        "sellingAndMarketingExpenses": 0,
        "sellingGeneralAndAdministrativeExpenses": 476000000,
        "otherExpenses": 431000000,
        "operatingExpenses": 907000000,
        "costAndExpenses": 2289000000,
        "interestIncome": 2000000,
        "interestExpense": 583000000,
        "depreciationAndAmortization": 318000000,
        "ebitda": 861000000,
        "ebitdaratio": 0.3047787611,
        "operatingIncome": 536000000,
        "operatingIncomeRatio": 0.1897345133,
        "totalOtherIncomeExpensesNet": -576000000,
        "incomeBeforeTax": -40000000,
        "incomeBeforeTaxRatio": -0.014159292,
        "incomeTaxExpense": 16000000,
        "netIncome": -72000000,
        "netIncomeRatio": -0.0254867257,
        "eps": -0.33,
        "epsdiluted": -0.33,
        "weightedAverageShsOut": 216000000,
        "weightedAverageShsOutDil": 216000000,
        "link": "https://www.sec.gov/Archives/edgar/data/1590895/000159089524000051/0001590895-24-000051-index.htm",
        "finalLink": "https://www.sec.gov/Archives/edgar/data/1590895/000159089524000051/czr-20231231.htm"
    },
    {
        "date": "2023-09-30",
        "symbol": "CZR",
        "reportedCurrency": "USD",
        "cik": "0001590895",
        "fillingDate": "2023-10-31",
        "acceptedDate": "2023-10-31 16:17:02",
        "calendarYear": "2023",
        "period": "Q3",
        "revenue": 2994000000,
        "costOfRevenue": 1361000000,
        "grossProfit": 1633000000,
        "grossProfitRatio": 0.5454241817,
        "researchAndDevelopmentExpenses": 0,
        "generalAndAdministrativeExpenses": 528000000,
        "sellingAndMarketingExpenses": 0,
        "sellingGeneralAndAdministrativeExpenses": 528000000,
        "otherExpenses": 381000000,
        "operatingExpenses": 909000000,
        "costAndExpenses": 2270000000,
        "interestIncome": 3000000,
        "interestExpense": 584000000,
        "depreciationAndAmortization": 320000000,
        "ebitda": 1043000000,
        "ebitdaratio": 0.3483633935,
        "operatingIncome": 724000000,
        "operatingIncomeRatio": 0.2418169673,
        "totalOtherIncomeExpensesNet": -585000000,
        "incomeBeforeTax": 139000000,
        "incomeBeforeTaxRatio": 0.0464261857,
        "incomeTaxExpense": 47000000,
        "netIncome": 74000000,
        "netIncomeRatio": 0.0247160989,
        "eps": 0.34,
        "epsdiluted": 0.34,
        "weightedAverageShsOut": 215000000,
        "weightedAverageShsOutDil": 216000000,
        "link": "https://www.sec.gov/Archives/edgar/data/1590895/000159089523000122/0001590895-23-000122-index.htm",
        "finalLink": "https://www.sec.gov/Archives/edgar/data/1590895/000159089523000122/czr-20230930.htm"
    },
    {
        "date": "2023-06-30",
        "symbol": "CZR",
        "reportedCurrency": "USD",
        "cik": "0001590895",
        "fillingDate": "2023-08-01",
        "acceptedDate": "2023-08-01 16:15:47",
        "calendarYear": "2023",
        "period": "Q2",
        "revenue": 2879000000,
        "costOfRevenue": 1329000000,
        "grossProfit": 1550000000,
        "grossProfitRatio": 0.5383813824,
        "researchAndDevelopmentExpenses": 0,
        "generalAndAdministrativeExpenses": 499000000,
        "sellingAndMarketingExpenses": 0,
        "sellingGeneralAndAdministrativeExpenses": 499000000,
        "otherExpenses": 442000000,
        "operatingExpenses": 941000000,
        "costAndExpenses": 2270000000,
        "interestIncome": 3000000,
        "interestExpense": 589000000,
        "depreciationAndAmortization": 323000000,
        "ebitda": 938000000,
        "ebitdaratio": 0.3258075721,
        "operatingIncome": 609000000,
        "operatingIncomeRatio": 0.2115317819,
        "totalOtherIncomeExpensesNet": -583000000,
        "incomeBeforeTax": 26000000,
        "incomeBeforeTaxRatio": 0.0090309135,
        "incomeTaxExpense": -902000000,
        "netIncome": 920000000,
        "netIncomeRatio": 0.3195554012,
        "eps": 4.28,
        "epsdiluted": 4.28,
        "weightedAverageShsOut": 215000000,
        "weightedAverageShsOutDil": 215000000,
        "link": "https://www.sec.gov/Archives/edgar/data/1590895/000159089523000091/0001590895-23-000091-index.htm",
        "finalLink": "https://www.sec.gov/Archives/edgar/data/1590895/000159089523000091/czr-20230630.htm"
    },
    {
        "date": "2023-03-31",
        "symbol": "CZR",
        "reportedCurrency": "USD",
        "cik": "0001590895",
        "fillingDate": "2023-05-03",
        "acceptedDate": "2023-05-02 19:54:51",
        "calendarYear": "2023",
        "period": "Q1",
        "revenue": 2830000000,
        "costOfRevenue": 1323000000,
        "grossProfit": 1507000000,
        "grossProfitRatio": 0.5325088339,
        "researchAndDevelopmentExpenses": 0,
        "generalAndAdministrativeExpenses": 509000000,
        "sellingAndMarketingExpenses": 0,
        "sellingGeneralAndAdministrativeExpenses": 509000000,
        "otherExpenses": 395000000,
        "operatingExpenses": 904000000,
        "costAndExpenses": 2227000000,
        "interestIncome": 4000000,
        "interestExpense": 598000000,
        "depreciationAndAmortization": 300000000,
        "ebitda": 713000000,
        "ebitdaratio": 0.2519434629,
        "operatingIncome": 603000000,
        "operatingIncomeRatio": 0.2130742049,
        "totalOtherIncomeExpensesNet": -788000000,
        "incomeBeforeTax": -185000000,
        "incomeBeforeTaxRatio": -0.0653710247,
        "incomeTaxExpense": -49000000,
        "netIncome": -136000000,
        "netIncomeRatio": -0.0480565371,
        "eps": -0.63,
        "epsdiluted": -0.63,
        "weightedAverageShsOut": 215000000,
        "weightedAverageShsOutDil": 215000000,
        "link": "https://www.sec.gov/Archives/edgar/data/1590895/000159089523000077/0001590895-23-000077-index.htm",
        "finalLink": "https://www.sec.gov/Archives/edgar/data/1590895/000159089523000077/czr-20230331.htm"
    },
    {
        "date": "2022-12-31",
        "symbol": "CZR",
        "reportedCurrency": "USD",
        "cik": "0001590895",
        "fillingDate": "2023-02-22",
        "acceptedDate": "2023-02-21 21:52:34",
        "calendarYear": "2022",
        "period": "Q4",
        "revenue": 2821000000,
        "costOfRevenue": 1301000000,
        "grossProfit": 1520000000,
        "grossProfitRatio": 0.5388160227,
        "researchAndDevelopmentExpenses": 0,
        "generalAndAdministrativeExpenses": 523000000,
        "sellingAndMarketingExpenses": 0,
        "sellingGeneralAndAdministrativeExpenses": 523000000,
        "otherExpenses": 509000000,
        "operatingExpenses": 1032000000,
        "costAndExpenses": 2333000000,
        "interestIncome": 0,
        "interestExpense": 585000000,
        "depreciationAndAmortization": 295000000,
        "ebitda": 736000000,
        "ebitdaratio": 0.2609003899,
        "operatingIncome": 488000000,
        "operatingIncomeRatio": 0.172988302,
        "totalOtherIncomeExpensesNet": -644000000,
        "incomeBeforeTax": -156000000,
        "incomeBeforeTaxRatio": -0.0552995392,
        "incomeTaxExpense": 6000000,
        "netIncome": -148000000,
        "netIncomeRatio": -0.0524636654,
        "eps": -0.69,
        "epsdiluted": -0.69,
        "weightedAverageShsOut": 215000000,
        "weightedAverageShsOutDil": 215000000,
        "link": "https://www.sec.gov/Archives/edgar/data/1590895/000159089523000070/0001590895-23-000070-index.htm",
        "finalLink": "https://www.sec.gov/Archives/edgar/data/1590895/000159089523000070/czr-20221231.htm"
    },
    {
        "date": "2022-09-30",
        "symbol": "CZR",
        "reportedCurrency": "USD",
        "cik": "0001590895",
        "fillingDate": "2022-11-02",
        "acceptedDate": "2022-11-01 20:26:29",
        "calendarYear": "2022",
        "period": "Q3",
        "revenue": 2887000000,
        "costOfRevenue": 1325000000,
        "grossProfit": 1562000000,
        "grossProfitRatio": 0.5410460686,
        "researchAndDevelopmentExpenses": 0,
        "generalAndAdministrativeExpenses": 529000000,
        "sellingAndMarketingExpenses": 0,
        "sellingGeneralAndAdministrativeExpenses": 529000000,
        "otherExpenses": 374000000,
        "operatingExpenses": 903000000,
        "costAndExpenses": 2228000000,
        "interestIncome": 3000000,
        "interestExpense": 572000000,
        "depreciationAndAmortization": 304000000,
        "ebitda": 937000000,
        "ebitdaratio": 0.3245583651,
        "operatingIncome": 659000000,
        "operatingIncomeRatio": 0.2282646346,
        "totalOtherIncomeExpensesNet": -598000000,
        "incomeBeforeTax": 61000000,
        "incomeBeforeTaxRatio": 0.0211291999,
        "incomeTaxExpense": 8000000,
        "netIncome": 52000000,
        "netIncomeRatio": 0.0180117769,
        "eps": 0.243,
        "epsdiluted": 0.243,
        "weightedAverageShsOut": 214000000,
        "weightedAverageShsOutDil": 214000000,
        "link": "https://www.sec.gov/Archives/edgar/data/1590895/000159089522000148/0001590895-22-000148-index.htm",
        "finalLink": "https://www.sec.gov/Archives/edgar/data/1590895/000159089522000148/czr-20220930.htm"
    },
    {
        "date": "2022-06-30",
        "symbol": "CZR",
        "reportedCurrency": "USD",
        "cik": "0001590895",
        "fillingDate": "2022-08-04",
        "acceptedDate": "2022-08-03 20:21:05",
        "calendarYear": "2022",
        "period": "Q2",
        "revenue": 2821000000,
        "costOfRevenue": 1306000000,
        "grossProfit": 1515000000,
        "grossProfitRatio": 0.5370436016,
        "researchAndDevelopmentExpenses": 0,
        "generalAndAdministrativeExpenses": 517000000,
        "sellingAndMarketingExpenses": 0,
        "sellingGeneralAndAdministrativeExpenses": 517000000,
        "otherExpenses": 396000000,
        "operatingExpenses": 913000000,
        "costAndExpenses": 2219000000,
        "interestIncome": 3000000,
        "interestExpense": 562000000,
        "depreciationAndAmortization": 306000000,
        "ebitda": 956000000,
        "ebitdaratio": 0.3388869195,
        "operatingIncome": 602000000,
        "operatingIncomeRatio": 0.2133995037,
        "totalOtherIncomeExpensesNet": -514000000,
        "incomeBeforeTax": 88000000,
        "incomeBeforeTaxRatio": 0.0311946118,
        "incomeTaxExpense": 52000000,
        "netIncome": -123000000,
        "netIncomeRatio": -0.0436015597,
        "eps": -0.5748,
        "epsdiluted": -0.5748,
        "weightedAverageShsOut": 214000000,
        "weightedAverageShsOutDil": 214000000,
        "link": "https://www.sec.gov/Archives/edgar/data/1590895/000159089522000126/0001590895-22-000126-index.htm",
        "finalLink": "https://www.sec.gov/Archives/edgar/data/1590895/000159089522000126/czr-20220630.htm"
    },
    {
        "date": "2022-03-31",
        "symbol": "CZR",
        "reportedCurrency": "USD",
        "cik": "0001590895",
        "fillingDate": "2022-05-04",
        "acceptedDate": "2022-05-03 19:05:59",
        "calendarYear": "2022",
        "period": "Q1",
        "revenue": 2292000000,
        "costOfRevenue": 1469000000,
        "grossProfit": 823000000,
        "grossProfitRatio": 0.3590750436,
        "researchAndDevelopmentExpenses": 0,
        "generalAndAdministrativeExpenses": 499000000,
        "sellingAndMarketingExpenses": 0,
        "sellingGeneralAndAdministrativeExpenses": 499000000,
        "otherExpenses": 334000000,
        "operatingExpenses": 833000000,
        "costAndExpenses": 2302000000,
        "interestIncome": 2000000,
        "interestExpense": 552000000,
        "depreciationAndAmortization": 300000000,
        "ebitda": 296000000,
        "ebitdaratio": 0.1291448517,
        "operatingIncome": -10000000,
        "operatingIncomeRatio": -0.0043630017,
        "totalOtherIncomeExpensesNet": -548000000,
        "incomeBeforeTax": -558000000,
        "incomeBeforeTaxRatio": -0.2434554974,
        "incomeTaxExpense": -107000000,
        "netIncome": -680000000,
        "netIncomeRatio": -0.2966841187,
        "eps": -3.1776,
        "epsdiluted": -3.1776,
        "weightedAverageShsOut": 214000000,
        "weightedAverageShsOutDil": 214000000,
        "link": "https://www.sec.gov/Archives/edgar/data/1590895/000159089522000100/0001590895-22-000100-index.htm",
        "finalLink": "https://www.sec.gov/Archives/edgar/data/1590895/000159089522000100/czr-20220331.htm"
    },
    {
        "date": "2021-12-31",
        "symbol": "CZR",
        "reportedCurrency": "USD",
        "cik": "0001590895",
        "fillingDate": "2022-02-24",
        "acceptedDate": "2022-02-23 20:49:16",
        "calendarYear": "2021",
        "period": "Q4",
        "revenue": 2591000000,
        "costOfRevenue": 1473000000,
        "grossProfit": 1118000000,
        "grossProfitRatio": 0.4314936318,
        "researchAndDevelopmentExpenses": 0,
        "generalAndAdministrativeExpenses": 498000000,
        "sellingAndMarketingExpenses": 0,
        "sellingGeneralAndAdministrativeExpenses": 498000000,
        "otherExpenses": 498000000,
        "operatingExpenses": 996000000,
        "costAndExpenses": 2469000000,
        "interestIncome": 0,
        "interestExpense": 561000000,
        "depreciationAndAmortization": 284000000,
        "ebitda": 288000000,
        "ebitdaratio": 0.1111539946,
        "operatingIncome": 122000000,
        "operatingIncomeRatio": 0.0470860672,
        "totalOtherIncomeExpensesNet": -679000000,
        "incomeBeforeTax": -557000000,
        "incomeBeforeTaxRatio": -0.2149749132,
        "incomeTaxExpense": -116000000,
        "netIncome": -434000000,
        "netIncomeRatio": -0.1675028946,
        "eps": -2.03,
        "epsdiluted": -2.03,
        "weightedAverageShsOut": 214000000,
        "weightedAverageShsOutDil": 214000000,
        "link": "https://www.sec.gov/Archives/edgar/data/1590895/000159089522000061/0001590895-22-000061-index.htm",
        "finalLink": "https://www.sec.gov/Archives/edgar/data/1590895/000159089522000061/czr-20211231.htm"
    },
    {
        "date": "2021-09-30",
        "symbol": "CZR",
        "reportedCurrency": "USD",
        "cik": "0001590895",
        "fillingDate": "2021-11-05",
        "acceptedDate": "2021-11-04 21:43:47",
        "calendarYear": "2021",
        "period": "Q3",
        "revenue": 2685000000,
        "costOfRevenue": 1284000000,
        "grossProfit": 1401000000,
        "grossProfitRatio": 0.5217877095,
        "researchAndDevelopmentExpenses": 0,
        "generalAndAdministrativeExpenses": 486000000,
        "sellingAndMarketingExpenses": 0,
        "sellingGeneralAndAdministrativeExpenses": 486000000,
        "otherExpenses": 383000000,
        "operatingExpenses": 869000000,
        "costAndExpenses": 2153000000,
        "interestIncome": 0,
        "interestExpense": 579000000,
        "depreciationAndAmortization": 276000000,
        "ebitda": 538000000,
        "ebitdaratio": 0.2003724395,
        "operatingIncome": 532000000,
        "operatingIncomeRatio": 0.1981378026,
        "totalOtherIncomeExpensesNet": -849000000,
        "incomeBeforeTax": -317000000,
        "incomeBeforeTaxRatio": -0.1180633147,
        "incomeTaxExpense": -90000000,
        "netIncome": -233000000,
        "netIncomeRatio": -0.0867783985,
        "eps": -1.0888,
        "epsdiluted": -1.0888,
        "weightedAverageShsOut": 214000000,
        "weightedAverageShsOutDil": 214000000,
        "link": "https://www.sec.gov/Archives/edgar/data/1590895/000159089521000135/0001590895-21-000135-index.htm",
        "finalLink": "https://www.sec.gov/Archives/edgar/data/1590895/000159089521000135/czr-20210930.htm"
    },
    {
        "date": "2021-06-30",
        "symbol": "CZR",
        "reportedCurrency": "USD",
        "cik": "0001590895",
        "fillingDate": "2021-08-04",
        "acceptedDate": "2021-08-03 20:05:51",
        "calendarYear": "2021",
        "period": "Q2",
        "revenue": 2502000000,
        "costOfRevenue": 1045000000,
        "grossProfit": 1457000000,
        "grossProfitRatio": 0.5823341327,
        "researchAndDevelopmentExpenses": 0,
        "generalAndAdministrativeExpenses": 418000000,
        "sellingAndMarketingExpenses": 0,
        "sellingGeneralAndAdministrativeExpenses": 418000000,
        "otherExpenses": 449000000,
        "operatingExpenses": 867000000,
        "costAndExpenses": 1912000000,
        "interestIncome": 0,
        "interestExpense": 576000000,
        "depreciationAndAmortization": 301000000,
        "ebitda": 978000000,
        "ebitdaratio": 0.3908872902,
        "operatingIncome": 590000000,
        "operatingIncomeRatio": 0.2358113509,
        "totalOtherIncomeExpensesNet": -489000000,
        "incomeBeforeTax": 101000000,
        "incomeBeforeTaxRatio": 0.0403677058,
        "incomeTaxExpense": -1000000,
        "netIncome": 71000000,
        "netIncomeRatio": 0.0283772982,
        "eps": 0.34,
        "epsdiluted": 0.34,
        "weightedAverageShsOut": 209000000,
        "weightedAverageShsOutDil": 211000000,
        "link": "https://www.sec.gov/Archives/edgar/data/1590895/000159089521000118/0001590895-21-000118-index.htm",
        "finalLink": "https://www.sec.gov/Archives/edgar/data/1590895/000159089521000118/czr-20210630.htm"
    },
    {
        "date": "2021-03-31",
        "symbol": "CZR",
        "reportedCurrency": "USD",
        "cik": "0001590895",
        "fillingDate": "2021-05-05",
        "acceptedDate": "2021-05-04 19:13:54",
        "calendarYear": "2021",
        "period": "Q1",
        "revenue": 1792000000,
        "costOfRevenue": 845000000,
        "grossProfit": 947000000,
        "grossProfitRatio": 0.5284598214,
        "researchAndDevelopmentExpenses": 0,
        "generalAndAdministrativeExpenses": 380000000,
        "sellingAndMarketingExpenses": 0,
        "sellingGeneralAndAdministrativeExpenses": 380000000,
        "otherExpenses": 351000000,
        "operatingExpenses": 731000000,
        "costAndExpenses": 1576000000,
        "interestIncome": 0,
        "interestExpense": 579000000,
        "depreciationAndAmortization": 265000000,
        "ebitda": 348000000,
        "ebitdaratio": 0.1941964286,
        "operatingIncome": 216000000,
        "operatingIncomeRatio": 0.1205357143,
        "totalOtherIncomeExpensesNet": -712000000,
        "incomeBeforeTax": -496000000,
        "incomeBeforeTaxRatio": -0.2767857143,
        "incomeTaxExpense": -76000000,
        "netIncome": -423000000,
        "netIncomeRatio": -0.2360491071,
        "eps": -2.03,
        "epsdiluted": -2.03,
        "weightedAverageShsOut": 208000000,
        "weightedAverageShsOutDil": 208000000,
        "link": "https://www.sec.gov/Archives/edgar/data/1590895/000159089521000101/0001590895-21-000101-index.htm",
        "finalLink": "https://www.sec.gov/Archives/edgar/data/1590895/000159089521000101/czr-20210331.htm"
    },
    {
        "date": "2020-12-31",
        "symbol": "CZR",
        "reportedCurrency": "USD",
        "cik": "0001590895",
        "fillingDate": "2021-03-01",
        "acceptedDate": "2021-02-26 21:50:50",
        "calendarYear": "2020",
        "period": "Q4",
        "revenue": 1497000000,
        "costOfRevenue": 777000000,
        "grossProfit": 720000000,
        "grossProfitRatio": 0.4809619238,
        "researchAndDevelopmentExpenses": 0,
        "generalAndAdministrativeExpenses": 474000000,
        "sellingAndMarketingExpenses": 0,
        "sellingGeneralAndAdministrativeExpenses": 474000000,
        "otherExpenses": 329000000,
        "operatingExpenses": 803000000,
        "costAndExpenses": 1580000000,
        "interestIncome": 0,
        "interestExpense": 566000000,
        "depreciationAndAmortization": 261000000,
        "ebitda": 331000000,
        "ebitdaratio": 0.2211088844,
        "operatingIncome": -83000000,
        "operatingIncomeRatio": -0.0554442218,
        "totalOtherIncomeExpensesNet": -413000000,
        "incomeBeforeTax": -496000000,
        "incomeBeforeTaxRatio": -0.3313293253,
        "incomeTaxExpense": 62000000,
        "netIncome": -555000000,
        "netIncomeRatio": -0.370741483,
        "eps": -2.6683,
        "epsdiluted": -2.6683,
        "weightedAverageShsOut": 208000000,
        "weightedAverageShsOutDil": 208000000,
        "link": "https://www.sec.gov/Archives/edgar/data/1590895/000159089521000085/0001590895-21-000085-index.htm",
        "finalLink": "https://www.sec.gov/Archives/edgar/data/1590895/000159089521000085/czr-20201231.htm"
    },
    {
        "date": "2020-09-30",
        "symbol": "CZR",
        "reportedCurrency": "USD",
        "cik": "0001590895",
        "fillingDate": "2020-11-09",
        "acceptedDate": "2020-11-09 07:25:29",
        "calendarYear": "2020",
        "period": "Q3",
        "revenue": 1443000000,
        "costOfRevenue": 926000000,
        "grossProfit": 517000000,
        "grossProfitRatio": 0.3582813583,
        "researchAndDevelopmentExpenses": 0,
        "generalAndAdministrativeExpenses": 0,
        "sellingAndMarketingExpenses": 0,
        "sellingGeneralAndAdministrativeExpenses": 428000000,
        "otherExpenses": 0,
        "operatingExpenses": 428000000,
        "costAndExpenses": 1354000000,
        "interestIncome": 0,
        "interestExpense": 485000000,
        "depreciationAndAmortization": 225000000,
        "ebitda": -70000000,
        "ebitdaratio": -0.0485100485,
        "operatingIncome": 89000000,
        "operatingIncomeRatio": 0.0616770617,
        "totalOtherIncomeExpensesNet": -869000000,
        "incomeBeforeTax": -780000000,
        "incomeBeforeTaxRatio": -0.5405405405,
        "incomeTaxExpense": 138000000,
        "netIncome": -926000000,
        "netIncomeRatio": -0.6417186417,
        "eps": -6.09,
        "epsdiluted": -6.09,
        "weightedAverageShsOut": 152000000,
        "weightedAverageShsOutDil": 152000000,
        "link": "https://www.sec.gov/Archives/edgar/data/1590895/000159089520000039/0001590895-20-000039-index.htm",
        "finalLink": "https://www.sec.gov/Archives/edgar/data/1590895/000159089520000039/eri-20200930.htm"
    },
    {
        "date": "2020-06-30",
        "symbol": "CZR",
        "reportedCurrency": "USD",
        "cik": "0001590895",
        "fillingDate": "2020-08-06",
        "acceptedDate": "2020-08-06 17:20:01",
        "calendarYear": "2020",
        "period": "Q2",
        "revenue": 126470000,
        "costOfRevenue": 107568000,
        "grossProfit": 18902000,
        "grossProfitRatio": 0.1494583696,
        "researchAndDevelopmentExpenses": 0,
        "generalAndAdministrativeExpenses": 0,
        "sellingAndMarketingExpenses": 0,
        "sellingGeneralAndAdministrativeExpenses": 83017000,
        "otherExpenses": 0,
        "operatingExpenses": 83017000,
        "costAndExpenses": 190585000,
        "interestIncome": 0,
        "interestExpense": 68136000,
        "depreciationAndAmortization": 49783000,
        "ebitda": -15738000,
        "ebitdaratio": -0.1244405788,
        "operatingIncome": -64114999,
        "operatingIncomeRatio": -0.506958164,
        "totalOtherIncomeExpensesNet": -69542000,
        "incomeBeforeTax": -133657000,
        "incomeBeforeTaxRatio": -1.0568277062,
        "incomeTaxExpense": -33661000,
        "netIncome": -100000000,
        "netIncomeRatio": -0.7907013521,
        "eps": -1.2491,
        "epsdiluted": -1.2491,
        "weightedAverageShsOut": 80053676,
        "weightedAverageShsOutDil": 80053676,
        "link": "https://www.sec.gov/Archives/edgar/data/1590895/000159089520000007/0001590895-20-000007-index.htm",
        "finalLink": "https://www.sec.gov/Archives/edgar/data/1590895/000159089520000007/eri-20200630.htm"
    },
    {
        "date": "2020-03-31",
        "symbol": "CZR",
        "reportedCurrency": "USD",
        "cik": "0001590895",
        "fillingDate": "2020-05-11",
        "acceptedDate": "2020-05-11 17:12:12",
        "calendarYear": "2020",
        "period": "Q1",
        "revenue": 473069000,
        "costOfRevenue": 263000000,
        "grossProfit": 210000000,
        "grossProfitRatio": 0.4439098736,
        "researchAndDevelopmentExpenses": 0,
        "generalAndAdministrativeExpenses": 91675000,
        "sellingAndMarketingExpenses": 24953000,
        "sellingGeneralAndAdministrativeExpenses": 116628000,
        "otherExpenses": 216372000,
        "operatingExpenses": 333000000,
        "costAndExpenses": 596000000,
        "interestIncome": 0,
        "interestExpense": 67000000,
        "depreciationAndAmortization": 50000000,
        "ebitda": -96000000,
        "ebitdaratio": -0.2029302279,
        "operatingIncome": -123000000,
        "operatingIncomeRatio": -0.2600043545,
        "totalOtherIncomeExpensesNet": -89810000,
        "incomeBeforeTax": -212810000,
        "incomeBeforeTaxRatio": -0.4498498105,
        "incomeTaxExpense": -37172000,
        "netIncome": -176000000,
        "netIncomeRatio": -0.3720387512,
        "eps": -2.2531,
        "epsdiluted": -2.2531,
        "weightedAverageShsOut": 77954038,
        "weightedAverageShsOutDil": 77954038,
        "link": "https://www.sec.gov/Archives/edgar/data/1590895/000156459020024352/0001564590-20-024352-index.htm",
        "finalLink": "https://www.sec.gov/Archives/edgar/data/1590895/000156459020024352/eri-10q_20200331.htm"
    },
    {
        "date": "2019-12-31",
        "symbol": "CZR",
        "reportedCurrency": "USD",
        "cik": "0001590895",
        "fillingDate": "2020-02-28",
        "acceptedDate": "2020-02-27 21:03:27",
        "calendarYear": "2019",
        "period": "Q4",
        "revenue": 592124000,
        "costOfRevenue": 279596000,
        "grossProfit": 312528000,
        "grossProfitRatio": 0.5278083645,
        "researchAndDevelopmentExpenses": 0,
        "generalAndAdministrativeExpenses": 116665000,
        "sellingAndMarketingExpenses": 31700000,
        "sellingGeneralAndAdministrativeExpenses": 148365000,
        "otherExpenses": 105252000,
        "operatingExpenses": 253617000,
        "costAndExpenses": 533212000,
        "interestIncome": 0,
        "interestExpense": 69043000,
        "depreciationAndAmortization": 54643000,
        "ebitda": 115552000,
        "ebitdaratio": 0.1951483135,
        "operatingIncome": 58912000,
        "operatingIncomeRatio": 0.0994926738,
        "totalOtherIncomeExpensesNet": -67046000,
        "incomeBeforeTax": -8134000,
        "incomeBeforeTaxRatio": -0.0137369875,
        "incomeTaxExpense": 5085000,
        "netIncome": -13219000,
        "netIncomeRatio": -0.0223247158,
        "eps": -0.18,
        "epsdiluted": -0.17,
        "weightedAverageShsOut": 75247157,
        "weightedAverageShsOutDil": 77735826,
        "link": "https://www.sec.gov/Archives/edgar/data/1590895/000156459020007599/0001564590-20-007599-index.htm",
        "finalLink": "https://www.sec.gov/Archives/edgar/data/1590895/000156459020007599/eri-10k_20191231.htm"
    },
    {
        "date": "2019-09-30",
        "symbol": "CZR",
        "reportedCurrency": "USD",
        "cik": "0001590895",
        "fillingDate": "2019-11-07",
        "acceptedDate": "2019-11-06 21:57:22",
        "calendarYear": "2019",
        "period": "Q3",
        "revenue": 663181000,
        "costOfRevenue": 328000000,
        "grossProfit": 335000000,
        "grossProfitRatio": 0.5051411304,
        "researchAndDevelopmentExpenses": 0,
        "generalAndAdministrativeExpenses": 122767000,
        "sellingAndMarketingExpenses": 33292000,
        "sellingGeneralAndAdministrativeExpenses": 156059000,
        "otherExpenses": 53941000,
        "operatingExpenses": 210000000,
        "costAndExpenses": 538000000,
        "interestIncome": 0,
        "interestExpense": 71897000,
        "depreciationAndAmortization": 53000000,
        "ebitda": 180000000,
        "ebitdaratio": 0.2714191148,
        "operatingIncome": 125000000,
        "operatingIncomeRatio": 0.1884854964,
        "totalOtherIncomeExpensesNet": -69876000,
        "incomeBeforeTax": 55124000,
        "incomeBeforeTaxRatio": 0.083120596,
        "incomeTaxExpense": 18069000,
        "netIncome": 37000000,
        "netIncomeRatio": 0.0557917069,
        "eps": 0.48,
        "epsdiluted": 0.47,
        "weightedAverageShsOut": 78000000,
        "weightedAverageShsOutDil": 79000000,
        "link": "https://www.sec.gov/Archives/edgar/data/1590895/000156459019041280/0001564590-19-041280-index.htm",
        "finalLink": "https://www.sec.gov/Archives/edgar/data/1590895/000156459019041280/eri-10q_20190930.htm"
    },
    {
        "date": "2019-06-30",
        "symbol": "CZR",
        "reportedCurrency": "USD",
        "cik": "0001590895",
        "fillingDate": "2019-08-09",
        "acceptedDate": "2019-08-09 16:18:16",
        "calendarYear": "2019",
        "period": "Q2",
        "revenue": 637121000,
        "costOfRevenue": 298596000,
        "grossProfit": 338525000,
        "grossProfitRatio": 0.531335492,
        "researchAndDevelopmentExpenses": 0,
        "generalAndAdministrativeExpenses": 117431000,
        "sellingAndMarketingExpenses": 32080000,
        "sellingGeneralAndAdministrativeExpenses": 149511000,
        "otherExpenses": 86464000,
        "operatingExpenses": 235975000,
        "costAndExpenses": 534571000,
        "interestIncome": 0,
        "interestExpense": 71798000,
        "depreciationAndAmortization": 56533000,
        "ebitda": 157685000,
        "ebitdaratio": 0.2474961585,
        "operatingIncome": 102550000,
        "operatingIncomeRatio": 0.1609584365,
        "totalOtherIncomeExpensesNet": -73196000,
        "incomeBeforeTax": 29354000,
        "incomeBeforeTaxRatio": 0.046072881,
        "incomeTaxExpense": 10418000,
        "netIncome": 18936000,
        "netIncomeRatio": 0.029721199,
        "eps": 0.24,
        "epsdiluted": 0.24,
        "weightedAverageShsOut": 77682759,
        "weightedAverageShsOutDil": 78725289,
        "link": "https://www.sec.gov/Archives/edgar/data/1590895/000156459019031266/0001564590-19-031266-index.htm",
        "finalLink": "https://www.sec.gov/Archives/edgar/data/1590895/000156459019031266/eri-10q_20190630.htm"
    },
    {
        "date": "2019-03-31",
        "symbol": "CZR",
        "reportedCurrency": "USD",
        "cik": "0001590895",
        "fillingDate": "2019-05-07",
        "acceptedDate": "2019-05-07 17:04:14",
        "calendarYear": "2019",
        "period": "Q1",
        "revenue": 635823000,
        "costOfRevenue": 305590000,
        "grossProfit": 330233000,
        "grossProfitRatio": 0.5193788208,
        "researchAndDevelopmentExpenses": 0,
        "generalAndAdministrativeExpenses": 119888000,
        "sellingAndMarketingExpenses": 32301000,
        "sellingGeneralAndAdministrativeExpenses": 152189000,
        "otherExpenses": 54440000,
        "operatingExpenses": 206629000,
        "costAndExpenses": 512219000,
        "interestIncome": 0,
        "interestExpense": 73510000,
        "depreciationAndAmortization": 57757000,
        "ebitda": 179901000,
        "ebitdaratio": 0.2829419508,
        "operatingIncome": 123604000,
        "operatingIncomeRatio": 0.1944000138,
        "totalOtherIncomeExpensesNet": -74970000,
        "incomeBeforeTax": 48634000,
        "incomeBeforeTaxRatio": 0.0764898407,
        "incomeTaxExpense": 10405000,
        "netIncome": 38229000,
        "netIncomeRatio": 0.0601252235,
        "eps": 0.49,
        "epsdiluted": 0.49,
        "weightedAverageShsOut": 77567147,
        "weightedAverageShsOutDil": 78589110,
        "link": "https://www.sec.gov/Archives/edgar/data/1590895/000156459019016607/0001564590-19-016607-index.htm",
        "finalLink": "https://www.sec.gov/Archives/edgar/data/1590895/000156459019016607/eri-10q_20190331.htm"
    },
    {
        "date": "2018-12-31",
        "symbol": "CZR",
        "reportedCurrency": "USD",
        "cik": "0001590895",
        "fillingDate": "2019-03-01",
        "acceptedDate": "2019-03-01 06:08:38",
        "calendarYear": "2018",
        "period": "Q4",
        "revenue": 671760000,
        "costOfRevenue": 335898000,
        "grossProfit": 335862000,
        "grossProfitRatio": 0.4999732047,
        "researchAndDevelopmentExpenses": 0,
        "generalAndAdministrativeExpenses": 126052000,
        "sellingAndMarketingExpenses": 39906000,
        "sellingGeneralAndAdministrativeExpenses": 165958000,
        "otherExpenses": 83177000,
        "operatingExpenses": 249135000,
        "costAndExpenses": 585034000,
        "interestIncome": 0,
        "interestExpense": 75154000,
        "depreciationAndAmortization": 58224000,
        "ebitda": 142364000,
        "ebitdaratio": 0.2119268786,
        "operatingIncome": 86726000,
        "operatingIncomeRatio": 0.1291026557,
        "totalOtherIncomeExpensesNet": -77740000,
        "incomeBeforeTax": 8985000,
        "incomeBeforeTaxRatio": 0.0133753126,
        "incomeTaxExpense": 9105000,
        "netIncome": -120000,
        "netIncomeRatio": -0.0001786352,
        "eps": -0.0015,
        "epsdiluted": -0.0015,
        "weightedAverageShsOut": 77503732,
        "weightedAverageShsOutDil": 77503732,
        "link": "https://www.sec.gov/Archives/edgar/data/1590895/000156459019005640/0001564590-19-005640-index.htm",
        "finalLink": "https://www.sec.gov/Archives/edgar/data/1590895/000156459019005640/eri-10k_20181231.htm"
    },
    {
        "date": "2018-09-30",
        "symbol": "CZR",
        "reportedCurrency": "USD",
        "cik": "0001590895",
        "fillingDate": "2018-11-09",
        "acceptedDate": "2018-11-08 19:37:30",
        "calendarYear": "2018",
        "period": "Q3",
        "revenue": 487253000,
        "costOfRevenue": 248735000,
        "grossProfit": 238518000,
        "grossProfitRatio": 0.4895157136,
        "researchAndDevelopmentExpenses": 0,
        "generalAndAdministrativeExpenses": 75599000,
        "sellingAndMarketingExpenses": 23122000,
        "sellingGeneralAndAdministrativeExpenses": 98721000,
        "otherExpenses": 48028000,
        "operatingExpenses": 146749000,
        "costAndExpenses": 395484000,
        "interestIncome": 0,
        "interestExpense": 34085000,
        "depreciationAndAmortization": 35760000,
        "ebitda": 127529000,
        "ebitdaratio": 0.2617305589,
        "operatingIncome": 91769000,
        "operatingIncomeRatio": 0.1883395279,
        "totalOtherIncomeExpensesNet": -34085000,
        "incomeBeforeTax": 57684000,
        "incomeBeforeTaxRatio": 0.1183861362,
        "incomeTaxExpense": 19980000,
        "netIncome": 37704000,
        "netIncomeRatio": 0.0773807447,
        "eps": 0.49,
        "epsdiluted": 0.48,
        "weightedAverageShsOut": 77522664,
        "weightedAverageShsOutDil": 78283588,
        "link": "https://www.sec.gov/Archives/edgar/data/1590895/000156459018028699/0001564590-18-028699-index.htm",
        "finalLink": "https://www.sec.gov/Archives/edgar/data/1590895/000156459018028699/eri-10q_20180930.htm"
    },
    {
        "date": "2018-06-30",
        "symbol": "CZR",
        "reportedCurrency": "USD",
        "cik": "0001590895",
        "fillingDate": "2018-08-07",
        "acceptedDate": "2018-08-07 14:13:28",
        "calendarYear": "2018",
        "period": "Q2",
        "revenue": 456802000,
        "costOfRevenue": 236720000,
        "grossProfit": 220082000,
        "grossProfitRatio": 0.4817886086,
        "researchAndDevelopmentExpenses": 0,
        "generalAndAdministrativeExpenses": 73745000,
        "sellingAndMarketingExpenses": 21832000,
        "sellingGeneralAndAdministrativeExpenses": 95577000,
        "otherExpenses": 47091000,
        "operatingExpenses": 142668000,
        "costAndExpenses": 379388000,
        "interestIncome": 0,
        "interestExpense": 31405000,
        "depreciationAndAmortization": 31910000,
        "ebitda": 109324000,
        "ebitdaratio": 0.2393246965,
        "operatingIncome": 77414000,
        "operatingIncomeRatio": 0.1694694857,
        "totalOtherIncomeExpensesNet": -31405000,
        "incomeBeforeTax": 46009000,
        "incomeBeforeTaxRatio": 0.1007197867,
        "incomeTaxExpense": 9213000,
        "netIncome": 36796000,
        "netIncomeRatio": 0.0805513111,
        "eps": 0.47,
        "epsdiluted": 0.47,
        "weightedAverageShsOut": 77458584,
        "weightedAverageShsOutDil": 78258629,
        "link": "https://www.sec.gov/Archives/edgar/data/1590895/000156459018019805/0001564590-18-019805-index.htm",
        "finalLink": "https://www.sec.gov/Archives/edgar/data/1590895/000156459018019805/eri-10q_20180630.htm"
    },
    {
        "date": "2018-03-31",
        "symbol": "CZR",
        "reportedCurrency": "USD",
        "cik": "0001590895",
        "fillingDate": "2018-05-08",
        "acceptedDate": "2018-05-08 14:39:45",
        "calendarYear": "2018",
        "period": "Q1",
        "revenue": 440192000,
        "costOfRevenue": 234238000,
        "grossProfit": 205954000,
        "grossProfitRatio": 0.4678731099,
        "researchAndDevelopmentExpenses": 0,
        "generalAndAdministrativeExpenses": 74202000,
        "sellingAndMarketingExpenses": 21301000,
        "sellingGeneralAndAdministrativeExpenses": 95503000,
        "otherExpenses": 56257000,
        "operatingExpenses": 151760000,
        "costAndExpenses": 385998000,
        "interestIncome": 0,
        "interestExpense": 31251000,
        "depreciationAndAmortization": 31534000,
        "ebitda": 85728000,
        "ebitdaratio": 0.1947513812,
        "operatingIncome": 54194000,
        "operatingIncomeRatio": 0.1231144591,
        "totalOtherIncomeExpensesNet": -31251000,
        "incomeBeforeTax": 22943000,
        "incomeBeforeTaxRatio": 0.0521204384,
        "incomeTaxExpense": 2088000,
        "netIncome": 20855000,
        "netIncomeRatio": 0.0473770536,
        "eps": 0.27,
        "epsdiluted": 0.27,
        "weightedAverageShsOut": 77353730,
        "weightedAverageShsOutDil": 78080049,
        "link": "https://www.sec.gov/Archives/edgar/data/1590895/000156459018011700/0001564590-18-011700-index.htm",
        "finalLink": "https://www.sec.gov/Archives/edgar/data/1590895/000156459018011700/eri-10q_20180331.htm"
    },
    {
        "date": "2017-12-31",
        "symbol": "CZR",
        "reportedCurrency": "USD",
        "cik": "0001590895",
        "fillingDate": "2018-02-27",
        "acceptedDate": "2018-02-27 17:25:59",
        "calendarYear": "2017",
        "period": "Q4",
        "revenue": 428220000,
        "costOfRevenue": 258403000,
        "grossProfit": 158486000,
        "grossProfitRatio": 0.3701041521,
        "researchAndDevelopmentExpenses": 0,
        "generalAndAdministrativeExpenses": 85317000,
        "sellingAndMarketingExpenses": 25075000,
        "sellingGeneralAndAdministrativeExpenses": 106778000,
        "otherExpenses": 58207000,
        "operatingExpenses": 164985000,
        "costAndExpenses": 400144000,
        "interestIncome": 0,
        "interestExpense": 30390000,
        "depreciationAndAmortization": 36255000,
        "ebitda": 69087000,
        "ebitdaratio": 0.1613352949,
        "operatingIncome": 29757000,
        "operatingIncomeRatio": 0.0694899818,
        "totalOtherIncomeExpensesNet": 0,
        "incomeBeforeTax": 2442000,
        "incomeBeforeTaxRatio": 0.0057026762,
        "incomeTaxExpense": -89645000,
        "netIncome": 88938000,
        "netIncomeRatio": 0.2076923077,
        "eps": 1.16,
        "epsdiluted": 1.14,
        "weightedAverageShsOut": 76961015,
        "weightedAverageShsOutDil": 77998742,
        "link": "https://www.sec.gov/Archives/edgar/data/1590895/000156459018003554/0001564590-18-003554-index.htm",
        "finalLink": "https://www.sec.gov/Archives/edgar/data/1590895/000156459018003554/eri-10k_20171231.htm"
    },
    {
        "date": "2017-09-30",
        "symbol": "CZR",
        "reportedCurrency": "USD",
        "cik": "0001590895",
        "fillingDate": "2017-11-02",
        "acceptedDate": "2017-11-01 21:44:30",
        "calendarYear": "2017",
        "period": "Q3",
        "revenue": 472878000,
        "costOfRevenue": 250344000,
        "grossProfit": 222534000,
        "grossProfitRatio": 0.4705949526,
        "researchAndDevelopmentExpenses": 0,
        "generalAndAdministrativeExpenses": 83368000,
        "sellingAndMarketingExpenses": 26439000,
        "sellingGeneralAndAdministrativeExpenses": 109807000,
        "otherExpenses": 31235000,
        "operatingExpenses": 141042000,
        "costAndExpenses": 391386000,
        "interestIncome": 0,
        "interestExpense": 29183000,
        "depreciationAndAmortization": 29122000,
        "ebitda": 100584000,
        "ebitdaratio": 0.2127060257,
        "operatingIncome": 81492000,
        "operatingIncomeRatio": 0.1723319757,
        "totalOtherIncomeExpensesNet": -39213000,
        "incomeBeforeTax": 42279000,
        "incomeBeforeTaxRatio": 0.0894078388,
        "incomeTaxExpense": 12592000,
        "netIncome": 29687000,
        "netIncomeRatio": 0.0627794061,
        "eps": 0.39,
        "epsdiluted": 0.38,
        "weightedAverageShsOut": 76902070,
        "weightedAverageShsOutDil": 77959689,
        "link": "https://www.sec.gov/Archives/edgar/data/1610979/000161097917000027/0001610979-17-000027-index.html",
        "finalLink": "https://www.sec.gov/Archives/edgar/data/1610979/000161097917000027/a2017q3cerpform10-q.htm"
    },
    {
        "date": "2017-06-30",
        "symbol": "CZR",
        "reportedCurrency": "USD",
        "cik": "0001590895",
        "fillingDate": "2017-08-03",
        "acceptedDate": "2017-08-03 17:25:21",
        "calendarYear": "2017",
        "period": "Q2",
        "revenue": 375626000,
        "costOfRevenue": 205711000,
        "grossProfit": 169915000,
        "grossProfitRatio": 0.4523515412,
        "researchAndDevelopmentExpenses": 0,
        "generalAndAdministrativeExpenses": 68329000,
        "sellingAndMarketingExpenses": 21531000,
        "sellingGeneralAndAdministrativeExpenses": 89860000,
        "otherExpenses": 110522000,
        "operatingExpenses": 200382000,
        "costAndExpenses": 406093000,
        "interestIncome": 0,
        "interestExpense": 27527000,
        "depreciationAndAmortization": 24909000,
        "ebitda": -32875000,
        "ebitdaratio": -0.0875205657,
        "operatingIncome": -30467000,
        "operatingIncomeRatio": -0.0811099338,
        "totalOtherIncomeExpensesNet": -56493000,
        "incomeBeforeTax": -86960000,
        "incomeBeforeTaxRatio": -0.2315068712,
        "incomeTaxExpense": -39677000,
        "netIncome": -46190000,
        "netIncomeRatio": -0.1229680587,
        "eps": -0.68,
        "epsdiluted": -0.68,
        "weightedAverageShsOut": 67453095,
        "weightedAverageShsOutDil": 67453095,
        "link": "https://www.sec.gov/Archives/edgar/data/1610979/000161097917000022/0001610979-17-000022-index.html",
        "finalLink": "https://www.sec.gov/Archives/edgar/data/1610979/000161097917000022/a2017q2cerpform10-q.htm"
    },
    {
        "date": "2017-03-31",
        "symbol": "CZR",
        "reportedCurrency": "USD",
        "cik": "0001590895",
        "fillingDate": "2017-05-02",
        "acceptedDate": "2017-05-02 17:08:32",
        "calendarYear": "2017",
        "period": "Q1",
        "revenue": 202393000,
        "costOfRevenue": 122454000,
        "grossProfit": 79962000,
        "grossProfitRatio": 0.3950828339,
        "researchAndDevelopmentExpenses": 0,
        "generalAndAdministrativeExpenses": 31800000,
        "sellingAndMarketingExpenses": 10129000,
        "sellingGeneralAndAdministrativeExpenses": 41929000,
        "otherExpenses": 23982000,
        "operatingExpenses": 65911000,
        "costAndExpenses": 188365000,
        "interestIncome": 0,
        "interestExpense": 12670000,
        "depreciationAndAmortization": 15604000,
        "ebitda": 29632000,
        "ebitdaratio": 0.1464082256,
        "operatingIncome": 14028000,
        "operatingIncomeRatio": 0.0693106975,
        "totalOtherIncomeExpensesNet": -12670000,
        "incomeBeforeTax": 1358000,
        "incomeBeforeTaxRatio": 0.0067097182,
        "incomeTaxExpense": 458000,
        "netIncome": 945000,
        "netIncomeRatio": 0.0046691338,
        "eps": 0.0097,
        "epsdiluted": 0.0097,
        "weightedAverageShsOut": 97776548,
        "weightedAverageShsOutDil": 97776548,
        "link": "https://www.sec.gov/Archives/edgar/data/1610979/000161097917000015/0001610979-17-000015-index.html",
        "finalLink": "https://www.sec.gov/Archives/edgar/data/1610979/000161097917000015/a2017q1cerpform10-q.htm"
    },
    {
        "date": "2016-12-31",
        "symbol": "CZR",
        "reportedCurrency": "USD",
        "cik": "0001590895",
        "fillingDate": "2017-02-15",
        "acceptedDate": "2017-02-14 18:24:57",
        "calendarYear": "2016",
        "period": "Q4",
        "revenue": 206450000,
        "costOfRevenue": 127377000,
        "grossProfit": 79073000,
        "grossProfitRatio": 0.383012836,
        "researchAndDevelopmentExpenses": 0,
        "generalAndAdministrativeExpenses": 32043000,
        "sellingAndMarketingExpenses": 9937000,
        "sellingGeneralAndAdministrativeExpenses": 41979000,
        "otherExpenses": 24002000,
        "operatingExpenses": 65981000,
        "costAndExpenses": 193358000,
        "interestIncome": 0,
        "interestExpense": 12542000,
        "depreciationAndAmortization": 15852000,
        "ebitda": 28944000,
        "ebitdaratio": 0.1401985953,
        "operatingIncome": 13092000,
        "operatingIncomeRatio": 0.0634148704,
        "totalOtherIncomeExpensesNet": -12542000,
        "incomeBeforeTax": 549000,
        "incomeBeforeTaxRatio": 0.0026592395,
        "incomeTaxExpense": -410000,
        "netIncome": 960000,
        "netIncomeRatio": 0.0046500363,
        "eps": 0.0098,
        "epsdiluted": 0.0098,
        "weightedAverageShsOut": 97776548,
        "weightedAverageShsOutDil": 97776548,
        "link": "https://www.sec.gov/Archives/edgar/data/1610979/000161097917000007/0001610979-17-000007-index.html",
        "finalLink": "https://www.sec.gov/Archives/edgar/data/1610979/000161097917000007/a2016q4cerpform10-k.htm"
    },
    {
        "date": "2016-09-30",
        "symbol": "CZR",
        "reportedCurrency": "USD",
        "cik": "0001590895",
        "fillingDate": "2016-11-07",
        "acceptedDate": "2016-11-07 17:08:42",
        "calendarYear": "2016",
        "period": "Q3",
        "revenue": 241565000,
        "costOfRevenue": 143078000,
        "grossProfit": 98487000,
        "grossProfitRatio": 0.4077039306,
        "researchAndDevelopmentExpenses": 0,
        "generalAndAdministrativeExpenses": 34094000,
        "sellingAndMarketingExpenses": 11323000,
        "sellingGeneralAndAdministrativeExpenses": 45417000,
        "otherExpenses": 24961000,
        "operatingExpenses": 70378000,
        "costAndExpenses": 213456000,
        "interestIncome": 0,
        "interestExpense": 12589000,
        "depreciationAndAmortization": 15810000,
        "ebitda": 43919000,
        "ebitdaratio": 0.1818102788,
        "operatingIncome": 28109000,
        "operatingIncomeRatio": 0.1163620558,
        "totalOtherIncomeExpensesNet": -12589000,
        "incomeBeforeTax": 15520000,
        "incomeBeforeTaxRatio": 0.064247718,
        "incomeTaxExpense": 5838000,
        "netIncome": 9682000,
        "netIncomeRatio": 0.0400803096,
        "eps": 0.099,
        "epsdiluted": 0.099,
        "weightedAverageShsOut": 97776548,
        "weightedAverageShsOutDil": 97776548,
        "link": "https://www.sec.gov/Archives/edgar/data/1610979/000161097916000056/0001610979-16-000056-index.html",
        "finalLink": "https://www.sec.gov/Archives/edgar/data/1610979/000161097916000056/a2016q3cerpform10-q.htm"
    },
    {
        "date": "2016-06-30",
        "symbol": "CZR",
        "reportedCurrency": "USD",
        "cik": "0001590895",
        "fillingDate": "2016-08-02",
        "acceptedDate": "2016-08-02 17:17:58",
        "calendarYear": "2016",
        "period": "Q2",
        "revenue": 231315000,
        "costOfRevenue": 138685000,
        "grossProfit": 92630000,
        "grossProfitRatio": 0.4004496034,
        "researchAndDevelopmentExpenses": 0,
        "generalAndAdministrativeExpenses": 32380000,
        "sellingAndMarketingExpenses": 9766000,
        "sellingGeneralAndAdministrativeExpenses": 42146000,
        "otherExpenses": 20829000,
        "operatingExpenses": 62975000,
        "costAndExpenses": 201660000,
        "interestIncome": 0,
        "interestExpense": 12795000,
        "depreciationAndAmortization": 15583000,
        "ebitda": 45149000,
        "ebitdaratio": 0.1951840564,
        "operatingIncome": 29655000,
        "operatingIncomeRatio": 0.1282018027,
        "totalOtherIncomeExpensesNet": -12884000,
        "incomeBeforeTax": 16771000,
        "incomeBeforeTaxRatio": 0.0725028641,
        "incomeTaxExpense": 5980000,
        "netIncome": 10791000,
        "netIncomeRatio": 0.0466506712,
        "eps": 0.11,
        "epsdiluted": 0.11,
        "weightedAverageShsOut": 97776548,
        "weightedAverageShsOutDil": 97776548,
        "link": "https://www.sec.gov/Archives/edgar/data/1610979/000161097916000048/0001610979-16-000048-index.html",
        "finalLink": "https://www.sec.gov/Archives/edgar/data/1610979/000161097916000048/a2016q2cerpform10-q.htm"
    },
    {
        "date": "2016-03-31",
        "symbol": "CZR",
        "reportedCurrency": "USD",
        "cik": "0001590895",
        "fillingDate": "2016-05-05",
        "acceptedDate": "2016-05-05 17:05:54",
        "calendarYear": "2016",
        "period": "Q1",
        "revenue": 213566000,
        "costOfRevenue": 130517000,
        "grossProfit": 83049000,
        "grossProfitRatio": 0.3888680783,
        "researchAndDevelopmentExpenses": 0,
        "generalAndAdministrativeExpenses": 31655000,
        "sellingAndMarketingExpenses": 9574000,
        "sellingGeneralAndAdministrativeExpenses": 41229000,
        "otherExpenses": 23557000,
        "operatingExpenses": 64786000,
        "costAndExpenses": 195303000,
        "interestIncome": 0,
        "interestExpense": 12991000,
        "depreciationAndAmortization": 16204000,
        "ebitda": 34401000,
        "ebitdaratio": 0.1610790107,
        "operatingIncome": 18263000,
        "operatingIncomeRatio": 0.0855145482,
        "totalOtherIncomeExpensesNet": -13057000,
        "incomeBeforeTax": 5206000,
        "incomeBeforeTaxRatio": 0.0243765393,
        "incomeTaxExpense": 1836000,
        "netIncome": 3370000,
        "netIncomeRatio": 0.0157796653,
        "eps": 0.0345,
        "epsdiluted": 0.0345,
        "weightedAverageShsOut": 97776548,
        "weightedAverageShsOutDil": 97776548,
        "link": "https://www.sec.gov/Archives/edgar/data/1610979/000161097916000041/0001610979-16-000041-index.html",
        "finalLink": "https://www.sec.gov/Archives/edgar/data/1610979/000161097916000041/a2016q1cerpform10-q.htm"
    },
    {
        "date": "2015-12-31",
        "symbol": "CZR",
        "reportedCurrency": "USD",
        "cik": "0001590895",
        "fillingDate": "2016-02-29",
        "acceptedDate": "2016-02-26 18:25:21",
        "calendarYear": "2015",
        "period": "Q4",
        "revenue": 186160000,
        "costOfRevenue": 116347000,
        "grossProfit": 69813000,
        "grossProfitRatio": 0.3750161152,
        "researchAndDevelopmentExpenses": 0,
        "generalAndAdministrativeExpenses": 15275000,
        "sellingAndMarketingExpenses": 8906000,
        "sellingGeneralAndAdministrativeExpenses": 24181000,
        "otherExpenses": 32351000,
        "operatingExpenses": 56532000,
        "costAndExpenses": 172879000,
        "interestIncome": 0,
        "interestExpense": 12612000,
        "depreciationAndAmortization": 14467000,
        "ebitda": 63183000,
        "ebitdaratio": 0.33940159,
        "operatingIncome": 13281000,
        "operatingIncomeRatio": 0.0713418565,
        "totalOtherIncomeExpensesNet": 22823000,
        "incomeBeforeTax": 36104000,
        "incomeBeforeTaxRatio": 0.1939406962,
        "incomeTaxExpense": -74049000,
        "netIncome": 110153000,
        "netIncomeRatio": 0.591711431,
        "eps": 1.13,
        "epsdiluted": 1.13,
        "weightedAverageShsOut": 97776548,
        "weightedAverageShsOutDil": 97776548,
        "link": "https://www.sec.gov/Archives/edgar/data/1610979/000161097916000033/0001610979-16-000033-index.html",
        "finalLink": "https://www.sec.gov/Archives/edgar/data/1610979/000161097916000033/a2015q4cerpform10-k.htm"
    },
    {
        "date": "2015-09-30",
        "symbol": "CZR",
        "reportedCurrency": "USD",
        "cik": "0001590895",
        "fillingDate": "2015-11-09",
        "acceptedDate": "2015-11-09 16:51:10",
        "calendarYear": "2015",
        "period": "Q3",
        "revenue": 183540000,
        "costOfRevenue": 112903000,
        "grossProfit": 70637000,
        "grossProfitRatio": 0.3848588863,
        "researchAndDevelopmentExpenses": 0,
        "generalAndAdministrativeExpenses": 23285000,
        "sellingAndMarketingExpenses": 7816000,
        "sellingGeneralAndAdministrativeExpenses": 31101000,
        "otherExpenses": 15444000,
        "operatingExpenses": 46545000,
        "costAndExpenses": 159448000,
        "interestIncome": 0,
        "interestExpense": 14490000,
        "depreciationAndAmortization": 13954000,
        "ebitda": 36256000,
        "ebitdaratio": 0.1975373216,
        "operatingIncome": 24092000,
        "operatingIncomeRatio": 0.13126294,
        "totalOtherIncomeExpensesNet": -16272000,
        "incomeBeforeTax": 7820000,
        "incomeBeforeTaxRatio": 0.0426065163,
        "incomeTaxExpense": 2421000,
        "netIncome": 5399000,
        "netIncomeRatio": 0.0294159311,
        "eps": 0.0552,
        "epsdiluted": 0.0552,
        "weightedAverageShsOut": 97776548,
        "weightedAverageShsOutDil": 97776548,
        "link": "https://www.sec.gov/Archives/edgar/data/1610979/000161097915000026/0001610979-15-000026-index.html",
        "finalLink": "https://www.sec.gov/Archives/edgar/data/1610979/000161097915000026/a2015q3cerpform10-q.htm"
    },
    {
        "date": "2015-06-30",
        "symbol": "CZR",
        "reportedCurrency": "USD",
        "cik": "0001590895",
        "fillingDate": "2015-08-06",
        "acceptedDate": "2015-08-06 06:11:34",
        "calendarYear": "2015",
        "period": "Q2",
        "revenue": 182633000,
        "costOfRevenue": 112041000,
        "grossProfit": 70592000,
        "grossProfitRatio": 0.3865237936,
        "researchAndDevelopmentExpenses": 0,
        "generalAndAdministrativeExpenses": 23053000,
        "sellingAndMarketingExpenses": 7404000,
        "sellingGeneralAndAdministrativeExpenses": 30457000,
        "otherExpenses": 17076000,
        "operatingExpenses": 47533000,
        "costAndExpenses": 159574000,
        "interestIncome": 6000,
        "interestExpense": 17238000,
        "depreciationAndAmortization": 14031000,
        "ebitda": 37090000,
        "ebitdaratio": 0.2030848751,
        "operatingIncome": 23059000,
        "operatingIncomeRatio": 0.1262586718,
        "totalOtherIncomeExpensesNet": -17232000,
        "incomeBeforeTax": 5827000,
        "incomeBeforeTaxRatio": 0.0319055154,
        "incomeTaxExpense": 1032000,
        "netIncome": 4795000,
        "netIncomeRatio": 0.0262548389,
        "eps": 0.049,
        "epsdiluted": 0.049,
        "weightedAverageShsOut": 97776548,
        "weightedAverageShsOutDil": 97776548,
        "link": "https://www.sec.gov/Archives/edgar/data/1610979/000161097915000018/0001610979-15-000018-index.html",
        "finalLink": "https://www.sec.gov/Archives/edgar/data/1610979/000161097915000018/a2015q2cerp10q.htm"
    },
    {
        "date": "2015-03-31",
        "symbol": "CZR",
        "reportedCurrency": "USD",
        "cik": "0001590895",
        "fillingDate": "2015-05-11",
        "acceptedDate": "2015-05-11 16:31:15",
        "calendarYear": "2015",
        "period": "Q1",
        "revenue": 167451000,
        "costOfRevenue": 105492000,
        "grossProfit": 61959000,
        "grossProfitRatio": 0.3700127201,
        "researchAndDevelopmentExpenses": 0,
        "generalAndAdministrativeExpenses": 23544000,
        "sellingAndMarketingExpenses": 7101000,
        "sellingGeneralAndAdministrativeExpenses": 30645000,
        "otherExpenses": 19230000,
        "operatingExpenses": 49875000,
        "costAndExpenses": 155367000,
        "interestIncome": 5000,
        "interestExpense": 17237000,
        "depreciationAndAmortization": 14469000,
        "ebitda": 26553000,
        "ebitdaratio": 0.1585717613,
        "operatingIncome": 12084000,
        "operatingIncomeRatio": 0.0721643944,
        "totalOtherIncomeExpensesNet": -17232000,
        "incomeBeforeTax": -5148000,
        "incomeBeforeTaxRatio": -0.0307433219,
        "incomeTaxExpense": 1016000,
        "netIncome": -6164000,
        "netIncomeRatio": -0.0368107685,
        "eps": -0.063,
        "epsdiluted": -0.063,
        "weightedAverageShsOut": 97776548,
        "weightedAverageShsOutDil": 97776548,
        "link": "https://www.sec.gov/Archives/edgar/data/1590895/000104746915004635/0001047469-15-004635-index.htm",
        "finalLink": "https://www.sec.gov/Archives/edgar/data/1590895/000104746915004635/a2224673z10-q.htm"
    },
    {
        "date": "2014-12-31",
        "symbol": "CZR",
        "reportedCurrency": "USD",
        "cik": "0001590895",
        "fillingDate": "2015-04-16",
        "acceptedDate": "2015-04-15 19:36:35",
        "calendarYear": "2014",
        "period": "Q4",
        "revenue": 164095000,
        "costOfRevenue": 106496000,
        "grossProfit": 57599000,
        "grossProfitRatio": 0.3510100856,
        "researchAndDevelopmentExpenses": 0,
        "generalAndAdministrativeExpenses": 27339000,
        "sellingAndMarketingExpenses": 7834000,
        "sellingGeneralAndAdministrativeExpenses": 35173000,
        "otherExpenses": 15976000,
        "operatingExpenses": 51149000,
        "costAndExpenses": 157645000,
        "interestIncome": 5000,
        "interestExpense": 17341000,
        "depreciationAndAmortization": 14857000,
        "ebitda": 22166000,
        "ebitdaratio": 0.1350802889,
        "operatingIncome": 6450000,
        "operatingIncomeRatio": 0.0393064993,
        "totalOtherIncomeExpensesNet": -16711000,
        "incomeBeforeTax": -10261000,
        "incomeBeforeTaxRatio": -0.062530851,
        "incomeTaxExpense": 573000,
        "netIncome": -10937000,
        "netIncomeRatio": -0.0666504159,
        "eps": -0.11,
        "epsdiluted": -0.11,
        "weightedAverageShsOut": 97776548,
        "weightedAverageShsOutDil": 97776548,
        "link": "https://www.sec.gov/Archives/edgar/data/1610979/000161097915000006/0001610979-15-000006-index.html",
        "finalLink": "https://www.sec.gov/Archives/edgar/data/1610979/000161097915000006/a2014q4cerpform10-k.htm"
    },
    {
        "date": "2014-09-30",
        "symbol": "CZR",
        "reportedCurrency": "USD",
        "cik": "0001590895",
        "fillingDate": "2014-11-14",
        "acceptedDate": "2014-11-14 15:36:29",
        "calendarYear": "2014",
        "period": "Q3",
        "revenue": 78949000,
        "costOfRevenue": 48011000,
        "grossProfit": 30938000,
        "grossProfitRatio": 0.3918732346,
        "researchAndDevelopmentExpenses": 0,
        "generalAndAdministrativeExpenses": 14387000,
        "sellingAndMarketingExpenses": 5262000,
        "sellingGeneralAndAdministrativeExpenses": 19649000,
        "otherExpenses": 8511000,
        "operatingExpenses": 28160000,
        "costAndExpenses": 76171000,
        "interestIncome": 5000,
        "interestExpense": 5652000,
        "depreciationAndAmortization": 5512000,
        "ebitda": 8290000,
        "ebitdaratio": 0.1050044966,
        "operatingIncome": 2778000,
        "operatingIncomeRatio": 0.0351872728,
        "totalOtherIncomeExpensesNet": -5647000,
        "incomeBeforeTax": -2869000,
        "incomeBeforeTaxRatio": -0.0363399156,
        "incomeTaxExpense": 1195000,
        "netIncome": -4064000,
        "netIncomeRatio": -0.0514762695,
        "eps": -0.0416,
        "epsdiluted": -0.0416,
        "weightedAverageShsOut": 97776548,
        "weightedAverageShsOutDil": 97776548,
        "link": "https://www.sec.gov/Archives/edgar/data/858395/000085839514000024/0000858395-14-000024-index.html",
        "finalLink": "https://www.sec.gov/Archives/edgar/data/858395/000085839514000024/a2014q3ceocform10-q.htm"
    },
    {
        "date": "2014-06-30",
        "symbol": "CZR",
        "reportedCurrency": "USD",
        "cik": "0001590895",
        "fillingDate": "2014-08-14",
        "acceptedDate": "2014-08-14 16:36:35",
        "calendarYear": "2014",
        "period": "Q2",
        "revenue": 61749000,
        "costOfRevenue": 36403000,
        "grossProfit": 21445000,
        "grossProfitRatio": 0.3472930736,
        "researchAndDevelopmentExpenses": 0,
        "generalAndAdministrativeExpenses": 10818000,
        "sellingAndMarketingExpenses": 4747000,
        "sellingGeneralAndAdministrativeExpenses": 15565000,
        "otherExpenses": 3006000,
        "operatingExpenses": 18571000,
        "costAndExpenses": 54974000,
        "interestIncome": 4000,
        "interestExpense": 3870000,
        "depreciationAndAmortization": 4086000,
        "ebitda": 10865000,
        "ebitdaratio": 0.1759542665,
        "operatingIncome": 6775000,
        "operatingIncomeRatio": 0.109718376,
        "totalOtherIncomeExpensesNet": -3866000,
        "incomeBeforeTax": 2909000,
        "incomeBeforeTaxRatio": 0.0471100747,
        "incomeTaxExpense": 0,
        "netIncome": 2909000,
        "netIncomeRatio": 0.0471100747,
        "eps": 0.0298,
        "epsdiluted": 0.0298,
        "weightedAverageShsOut": 97776548,
        "weightedAverageShsOutDil": 97776548,
        "link": "https://www.sec.gov/Archives/edgar/data/858395/000085839514000019/0000858395-14-000019-index.html",
        "finalLink": "https://www.sec.gov/Archives/edgar/data/858395/000085839514000019/a2014q2ceocform10-q.htm"
    },
    {
        "date": "2014-03-31",
        "symbol": "CZR",
        "reportedCurrency": "USD",
        "cik": "0001590895",
        "fillingDate": "2014-05-09",
        "acceptedDate": "2014-05-09 17:10:56",
        "calendarYear": "2014",
        "period": "Q1",
        "revenue": 57030000,
        "costOfRevenue": 34589000,
        "grossProfit": 22441000,
        "grossProfitRatio": 0.3934946519,
        "researchAndDevelopmentExpenses": 0,
        "generalAndAdministrativeExpenses": 10812000,
        "sellingAndMarketingExpenses": 4137000,
        "sellingGeneralAndAdministrativeExpenses": 14949000,
        "otherExpenses": 5940000,
        "operatingExpenses": 20889000,
        "costAndExpenses": 55478000,
        "interestIncome": 4000,
        "interestExpense": 3889000,
        "depreciationAndAmortization": 4188000,
        "ebitda": 5744000,
        "ebitdaratio": 0.1007189199,
        "operatingIncome": 1552000,
        "operatingIncomeRatio": 0.0272137472,
        "totalOtherIncomeExpensesNet": -3885000,
        "incomeBeforeTax": -2333000,
        "incomeBeforeTaxRatio": -0.0409082939,
        "incomeTaxExpense": 0,
        "netIncome": -2333000,
        "netIncomeRatio": -0.0409082939,
        "eps": -0.0239,
        "epsdiluted": -0.0239,
        "weightedAverageShsOut": 97776548,
        "weightedAverageShsOutDil": 97776548,
        "link": "https://www.sec.gov/Archives/edgar/data/858339/000085833914000058/a2014cecq1form10-q.htm",
        "finalLink": "https://www.sec.gov/Archives/edgar/data/858339/000085833914000058/a2014cecq1form10-q.htm"
    },
    {
        "date": "2013-12-31",
        "symbol": "CZR",
        "reportedCurrency": "USD",
        "cik": "0001590895",
        "fillingDate": "2014-03-17",
        "acceptedDate": "2014-03-17 17:12:56",
        "calendarYear": "2013",
        "period": "Q4",
        "revenue": 55548000,
        "costOfRevenue": 34991000,
        "grossProfit": 20557000,
        "grossProfitRatio": 0.3700763304,
        "researchAndDevelopmentExpenses": 0,
        "generalAndAdministrativeExpenses": 10839000,
        "sellingAndMarketingExpenses": 4667000,
        "sellingGeneralAndAdministrativeExpenses": 15506000,
        "otherExpenses": 6086000,
        "operatingExpenses": 21592000,
        "costAndExpenses": 56583000,
        "interestIncome": 4000,
        "interestExpense": 3871000,
        "depreciationAndAmortization": 4031000,
        "ebitda": 14980000,
        "ebitdaratio": 0.269676676,
        "operatingIncome": -1035000,
        "operatingIncomeRatio": -0.018632534,
        "totalOtherIncomeExpensesNet": 8113000,
        "incomeBeforeTax": 7078000,
        "incomeBeforeTaxRatio": 0.1274213293,
        "incomeTaxExpense": 0,
        "netIncome": 7078000,
        "netIncomeRatio": 0.1274213293,
        "eps": 0.0724,
        "epsdiluted": 0.0724,
        "weightedAverageShsOut": 97776548,
        "weightedAverageShsOutDil": 97776548,
        "link": "https://www.sec.gov/Archives/edgar/data/858339/000085833914000014/a201310-k.htm",
        "finalLink": "https://www.sec.gov/Archives/edgar/data/858339/000085833914000014/a201310-k.htm"
    },
    {
        "date": "2013-09-30",
        "symbol": "CZR",
        "reportedCurrency": "USD",
        "cik": "0001590895",
        "fillingDate": "2013-11-08",
        "acceptedDate": "2013-11-07 18:29:16",
        "calendarYear": "2013",
        "period": "Q3",
        "revenue": 63631000,
        "costOfRevenue": 37276000,
        "grossProfit": 26355000,
        "grossProfitRatio": 0.4141849099,
        "researchAndDevelopmentExpenses": 0,
        "generalAndAdministrativeExpenses": 11060000,
        "sellingAndMarketingExpenses": 4650000,
        "sellingGeneralAndAdministrativeExpenses": 15710000,
        "otherExpenses": 3553000,
        "operatingExpenses": 19263000,
        "costAndExpenses": 56539000,
        "interestIncome": 4000,
        "interestExpense": 3912000,
        "depreciationAndAmortization": 4297000,
        "ebitda": 11393000,
        "ebitdaratio": 0.1790479483,
        "operatingIncome": 7092000,
        "operatingIncomeRatio": 0.1114551084,
        "totalOtherIncomeExpensesNet": -3908000,
        "incomeBeforeTax": 3184000,
        "incomeBeforeTaxRatio": 0.0500385032,
        "incomeTaxExpense": 0,
        "netIncome": 3184000,
        "netIncomeRatio": 0.0500385032,
        "eps": 0.0326,
        "epsdiluted": 0.0326,
        "weightedAverageShsOut": 97776548,
        "weightedAverageShsOutDil": 97776548,
        "link": "https://www.sec.gov/Archives/edgar/data/858339/000085833913000062/a2013q3form10-q.htm",
        "finalLink": "https://www.sec.gov/Archives/edgar/data/858339/000085833913000062/a2013q3form10-q.htm"
    },
    {
        "date": "2013-06-30",
        "symbol": "CZR",
        "reportedCurrency": "USD",
        "cik": "0001590895",
        "fillingDate": "2013-08-09",
        "acceptedDate": "2013-08-08 21:31:38",
        "calendarYear": "2013",
        "period": "Q2",
        "revenue": 65828000,
        "costOfRevenue": 41141000,
        "grossProfit": 24687000,
        "grossProfitRatio": 0.3750227867,
        "researchAndDevelopmentExpenses": 0,
        "generalAndAdministrativeExpenses": 570200000,
        "sellingAndMarketingExpenses": 220900000,
        "sellingGeneralAndAdministrativeExpenses": 11797000,
        "otherExpenses": 2390000,
        "operatingExpenses": 14187000,
        "costAndExpenses": 55328000,
        "interestIncome": 0,
        "interestExpense": 540100000,
        "depreciationAndAmortization": 4363000,
        "ebitda": 12890000,
        "ebitdaratio": 0.1958133317,
        "operatingIncome": 8527000,
        "operatingIncomeRatio": 0.1295345446,
        "totalOtherIncomeExpensesNet": -1979000,
        "incomeBeforeTax": 6548000,
        "incomeBeforeTaxRatio": 0.0994713496,
        "incomeTaxExpense": 0,
        "netIncome": 6548000,
        "netIncomeRatio": 0.0994713496,
        "eps": 0.0511,
        "epsdiluted": 0.0511,
        "weightedAverageShsOut": 128100000,
        "weightedAverageShsOutDil": 128100000,
        "link": "https://www.sec.gov/Archives/edgar/data/858339/000085833913000048/a2013q2form10-q.htm",
        "finalLink": "https://www.sec.gov/Archives/edgar/data/858339/000085833913000048/a2013q2form10-q.htm"
    },
    {
        "date": "2013-03-31",
        "symbol": "CZR",
        "reportedCurrency": "USD",
        "cik": "0001590895",
        "fillingDate": "2013-05-09",
        "acceptedDate": "2013-05-09 16:33:38",
        "calendarYear": "2013",
        "period": "Q1",
        "revenue": 62179000,
        "costOfRevenue": 39526000,
        "grossProfit": 22653000,
        "grossProfitRatio": 0.3643191431,
        "researchAndDevelopmentExpenses": 0,
        "generalAndAdministrativeExpenses": -548386000,
        "sellingAndMarketingExpenses": -212477000,
        "sellingGeneralAndAdministrativeExpenses": 18440000,
        "otherExpenses": -1812000,
        "operatingExpenses": 16628000,
        "costAndExpenses": 56154000,
        "interestIncome": 0,
        "interestExpense": 574700000,
        "depreciationAndAmortization": 4340000,
        "ebitda": 11071000,
        "ebitdaratio": 0.1780504672,
        "operatingIncome": 6731000,
        "operatingIncomeRatio": 0.1082519822,
        "totalOtherIncomeExpensesNet": -4644000,
        "incomeBeforeTax": 2087000,
        "incomeBeforeTaxRatio": 0.0335643867,
        "incomeTaxExpense": 0,
        "netIncome": 2087000,
        "netIncomeRatio": 0.0335643867,
        "eps": 0.0167,
        "epsdiluted": 0.0167,
        "weightedAverageShsOut": 125300000,
        "weightedAverageShsOutDil": 125300000,
        "link": "https://www.sec.gov/Archives/edgar/data/858339/000085833913000029/a2013q1form10-q.htm",
        "finalLink": "https://www.sec.gov/Archives/edgar/data/858339/000085833913000029/a2013q1form10-q.htm"
    },
    {
        "date": "2012-12-31",
        "symbol": "CZR",
        "reportedCurrency": "USD",
        "cik": "0001590895",
        "fillingDate": "2013-03-15",
        "acceptedDate": "2013-03-15 15:12:19",
        "calendarYear": "2012",
        "period": "Q4",
        "revenue": 59969000,
        "costOfRevenue": 40123000,
        "grossProfit": 19846000,
        "grossProfitRatio": 0.3309376511,
        "researchAndDevelopmentExpenses": 0,
        "generalAndAdministrativeExpenses": 600000,
        "sellingAndMarketingExpenses": 5400000,
        "sellingGeneralAndAdministrativeExpenses": 11740000,
        "otherExpenses": 12894000,
        "operatingExpenses": 24634000,
        "costAndExpenses": 64757000,
        "interestIncome": 0,
        "interestExpense": 527000000,
        "depreciationAndAmortization": -434655000,
        "ebitda": 8106000,
        "ebitdaratio": 0.1351698377,
        "operatingIncome": 4734000,
        "operatingIncomeRatio": 0.0789407861,
        "totalOtherIncomeExpensesNet": -13547000,
        "incomeBeforeTax": -8813000,
        "incomeBeforeTaxRatio": -0.1469592623,
        "incomeTaxExpense": -381000000,
        "netIncome": -8813000,
        "netIncomeRatio": -0.1469592623,
        "eps": -0.0703,
        "epsdiluted": -0.0703,
        "weightedAverageShsOut": 125300000,
        "weightedAverageShsOutDil": 125300000,
        "link": "https://www.sec.gov/Archives/edgar/data/858339/000085833913000013/a201210-k.htm",
        "finalLink": "https://www.sec.gov/Archives/edgar/data/858339/000085833913000013/a201210-k.htm"
    },
    {
        "date": "2012-09-30",
        "symbol": "CZR",
        "reportedCurrency": "USD",
        "cik": "0001590895",
        "fillingDate": "2012-11-08",
        "acceptedDate": "2012-11-08 16:39:21",
        "calendarYear": "2012",
        "period": "Q3",
        "revenue": 65907000,
        "costOfRevenue": 42141000,
        "grossProfit": 23766000,
        "grossProfitRatio": 0.3605990259,
        "researchAndDevelopmentExpenses": 0,
        "generalAndAdministrativeExpenses": 593000000,
        "sellingAndMarketingExpenses": 668600000,
        "sellingGeneralAndAdministrativeExpenses": 12497000,
        "otherExpenses": 5230000,
        "operatingExpenses": 17727000,
        "costAndExpenses": 24414000,
        "interestIncome": 0,
        "interestExpense": 515800000,
        "depreciationAndAmortization": -433421000,
        "ebitda": 11269000,
        "ebitdaratio": 0.1709833553,
        "operatingIncome": 6663000,
        "operatingIncomeRatio": 0.1010970003,
        "totalOtherIncomeExpensesNet": -4690000,
        "incomeBeforeTax": 1973000,
        "incomeBeforeTaxRatio": 0.0299361221,
        "incomeTaxExpense": -225300000,
        "netIncome": 1973000,
        "netIncomeRatio": 0.0299361221,
        "eps": 0.0157,
        "epsdiluted": 0.0157,
        "weightedAverageShsOut": 125300000,
        "weightedAverageShsOutDil": 125300000,
        "link": "https://www.sec.gov/Archives/edgar/data/858339/000119312512460591/d404814d10q.htm",
        "finalLink": "https://www.sec.gov/Archives/edgar/data/858339/000119312512460591/d404814d10q.htm"
    },
    {
        "date": "2012-06-30",
        "symbol": "CZR",
        "reportedCurrency": "USD",
        "cik": "0001590895",
        "fillingDate": "2012-08-08",
        "acceptedDate": "2012-08-08 16:07:26",
        "calendarYear": "2012",
        "period": "Q2",
        "revenue": 2163700000,
        "costOfRevenue": 1148500000,
        "grossProfit": 1015200000,
        "grossProfitRatio": 0.4691962841,
        "researchAndDevelopmentExpenses": 0,
        "generalAndAdministrativeExpenses": 562200000,
        "sellingAndMarketingExpenses": 223700000,
        "sellingGeneralAndAdministrativeExpenses": 785900000,
        "otherExpenses": 0,
        "operatingExpenses": 785900000,
        "costAndExpenses": 1934400000,
        "interestIncome": 0,
        "interestExpense": 496500000,
        "depreciationAndAmortization": 221900000,
        "ebitda": 370800000,
        "ebitdaratio": 0.1713731109,
        "operatingIncome": 229300000,
        "operatingIncomeRatio": 0.1059758747,
        "totalOtherIncomeExpensesNet": -496500000,
        "incomeBeforeTax": -267200000,
        "incomeBeforeTaxRatio": -0.1234921662,
        "incomeTaxExpense": -105900000,
        "netIncome": -241700000,
        "netIncomeRatio": -0.1117067985,
        "eps": -1.91,
        "epsdiluted": -1.91,
        "weightedAverageShsOut": 126800000,
        "weightedAverageShsOutDil": 126800000,
        "link": "https://www.sec.gov/Archives/edgar/data/858339/000119312512344002/d356990d10q.htm",
        "finalLink": "https://www.sec.gov/Archives/edgar/data/858339/000119312512344002/d356990d10q.htm"
    },
    {
        "date": "2012-03-31",
        "symbol": "CZR",
        "reportedCurrency": "USD",
        "cik": "0001590895",
        "fillingDate": "2012-05-09",
        "acceptedDate": "2012-05-09 06:08:17",
        "calendarYear": "2012",
        "period": "Q1",
        "revenue": 2206100000,
        "costOfRevenue": 1161700000,
        "grossProfit": 1044400000,
        "grossProfitRatio": 0.4734146231,
        "researchAndDevelopmentExpenses": 0,
        "generalAndAdministrativeExpenses": 563000000,
        "sellingAndMarketingExpenses": 366100000,
        "sellingGeneralAndAdministrativeExpenses": 929100000,
        "otherExpenses": 0,
        "operatingExpenses": 929100000,
        "costAndExpenses": 2090800000,
        "interestIncome": 0,
        "interestExpense": 562000000,
        "depreciationAndAmortization": 225800000,
        "ebitda": 348900000,
        "ebitdaratio": 0.1581523956,
        "operatingIncome": 115300000,
        "operatingIncomeRatio": 0.0522641766,
        "totalOtherIncomeExpensesNet": -562000000,
        "incomeBeforeTax": -446700000,
        "incomeBeforeTaxRatio": -0.2024840216,
        "incomeTaxExpense": -158300000,
        "netIncome": -280600000,
        "netIncomeRatio": -0.1271927836,
        "eps": -2.24,
        "epsdiluted": -2.24,
        "weightedAverageShsOut": 125200000,
        "weightedAverageShsOutDil": 125200000,
        "link": "https://www.sec.gov/Archives/edgar/data/858339/000119312512220078/d325935d10q.htm",
        "finalLink": "https://www.sec.gov/Archives/edgar/data/858339/000119312512220078/d325935d10q.htm"
    },
    {
        "date": "2011-12-31",
        "symbol": "CZR",
        "reportedCurrency": "USD",
        "cik": "0001590895",
        "fillingDate": "2012-03-15",
        "acceptedDate": "2012-03-14 21:52:43",
        "calendarYear": "2011",
        "period": "Q4",
        "revenue": 2072200000,
        "costOfRevenue": 1115100000,
        "grossProfit": 957100000,
        "grossProfitRatio": 0.4618762668,
        "researchAndDevelopmentExpenses": 0,
        "generalAndAdministrativeExpenses": 559300000,
        "sellingAndMarketingExpenses": 212700000,
        "sellingGeneralAndAdministrativeExpenses": 772000000,
        "otherExpenses": 0,
        "operatingExpenses": 772000000,
        "costAndExpenses": 1887100000,
        "interestIncome": 0,
        "interestExpense": 674000000,
        "depreciationAndAmortization": 200400000,
        "ebitda": 378200000,
        "ebitdaratio": 0.1825113406,
        "operatingIncome": 185100000,
        "operatingIncomeRatio": 0.0893253547,
        "totalOtherIncomeExpensesNet": -673400000,
        "incomeBeforeTax": -488300000,
        "incomeBeforeTaxRatio": -0.2356432777,
        "incomeTaxExpense": -263400000,
        "netIncome": -232800000,
        "netIncomeRatio": -0.1123443683,
        "eps": -1.86,
        "epsdiluted": -1.86,
        "weightedAverageShsOut": 125200000,
        "weightedAverageShsOutDil": 125200000,
        "link": "https://www.sec.gov/Archives/edgar/data/858339/000119312512115625/d268435d10k.htm",
        "finalLink": "https://www.sec.gov/Archives/edgar/data/858339/000119312512115625/d268435d10k.htm"
    },
    {
        "date": "2011-09-30",
        "symbol": "CZR",
        "reportedCurrency": "USD",
        "cik": "0001590895",
        "fillingDate": "2011-11-10",
        "acceptedDate": "2011-11-10 16:31:13",
        "calendarYear": "2011",
        "period": "Q3",
        "revenue": 2189700000,
        "costOfRevenue": 1171100000,
        "grossProfit": 1018600000,
        "grossProfitRatio": 0.4651778782,
        "researchAndDevelopmentExpenses": 0,
        "generalAndAdministrativeExpenses": 580800000,
        "sellingAndMarketingExpenses": 258000000,
        "sellingGeneralAndAdministrativeExpenses": 838800000,
        "otherExpenses": 0,
        "operatingExpenses": 838800000,
        "costAndExpenses": 2009900000,
        "interestIncome": 0,
        "interestExpense": 450300000,
        "depreciationAndAmortization": 219100000,
        "ebitda": 427700000,
        "ebitdaratio": 0.1953235603,
        "operatingIncome": 179800000,
        "operatingIncomeRatio": 0.0821117048,
        "totalOtherIncomeExpensesNet": -442100000,
        "incomeBeforeTax": -262300000,
        "incomeBeforeTaxRatio": -0.1197880988,
        "incomeTaxExpense": -77700000,
        "netIncome": -164000000,
        "netIncomeRatio": -0.0748961045,
        "eps": -1.31,
        "epsdiluted": -1.31,
        "weightedAverageShsOut": 125000000,
        "weightedAverageShsOutDil": 125000000,
        "link": "https://www.sec.gov/Archives/edgar/data/858339/000119312511307011/d236722d10q.htm",
        "finalLink": "https://www.sec.gov/Archives/edgar/data/858339/000119312511307011/d236722d10q.htm"
    },
    {
        "date": "2011-06-30",
        "symbol": "CZR",
        "reportedCurrency": "USD",
        "cik": "0001590895",
        "fillingDate": "2011-08-11",
        "acceptedDate": "2011-08-11 16:23:18",
        "calendarYear": "2011",
        "period": "Q2",
        "revenue": 2161700000,
        "costOfRevenue": 1138600000,
        "grossProfit": 1023100000,
        "grossProfitRatio": 0.4732849147,
        "researchAndDevelopmentExpenses": 0,
        "generalAndAdministrativeExpenses": 550500000,
        "sellingAndMarketingExpenses": 226300000,
        "sellingGeneralAndAdministrativeExpenses": 776800000,
        "otherExpenses": 0,
        "operatingExpenses": 776800000,
        "costAndExpenses": 1915400000,
        "interestIncome": 0,
        "interestExpense": 987717000,
        "depreciationAndAmortization": 207200000,
        "ebitda": 931717000,
        "ebitdaratio": 0.4310112412,
        "operatingIncome": 246300000,
        "operatingIncomeRatio": 0.1139381043,
        "totalOtherIncomeExpensesNet": -519600000,
        "incomeBeforeTax": -273300000,
        "incomeBeforeTaxRatio": -0.126428274,
        "incomeTaxExpense": -107700000,
        "netIncome": -155500000,
        "netIncomeRatio": -0.0719341259,
        "eps": -1.24,
        "epsdiluted": -1.24,
        "weightedAverageShsOut": 125100000,
        "weightedAverageShsOutDil": 125100000,
        "link": "https://www.sec.gov/Archives/edgar/data/858339/000119312511219650/d10q.htm",
        "finalLink": "https://www.sec.gov/Archives/edgar/data/858339/000119312511219650/d10q.htm"
    },
    {
        "date": "2011-03-31",
        "symbol": "CZR",
        "reportedCurrency": "USD",
        "cik": "0001590895",
        "fillingDate": "2011-05-12",
        "acceptedDate": "2011-05-12 17:07:23",
        "calendarYear": "2011",
        "period": "Q1",
        "revenue": 2116100000,
        "costOfRevenue": 1133600000,
        "grossProfit": 982500000,
        "grossProfitRatio": 0.4642975285,
        "researchAndDevelopmentExpenses": 0,
        "generalAndAdministrativeExpenses": 555600000,
        "sellingAndMarketingExpenses": 199100000,
        "sellingGeneralAndAdministrativeExpenses": 754700000,
        "otherExpenses": 0,
        "operatingExpenses": 754700000,
        "costAndExpenses": 1888300000,
        "interestIncome": 0,
        "interestExpense": -473400000,
        "depreciationAndAmortization": 219200000,
        "ebitda": -487400000,
        "ebitdaratio": -0.2303293795,
        "operatingIncome": 227800000,
        "operatingIncomeRatio": 0.1076508672,
        "totalOtherIncomeExpensesNet": -469900000,
        "incomeBeforeTax": -242100000,
        "incomeBeforeTaxRatio": -0.1144085818,
        "incomeTaxExpense": -85800000,
        "netIncome": -147400000,
        "netIncomeRatio": -0.0696564435,
        "eps": -1.18,
        "epsdiluted": -1.18,
        "weightedAverageShsOut": 125100000,
        "weightedAverageShsOutDil": 125100000,
        "link": "https://www.sec.gov/Archives/edgar/data/858339/000119312511137723/d10q.htm",
        "finalLink": "https://www.sec.gov/Archives/edgar/data/858339/000119312511137723/d10q.htm"
    },
    {
        "date": "2010-12-31",
        "symbol": "CZR",
        "reportedCurrency": "USD",
        "cik": "0001590895",
        "fillingDate": "2011-03-04",
        "acceptedDate": "2011-03-04 17:02:03",
        "calendarYear": "2010",
        "period": "Q4",
        "revenue": 2121000000,
        "costOfRevenue": 1181500000,
        "grossProfit": 939500000,
        "grossProfitRatio": 0.442951438,
        "researchAndDevelopmentExpenses": 0,
        "generalAndAdministrativeExpenses": 516900000,
        "sellingAndMarketingExpenses": 224600000,
        "sellingGeneralAndAdministrativeExpenses": 741500000,
        "otherExpenses": 0,
        "operatingExpenses": 741500000,
        "costAndExpenses": 1923000000,
        "interestIncome": 0,
        "interestExpense": 510000000,
        "depreciationAndAmortization": -18199999,
        "ebitda": 190900000,
        "ebitdaratio": 0.0900047148,
        "operatingIncome": 198000000,
        "operatingIncomeRatio": 0.0933521924,
        "totalOtherIncomeExpensesNet": -496200000,
        "incomeBeforeTax": -298200000,
        "incomeBeforeTaxRatio": -0.1405940594,
        "incomeTaxExpense": -104200000,
        "netIncome": -196700000,
        "netIncomeRatio": -0.0927392739,
        "eps": -1.57,
        "epsdiluted": -1.57,
        "weightedAverageShsOut": 125000000,
        "weightedAverageShsOutDil": 125000000,
        "link": "https://www.sec.gov/Archives/edgar/data/858339/000119312511056393/d10k.htm",
        "finalLink": "https://www.sec.gov/Archives/edgar/data/858339/000119312511056393/d10k.htm"
    },
    {
        "date": "2010-09-30",
        "symbol": "CZR",
        "reportedCurrency": "USD",
        "cik": "0001590895",
        "fillingDate": "2010-11-05",
        "acceptedDate": "2010-11-05 07:08:33",
        "calendarYear": "2010",
        "period": "Q3",
        "revenue": 2288500000,
        "costOfRevenue": 1242100000,
        "grossProfit": 1046400000,
        "grossProfitRatio": 0.4572427354,
        "researchAndDevelopmentExpenses": 0,
        "generalAndAdministrativeExpenses": 574900000,
        "sellingAndMarketingExpenses": 218400000,
        "sellingGeneralAndAdministrativeExpenses": 793300000,
        "otherExpenses": 0,
        "operatingExpenses": 793300000,
        "costAndExpenses": 2035400000,
        "interestIncome": 0,
        "interestExpense": 1471000000,
        "depreciationAndAmortization": 302900000,
        "ebitda": 1511600000,
        "ebitdaratio": 0.6605199913,
        "operatingIncome": 253100000,
        "operatingIncomeRatio": 0.1105964606,
        "totalOtherIncomeExpensesNet": -513800000,
        "incomeBeforeTax": -260700000,
        "incomeBeforeTaxRatio": -0.1139174132,
        "incomeTaxExpense": -97500000,
        "netIncome": -164800000,
        "netIncomeRatio": -0.0720122351,
        "eps": -1.32,
        "epsdiluted": -1.32,
        "weightedAverageShsOut": 125000000,
        "weightedAverageShsOutDil": 125000000,
        "link": "https://www.sec.gov/Archives/edgar/data/858339/000119312510248972/d10q.htm",
        "finalLink": "https://www.sec.gov/Archives/edgar/data/858339/000119312510248972/d10q.htm"
    },
    {
        "date": "2010-06-30",
        "symbol": "CZR",
        "reportedCurrency": "USD",
        "cik": "0001590895",
        "fillingDate": "2010-08-16",
        "acceptedDate": "2010-08-16 14:40:02",
        "calendarYear": "2010",
        "period": "Q2",
        "revenue": 2220700000,
        "costOfRevenue": 1215500000,
        "grossProfit": 1005200000,
        "grossProfitRatio": 0.4526500653,
        "researchAndDevelopmentExpenses": 0,
        "generalAndAdministrativeExpenses": 573500000,
        "sellingAndMarketingExpenses": 413300000,
        "sellingGeneralAndAdministrativeExpenses": 986800000,
        "otherExpenses": 0,
        "operatingExpenses": 986800000,
        "costAndExpenses": 2202300000,
        "interestIncome": 0,
        "interestExpense": -456800000,
        "depreciationAndAmortization": 311600000,
        "ebitda": -581300000,
        "ebitdaratio": -0.2617643086,
        "operatingIncome": 18400000,
        "operatingIncomeRatio": 0.0082856757,
        "totalOtherIncomeExpensesNet": -453000000,
        "incomeBeforeTax": -434600000,
        "incomeBeforeTaxRatio": -0.1957040573,
        "incomeTaxExpense": -162100000,
        "netIncome": -274000000,
        "netIncomeRatio": -0.1233845184,
        "eps": -2.19,
        "epsdiluted": -2.19,
        "weightedAverageShsOut": 125000000,
        "weightedAverageShsOutDil": 125000000,
        "link": "https://www.sec.gov/Archives/edgar/data/858339/000119312510190025/d10q.htm",
        "finalLink": "https://www.sec.gov/Archives/edgar/data/858339/000119312510190025/d10q.htm"
    },
    {
        "date": "2010-03-31",
        "symbol": "CZR",
        "reportedCurrency": "USD",
        "cik": "0001590895",
        "fillingDate": "2010-05-10",
        "acceptedDate": "2010-05-07 20:14:25",
        "calendarYear": "2010",
        "period": "Q1",
        "revenue": 2188400000,
        "costOfRevenue": 1191400000,
        "grossProfit": 997000000,
        "grossProfitRatio": 0.4555839883,
        "researchAndDevelopmentExpenses": 0,
        "generalAndAdministrativeExpenses": 538500000,
        "sellingAndMarketingExpenses": 280100000,
        "sellingGeneralAndAdministrativeExpenses": 818600000,
        "otherExpenses": 0,
        "operatingExpenses": 818600000,
        "costAndExpenses": 2010000000,
        "interestIncome": 0,
        "interestExpense": 491000000,
        "depreciationAndAmortization": 275400000,
        "ebitda": 465900000,
        "ebitdaratio": 0.2128952659,
        "operatingIncome": 178400000,
        "operatingIncomeRatio": 0.0815207458,
        "totalOtherIncomeExpensesNet": -476900000,
        "incomeBeforeTax": -298500000,
        "incomeBeforeTaxRatio": -0.1364010236,
        "incomeTaxExpense": -104900000,
        "netIncome": -195600000,
        "netIncomeRatio": -0.0893803692,
        "eps": -1.56,
        "epsdiluted": -1.56,
        "weightedAverageShsOut": 125000000,
        "weightedAverageShsOutDil": 125000000,
        "link": "https://www.sec.gov/Archives/edgar/data/858339/000119312510113264/d10q.htm",
        "finalLink": "https://www.sec.gov/Archives/edgar/data/858339/000119312510113264/d10q.htm"
    },
    {
        "date": "2009-12-31",
        "symbol": "CZR",
        "reportedCurrency": "USD",
        "cik": "0001590895",
        "fillingDate": "2010-03-09",
        "acceptedDate": "2010-03-09 17:16:21",
        "calendarYear": "2009",
        "period": "Q4",
        "revenue": 2099100000,
        "costOfRevenue": 1155500000,
        "grossProfit": 943600000,
        "grossProfitRatio": 0.4495259873,
        "researchAndDevelopmentExpenses": 0,
        "generalAndAdministrativeExpenses": 540200000,
        "sellingAndMarketingExpenses": -433600000,
        "sellingGeneralAndAdministrativeExpenses": 106600000,
        "otherExpenses": 0,
        "operatingExpenses": 106600000,
        "costAndExpenses": 1262100000,
        "interestIncome": 0,
        "interestExpense": 488000000,
        "depreciationAndAmortization": -1399999,
        "ebitda": 843200000,
        "ebitdaratio": 0.4016959649,
        "operatingIncome": 837000000,
        "operatingIncomeRatio": 0.3987423181,
        "totalOtherIncomeExpensesNet": -478000000,
        "incomeBeforeTax": 359000000,
        "incomeBeforeTaxRatio": 0.1710256777,
        "incomeTaxExpense": 61000000,
        "netIncome": 295600000,
        "netIncomeRatio": 0.1408222572,
        "eps": 2.36,
        "epsdiluted": 2.36,
        "weightedAverageShsOut": 125000000,
        "weightedAverageShsOutDil": 125000000,
        "link": "https://www.sec.gov/Archives/edgar/data/858339/000119312510051491/d10k.htm",
        "finalLink": "https://www.sec.gov/Archives/edgar/data/858339/000119312510051491/d10k.htm"
    },
    {
        "date": "2009-09-30",
        "symbol": "CZR",
        "reportedCurrency": "USD",
        "cik": "0001590895",
        "fillingDate": "2009-11-12",
        "acceptedDate": "2009-11-12 16:52:56",
        "calendarYear": "2009",
        "period": "Q3",
        "revenue": 2282200000,
        "costOfRevenue": 1204800000,
        "grossProfit": 1077400000,
        "grossProfitRatio": 0.4720883358,
        "researchAndDevelopmentExpenses": 0,
        "generalAndAdministrativeExpenses": 553700000,
        "sellingAndMarketingExpenses": 1575400000,
        "sellingGeneralAndAdministrativeExpenses": 2129100000,
        "otherExpenses": 0,
        "operatingExpenses": 2129100000,
        "costAndExpenses": 3333900000,
        "interestIncome": 0,
        "interestExpense": 444000000,
        "depreciationAndAmortization": 302400000,
        "ebitda": -749000000,
        "ebitdaratio": -0.3281920953,
        "operatingIncome": -1051700000,
        "operatingIncomeRatio": -0.4608272719,
        "totalOtherIncomeExpensesNet": -440400000,
        "incomeBeforeTax": -1492300000,
        "incomeBeforeTaxRatio": -0.6538866006,
        "incomeTaxExpense": 128900000,
        "netIncome": -1624300000,
        "netIncomeRatio": -0.711725528,
        "eps": -12.99,
        "epsdiluted": -12.99,
        "weightedAverageShsOut": 125000000,
        "weightedAverageShsOutDil": 125000000,
        "link": "https://www.sec.gov/Archives/edgar/data/858339/000119312509232922/d10q.htm",
        "finalLink": "https://www.sec.gov/Archives/edgar/data/858339/000119312509232922/d10q.htm"
    },
    {
        "date": "2009-06-30",
        "symbol": "CZR",
        "reportedCurrency": "USD",
        "cik": "0001590895",
        "fillingDate": "2009-08-13",
        "acceptedDate": "2009-08-13 16:27:47",
        "calendarYear": "2009",
        "period": "Q2",
        "revenue": 2271400000,
        "costOfRevenue": 1185600000,
        "grossProfit": 1085800000,
        "grossProfitRatio": 0.4780311702,
        "researchAndDevelopmentExpenses": 0,
        "generalAndAdministrativeExpenses": 542600000,
        "sellingAndMarketingExpenses": 0,
        "sellingGeneralAndAdministrativeExpenses": -841700000,
        "otherExpenses": -2358300000,
        "operatingExpenses": -3200000000,
        "costAndExpenses": -2014400000,
        "interestIncome": 0,
        "interestExpense": 960000000,
        "depreciationAndAmortization": 294200000,
        "ebitda": 5079400000,
        "ebitdaratio": 2.2362419653,
        "operatingIncome": 4285800000,
        "operatingIncomeRatio": 1.8868539227,
        "totalOtherIncomeExpensesNet": -452800000,
        "incomeBeforeTax": 3833000000,
        "incomeBeforeTaxRatio": 1.6875055032,
        "incomeTaxExpense": 1536200000,
        "netIncome": 2289000000,
        "netIncomeRatio": 1.0077485251,
        "eps": 18.11,
        "epsdiluted": 18.11,
        "weightedAverageShsOut": 126400000,
        "weightedAverageShsOutDil": 126400000,
        "link": "https://www.sec.gov/Archives/edgar/data/858339/000119312509174432/d10q.htm",
        "finalLink": "https://www.sec.gov/Archives/edgar/data/858339/000119312509174432/d10q.htm"
    },
    {
        "date": "2009-03-31",
        "symbol": "CZR",
        "reportedCurrency": "USD",
        "cik": "0001590895",
        "fillingDate": "2009-05-14",
        "acceptedDate": "2009-05-13 20:07:33",
        "calendarYear": "2009",
        "period": "Q1",
        "revenue": 2254700000,
        "costOfRevenue": 1189100000,
        "grossProfit": 1065600000,
        "grossProfitRatio": 0.4726127644,
        "researchAndDevelopmentExpenses": 0,
        "generalAndAdministrativeExpenses": 536600000,
        "sellingAndMarketingExpenses": 242400000,
        "sellingGeneralAndAdministrativeExpenses": 779000000,
        "otherExpenses": 0,
        "operatingExpenses": 779000000,
        "costAndExpenses": 1968100000,
        "interestIncome": 0,
        "interestExpense": -496800000,
        "depreciationAndAmortization": 276800000,
        "ebitda": -427000000,
        "ebitdaratio": -0.1893821794,
        "operatingIncome": 286600000,
        "operatingIncomeRatio": 0.1271122544,
        "totalOtherIncomeExpensesNet": -488300000,
        "incomeBeforeTax": -201900000,
        "incomeBeforeTaxRatio": -0.0895462811,
        "incomeTaxExpense": -74300000,
        "netIncome": -132700000,
        "netIncomeRatio": -0.0588548366,
        "eps": -1.06,
        "epsdiluted": -1.06,
        "weightedAverageShsOut": 125000000,
        "weightedAverageShsOutDil": 125000000,
        "link": "https://www.sec.gov/Archives/edgar/data/858339/000119312509110116/d10q.htm",
        "finalLink": "https://www.sec.gov/Archives/edgar/data/858339/000119312509110116/d10q.htm"
    },
    {
        "date": "2008-12-31",
        "symbol": "CZR",
        "reportedCurrency": "USD",
        "cik": "0001590895",
        "fillingDate": "2009-03-17",
        "acceptedDate": "2009-03-16 21:56:24",
        "calendarYear": "2008",
        "period": "Q4",
        "revenue": 2278400000,
        "costOfRevenue": 1276500000,
        "grossProfit": 1001900000,
        "grossProfitRatio": 0.4397384129,
        "researchAndDevelopmentExpenses": 0,
        "generalAndAdministrativeExpenses": 562400000,
        "sellingAndMarketingExpenses": 4841500000,
        "sellingGeneralAndAdministrativeExpenses": 5403900000,
        "otherExpenses": 0,
        "operatingExpenses": 5403900000,
        "costAndExpenses": 6680400000,
        "interestIncome": 0,
        "interestExpense": 1541000000,
        "depreciationAndAmortization": 282900000,
        "ebitda": -3171000000,
        "ebitdaratio": -1.3917661517,
        "operatingIncome": -4402000000,
        "operatingIncomeRatio": -1.9320575843,
        "totalOtherIncomeExpensesNet": -589100000,
        "incomeBeforeTax": -4991600000,
        "incomeBeforeTaxRatio": -2.1908356742,
        "incomeTaxExpense": -212800000,
        "netIncome": -4782100000,
        "netIncomeRatio": -2.0988851826,
        "eps": -38.26,
        "epsdiluted": -38.26,
        "weightedAverageShsOut": 125000000,
        "weightedAverageShsOutDil": 125000000,
        "link": "https://www.sec.gov/Archives/edgar/data/858339/000119312509055861/d10k.htm",
        "finalLink": "https://www.sec.gov/Archives/edgar/data/858339/000119312509055861/d10k.htm"
    },
    {
        "date": "2008-09-30",
        "symbol": "CZR",
        "reportedCurrency": "USD",
        "cik": "0001590895",
        "fillingDate": "2008-11-10",
        "acceptedDate": "2008-11-10 14:39:16",
        "calendarYear": "2008",
        "period": "Q3",
        "revenue": 2645900000,
        "costOfRevenue": 1372400000,
        "grossProfit": 1273500000,
        "grossProfitRatio": 0.4813107071,
        "researchAndDevelopmentExpenses": 0,
        "generalAndAdministrativeExpenses": 682800000,
        "sellingAndMarketingExpenses": 233700000,
        "sellingGeneralAndAdministrativeExpenses": 916500000,
        "otherExpenses": 0,
        "operatingExpenses": 916500000,
        "costAndExpenses": 2288900000,
        "interestIncome": 0,
        "interestExpense": 533000000,
        "depreciationAndAmortization": 255100000,
        "ebitda": 612400000,
        "ebitdaratio": 0.2314524358,
        "operatingIncome": 357000000,
        "operatingIncomeRatio": 0.1349257342,
        "totalOtherIncomeExpensesNet": -526200000,
        "incomeBeforeTax": -169200000,
        "incomeBeforeTaxRatio": -0.063947995,
        "incomeTaxExpense": -46000000,
        "netIncome": -129700000,
        "netIncomeRatio": -0.0490192373,
        "eps": -1.04,
        "epsdiluted": -1.04,
        "weightedAverageShsOut": 125000000,
        "weightedAverageShsOutDil": 125000000,
        "link": "https://www.sec.gov/Archives/edgar/data/858339/000119312508231506/d10q.htm",
        "finalLink": "https://www.sec.gov/Archives/edgar/data/858339/000119312508231506/d10q.htm"
    },
    {
        "date": "2008-06-30",
        "symbol": "CZR",
        "reportedCurrency": "USD",
        "cik": "0001590895",
        "fillingDate": "2008-08-11",
        "acceptedDate": "2008-08-11 16:51:11",
        "calendarYear": "2008",
        "period": "Q2",
        "revenue": 2602100000,
        "costOfRevenue": 1378800000,
        "grossProfit": 1223300000,
        "grossProfitRatio": 0.4701202875,
        "researchAndDevelopmentExpenses": 0,
        "generalAndAdministrativeExpenses": 621100000,
        "sellingAndMarketingExpenses": 279100000,
        "sellingGeneralAndAdministrativeExpenses": 900200000,
        "otherExpenses": 0,
        "operatingExpenses": 900200000,
        "costAndExpenses": 2279000000,
        "interestIncome": 0,
        "interestExpense": 468000000,
        "depreciationAndAmortization": 289200000,
        "ebitda": 616100000,
        "ebitdaratio": 0.2367703009,
        "operatingIncome": 323100000,
        "operatingIncomeRatio": 0.1241689405,
        "totalOtherIncomeExpensesNet": -464200000,
        "incomeBeforeTax": -141100000,
        "incomeBeforeTaxRatio": -0.0542254333,
        "incomeTaxExpense": -43500000,
        "netIncome": -97600000,
        "netIncomeRatio": -0.0375081665,
        "eps": -0.78,
        "epsdiluted": -0.78,
        "weightedAverageShsOut": 125000000,
        "weightedAverageShsOutDil": 125000000,
        "link": "https://www.sec.gov/Archives/edgar/data/858339/000119312508173588/d10q.htm",
        "finalLink": "https://www.sec.gov/Archives/edgar/data/858339/000119312508173588/d10q.htm"
    },
    {
        "date": "2008-03-31",
        "symbol": "CZR",
        "reportedCurrency": "USD",
        "cik": "0001590895",
        "fillingDate": "2008-05-16",
        "acceptedDate": "2008-05-15 19:40:35",
        "calendarYear": "2008",
        "period": "Q1",
        "revenue": 2600600000,
        "costOfRevenue": 1362000000,
        "grossProfit": 1238600000,
        "grossProfitRatio": 0.4762747058,
        "researchAndDevelopmentExpenses": 0,
        "generalAndAdministrativeExpenses": 624800000,
        "sellingAndMarketingExpenses": 424100000,
        "sellingGeneralAndAdministrativeExpenses": 1048900000,
        "otherExpenses": 0,
        "operatingExpenses": 1048900000,
        "costAndExpenses": 2410900000,
        "interestIncome": 0,
        "interestExpense": -557600000,
        "depreciationAndAmortization": 305000000,
        "ebitda": -524500000,
        "ebitdaratio": -0.2016842267,
        "operatingIncome": 189700000,
        "operatingIncomeRatio": 0.0729447051,
        "totalOtherIncomeExpensesNet": -548800000,
        "incomeBeforeTax": -359100000,
        "incomeBeforeTaxRatio": -0.1380835192,
        "incomeTaxExpense": -84100000,
        "netIncome": -187800000,
        "netIncomeRatio": -0.0722141044,
        "eps": -1.5,
        "epsdiluted": -1.5,
        "weightedAverageShsOut": 125000000,
        "weightedAverageShsOutDil": 125000000,
        "link": "https://www.sec.gov/Archives/edgar/data/858339/000119312508116726/d10q.htm",
        "finalLink": "https://www.sec.gov/Archives/edgar/data/858339/000119312508116726/d10q.htm"
    },
    {
        "date": "2007-12-31",
        "symbol": "CZR",
        "reportedCurrency": "USD",
        "cik": "0001590895",
        "fillingDate": "2008-02-29",
        "acceptedDate": "2008-02-29 17:23:38",
        "calendarYear": "2007",
        "period": "Q4",
        "revenue": 2627500000,
        "costOfRevenue": 1378400000,
        "grossProfit": 1249100000,
        "grossProfitRatio": 0.475394862,
        "researchAndDevelopmentExpenses": 0,
        "generalAndAdministrativeExpenses": 670300000,
        "sellingAndMarketingExpenses": 433100000,
        "sellingGeneralAndAdministrativeExpenses": 1103400000,
        "otherExpenses": 0,
        "operatingExpenses": 1103400000,
        "costAndExpenses": 2481800000,
        "interestIncome": 0,
        "interestExpense": 222000000,
        "depreciationAndAmortization": 241000000,
        "ebitda": 411300000,
        "ebitdaratio": 0.1565366318,
        "operatingIncome": 145700000,
        "operatingIncomeRatio": 0.0554519505,
        "totalOtherIncomeExpensesNet": -207700000,
        "incomeBeforeTax": -62000000,
        "incomeBeforeTaxRatio": -0.0235965747,
        "incomeTaxExpense": -3900000,
        "netIncome": -47800000,
        "netIncomeRatio": -0.0181921979,
        "eps": -0.38,
        "epsdiluted": -0.38,
        "weightedAverageShsOut": 125000000,
        "weightedAverageShsOutDil": 125000000,
        "link": "https://www.sec.gov/Archives/edgar/data/858339/000119312508043934/d10k.htm",
        "finalLink": "https://www.sec.gov/Archives/edgar/data/858339/000119312508043934/d10k.htm"
    },
    {
        "date": "2007-09-30",
        "symbol": "CZR",
        "reportedCurrency": "USD",
        "cik": "0001590895",
        "fillingDate": "2007-11-07",
        "acceptedDate": "2007-11-07 17:25:37",
        "calendarYear": "2007",
        "period": "Q3",
        "revenue": 2840300000,
        "costOfRevenue": 1457200000,
        "grossProfit": 1383100000,
        "grossProfitRatio": 0.4869556033,
        "researchAndDevelopmentExpenses": 0,
        "generalAndAdministrativeExpenses": 635100000,
        "sellingAndMarketingExpenses": 172800000,
        "sellingGeneralAndAdministrativeExpenses": 807900000,
        "otherExpenses": 0,
        "operatingExpenses": 807900000,
        "costAndExpenses": 2265100000,
        "interestIncome": 0,
        "interestExpense": 216000000,
        "depreciationAndAmortization": 229300000,
        "ebitda": 827100000,
        "ebitdaratio": 0.2912016336,
        "operatingIncome": 575200000,
        "operatingIncomeRatio": 0.202513819,
        "totalOtherIncomeExpensesNet": -211200000,
        "incomeBeforeTax": 364000000,
        "incomeBeforeTaxRatio": 0.1281554765,
        "incomeTaxExpense": 137400000,
        "netIncome": 244400000,
        "netIncomeRatio": 0.0860472485,
        "eps": 1.28,
        "epsdiluted": 1.28,
        "weightedAverageShsOut": 190700000,
        "weightedAverageShsOutDil": 190700000,
        "link": "https://www.sec.gov/Archives/edgar/data/858339/000119312507238664/d10q.htm",
        "finalLink": "https://www.sec.gov/Archives/edgar/data/858339/000119312507238664/d10q.htm"
    },
    {
        "date": "2007-06-30",
        "symbol": "CZR",
        "reportedCurrency": "USD",
        "cik": "0001590895",
        "fillingDate": "2007-08-09",
        "acceptedDate": "2007-08-08 18:56:12",
        "calendarYear": "2007",
        "period": "Q2",
        "revenue": 2701800000,
        "costOfRevenue": 1419600000,
        "grossProfit": 1282200000,
        "grossProfitRatio": 0.4745725072,
        "researchAndDevelopmentExpenses": 0,
        "generalAndAdministrativeExpenses": 603400000,
        "sellingAndMarketingExpenses": 200900000,
        "sellingGeneralAndAdministrativeExpenses": 804300000,
        "otherExpenses": 0,
        "operatingExpenses": 804300000,
        "costAndExpenses": 2223900000,
        "interestIncome": 0,
        "interestExpense": 177000000,
        "depreciationAndAmortization": 225700000,
        "ebitda": 756600000,
        "ebitdaratio": 0.2800355319,
        "operatingIncome": 477900000,
        "operatingIncomeRatio": 0.1768820786,
        "totalOtherIncomeExpensesNet": -160900000,
        "incomeBeforeTax": 317000000,
        "incomeBeforeTaxRatio": 0.1173291879,
        "incomeTaxExpense": 116400000,
        "netIncome": 237500000,
        "netIncomeRatio": 0.0879043601,
        "eps": 1.25,
        "epsdiluted": 1.25,
        "weightedAverageShsOut": 190050000,
        "weightedAverageShsOutDil": 190050000,
        "link": "https://www.sec.gov/Archives/edgar/data/858339/000119312507175934/d10q.htm",
        "finalLink": "https://www.sec.gov/Archives/edgar/data/858339/000119312507175934/d10q.htm"
    },
    {
        "date": "2007-03-31",
        "symbol": "CZR",
        "reportedCurrency": "USD",
        "cik": "0001590895",
        "fillingDate": "2007-05-08",
        "acceptedDate": "2007-05-08 17:19:30",
        "calendarYear": "2007",
        "period": "Q1",
        "revenue": 2655600000,
        "costOfRevenue": 1322800000,
        "grossProfit": 1332800000,
        "grossProfitRatio": 0.5018828137,
        "researchAndDevelopmentExpenses": 0,
        "generalAndAdministrativeExpenses": 676700000,
        "sellingAndMarketingExpenses": 204900000,
        "sellingGeneralAndAdministrativeExpenses": 881600000,
        "otherExpenses": 0,
        "operatingExpenses": 881600000,
        "costAndExpenses": 2204400000,
        "interestIncome": 0,
        "interestExpense": 185000000,
        "depreciationAndAmortization": 209800000,
        "ebitda": 680400000,
        "ebitdaratio": 0.2562132851,
        "operatingIncome": 451200000,
        "operatingIncomeRatio": 0.1699051062,
        "totalOtherIncomeExpensesNet": -177600000,
        "incomeBeforeTax": 273600000,
        "incomeBeforeTaxRatio": 0.1030275644,
        "incomeTaxExpense": 100300000,
        "netIncome": 185300000,
        "netIncomeRatio": 0.0697770749,
        "eps": 0.98,
        "epsdiluted": 0.98,
        "weightedAverageShsOut": 189400000,
        "weightedAverageShsOutDil": 189400000,
        "link": "https://www.sec.gov/Archives/edgar/data/858339/000119312507106270/d10q.htm",
        "finalLink": "https://www.sec.gov/Archives/edgar/data/858339/000119312507106270/d10q.htm"
    },
    {
        "date": "2006-12-31",
        "symbol": "CZR",
        "reportedCurrency": "USD",
        "cik": "0001590895",
        "fillingDate": "2007-03-01",
        "acceptedDate": "2007-03-01 15:47:13",
        "calendarYear": "2006",
        "period": "Q4",
        "revenue": 2430600000,
        "costOfRevenue": 1266400000,
        "grossProfit": 1164200000,
        "grossProfitRatio": 0.4789763844,
        "researchAndDevelopmentExpenses": 0,
        "generalAndAdministrativeExpenses": 649000000,
        "sellingAndMarketingExpenses": 285300000,
        "sellingGeneralAndAdministrativeExpenses": 934300000,
        "otherExpenses": 0,
        "operatingExpenses": 934300000,
        "costAndExpenses": 2200700000,
        "interestIncome": 0,
        "interestExpense": 178000000,
        "depreciationAndAmortization": 196000000,
        "ebitda": 437600000,
        "ebitdaratio": 0.1800378507,
        "operatingIncome": 229900000,
        "operatingIncomeRatio": 0.094585699,
        "totalOtherIncomeExpensesNet": -172400000,
        "incomeBeforeTax": 57500000,
        "incomeBeforeTaxRatio": 0.0236567103,
        "incomeTaxExpense": 16000000,
        "netIncome": 47600000,
        "netIncomeRatio": 0.0195836419,
        "eps": 0.25,
        "epsdiluted": 0.25,
        "weightedAverageShsOut": 191300000,
        "weightedAverageShsOutDil": 191300000,
        "link": "https://www.sec.gov/Archives/edgar/data/858339/000119312507044315/d10k.htm",
        "finalLink": "https://www.sec.gov/Archives/edgar/data/858339/000119312507044315/d10k.htm"
    },
    {
        "date": "2006-09-30",
        "symbol": "CZR",
        "reportedCurrency": "USD",
        "cik": "0001590895",
        "fillingDate": "2006-11-09",
        "acceptedDate": "2006-11-08 19:47:23",
        "calendarYear": "2006",
        "period": "Q3",
        "revenue": 2512500000,
        "costOfRevenue": 1243800000,
        "grossProfit": 1268700000,
        "grossProfitRatio": 0.5049552239,
        "researchAndDevelopmentExpenses": 0,
        "generalAndAdministrativeExpenses": 637700000,
        "sellingAndMarketingExpenses": 190000000,
        "sellingGeneralAndAdministrativeExpenses": 827700000,
        "otherExpenses": 0,
        "operatingExpenses": 827700000,
        "costAndExpenses": 2071500000,
        "interestIncome": 0,
        "interestExpense": 166000000,
        "depreciationAndAmortization": 181300000,
        "ebitda": 620800000,
        "ebitdaratio": 0.2470845771,
        "operatingIncome": 441000000,
        "operatingIncomeRatio": 0.1755223881,
        "totalOtherIncomeExpensesNet": -162700000,
        "incomeBeforeTax": 278300000,
        "incomeBeforeTaxRatio": 0.1107661692,
        "incomeTaxExpense": 96300000,
        "netIncome": 177200000,
        "netIncomeRatio": 0.0705273632,
        "eps": 0.95,
        "epsdiluted": 0.95,
        "weightedAverageShsOut": 186300000,
        "weightedAverageShsOutDil": 186300000,
        "link": "https://www.sec.gov/Archives/edgar/data/858339/000110465906072977/a06-21800_110q.htm",
        "finalLink": "https://www.sec.gov/Archives/edgar/data/858339/000110465906072977/a06-21800_110q.htm"
    },
    {
        "date": "2006-06-30",
        "symbol": "CZR",
        "reportedCurrency": "USD",
        "cik": "0001590895",
        "fillingDate": "2006-08-08",
        "acceptedDate": "2006-08-08 16:32:41",
        "calendarYear": "2006",
        "period": "Q2",
        "revenue": 2373900000,
        "costOfRevenue": 1178800000,
        "grossProfit": 1195100000,
        "grossProfitRatio": 0.503433169,
        "researchAndDevelopmentExpenses": 0,
        "generalAndAdministrativeExpenses": 572800000,
        "sellingAndMarketingExpenses": 251700000,
        "sellingGeneralAndAdministrativeExpenses": 824500000,
        "otherExpenses": 0,
        "operatingExpenses": 824500000,
        "costAndExpenses": 2003300000,
        "interestIncome": 0,
        "interestExpense": 162000000,
        "depreciationAndAmortization": 168500000,
        "ebitda": 536800000,
        "ebitdaratio": 0.2261257846,
        "operatingIncome": 370600000,
        "operatingIncomeRatio": 0.1561144109,
        "totalOtherIncomeExpensesNet": -160600000,
        "incomeBeforeTax": 210000000,
        "incomeBeforeTaxRatio": 0.0884620245,
        "incomeTaxExpense": 77700000,
        "netIncome": 128600000,
        "netIncomeRatio": 0.0541724588,
        "eps": 0.69,
        "epsdiluted": 0.69,
        "weightedAverageShsOut": 187100000,
        "weightedAverageShsOutDil": 187100000,
        "link": "https://www.sec.gov/Archives/edgar/data/858339/000110465906052535/a06-15469_110q.htm",
        "finalLink": "https://www.sec.gov/Archives/edgar/data/858339/000110465906052535/a06-15469_110q.htm"
    },
    {
        "date": "2006-03-31",
        "symbol": "CZR",
        "reportedCurrency": "USD",
        "cik": "0001590895",
        "fillingDate": "2006-05-10",
        "acceptedDate": "2006-05-10 15:11:18",
        "calendarYear": "2006",
        "period": "Q1",
        "revenue": 2356900000,
        "costOfRevenue": 1167800000,
        "grossProfit": 1189100000,
        "grossProfitRatio": 0.5045186474,
        "researchAndDevelopmentExpenses": 0,
        "generalAndAdministrativeExpenses": 545800000,
        "sellingAndMarketingExpenses": 190200000,
        "sellingGeneralAndAdministrativeExpenses": 736000000,
        "otherExpenses": 0,
        "operatingExpenses": 736000000,
        "costAndExpenses": 1903800000,
        "interestIncome": 0,
        "interestExpense": 164000000,
        "depreciationAndAmortization": 165600000,
        "ebitda": 617600000,
        "ebitdaratio": 0.2620391192,
        "operatingIncome": 453100000,
        "operatingIncomeRatio": 0.1922440494,
        "totalOtherIncomeExpensesNet": -164100000,
        "incomeBeforeTax": 289000000,
        "incomeBeforeTaxRatio": 0.122618694,
        "incomeTaxExpense": 105600000,
        "netIncome": 182400000,
        "netIncomeRatio": 0.0773897917,
        "eps": 0.98,
        "epsdiluted": 0.98,
        "weightedAverageShsOut": 187000000,
        "weightedAverageShsOutDil": 187000000,
        "link": "https://www.sec.gov/Archives/edgar/data/858339/000110465906033207/a06-9587_110q.htm",
        "finalLink": "https://www.sec.gov/Archives/edgar/data/858339/000110465906033207/a06-9587_110q.htm"
    },
    {
        "date": "2005-12-31",
        "symbol": "CZR",
        "reportedCurrency": "USD",
        "cik": "0001590895",
        "fillingDate": "2006-03-14",
        "acceptedDate": "2006-03-13 19:21:59",
        "calendarYear": "2005",
        "period": "Q4",
        "revenue": 2095000000,
        "costOfRevenue": 1111300000,
        "grossProfit": 983700000,
        "grossProfitRatio": 0.4695465394,
        "researchAndDevelopmentExpenses": 0,
        "generalAndAdministrativeExpenses": 481800000,
        "sellingAndMarketingExpenses": 349500000,
        "sellingGeneralAndAdministrativeExpenses": 831300000,
        "otherExpenses": 0,
        "operatingExpenses": 831300000,
        "costAndExpenses": 1942600000,
        "interestIncome": 0,
        "interestExpense": 161000000,
        "depreciationAndAmortization": 153900000,
        "ebitda": 191800000,
        "ebitdaratio": 0.0915513126,
        "operatingIncome": 152400000,
        "operatingIncomeRatio": 0.0727446301,
        "totalOtherIncomeExpensesNet": -154800000,
        "incomeBeforeTax": -2500000,
        "incomeBeforeTaxRatio": -0.0011933174,
        "incomeTaxExpense": 19100000,
        "netIncome": -142200000,
        "netIncomeRatio": -0.067875895,
        "eps": -0.82,
        "epsdiluted": -0.82,
        "weightedAverageShsOut": 174200000,
        "weightedAverageShsOutDil": 174200000,
        "link": "https://www.sec.gov/Archives/edgar/data/858339/000110465906016242/a06-2584_110k.htm",
        "finalLink": "https://www.sec.gov/Archives/edgar/data/858339/000110465906016242/a06-2584_110k.htm"
    },
    {
        "date": "2005-09-30",
        "symbol": "CZR",
        "reportedCurrency": "USD",
        "cik": "0001590895",
        "fillingDate": "2005-11-09",
        "acceptedDate": "2005-11-09 17:26:14",
        "calendarYear": "2005",
        "period": "Q3",
        "revenue": 2272400000,
        "costOfRevenue": 1144300000,
        "grossProfit": 1128100000,
        "grossProfitRatio": 0.4964354867,
        "researchAndDevelopmentExpenses": 0,
        "generalAndAdministrativeExpenses": 511900000,
        "sellingAndMarketingExpenses": 193700000,
        "sellingGeneralAndAdministrativeExpenses": 705600000,
        "otherExpenses": 0,
        "operatingExpenses": 705600000,
        "costAndExpenses": 1849900000,
        "interestIncome": 0,
        "interestExpense": 152000000,
        "depreciationAndAmortization": 161800000,
        "ebitda": 580700000,
        "ebitdaratio": 0.2555447985,
        "operatingIncome": 422500000,
        "operatingIncomeRatio": 0.1859267735,
        "totalOtherIncomeExpensesNet": -150200000,
        "incomeBeforeTax": 272300000,
        "incomeBeforeTaxRatio": 0.1198292554,
        "incomeTaxExpense": 97900000,
        "netIncome": 169000000,
        "netIncomeRatio": 0.0743707094,
        "eps": 0.91,
        "epsdiluted": 0.91,
        "weightedAverageShsOut": 185100000,
        "weightedAverageShsOutDil": 185100000,
        "link": "https://www.sec.gov/Archives/edgar/data/858339/000110465905054167/a05-18326_110q.htm",
        "finalLink": "https://www.sec.gov/Archives/edgar/data/858339/000110465905054167/a05-18326_110q.htm"
    },
    {
        "date": "2005-06-30",
        "symbol": "CZR",
        "reportedCurrency": "USD",
        "cik": "0001590895",
        "fillingDate": "2005-08-09",
        "acceptedDate": "2005-08-09 16:50:55",
        "calendarYear": "2005",
        "period": "Q2",
        "revenue": 1423400000,
        "costOfRevenue": 734800000,
        "grossProfit": 688600000,
        "grossProfitRatio": 0.4837712519,
        "researchAndDevelopmentExpenses": 0,
        "generalAndAdministrativeExpenses": 318600000,
        "sellingAndMarketingExpenses": 146400000,
        "sellingGeneralAndAdministrativeExpenses": 465000000,
        "otherExpenses": 0,
        "operatingExpenses": 465000000,
        "costAndExpenses": 1199800000,
        "interestIncome": 0,
        "interestExpense": 89000000,
        "depreciationAndAmortization": 111200000,
        "ebitda": 359600000,
        "ebitdaratio": 0.252634537,
        "operatingIncome": 223600000,
        "operatingIncomeRatio": 0.157088661,
        "totalOtherIncomeExpensesNet": -85700000,
        "incomeBeforeTax": 137900000,
        "incomeBeforeTaxRatio": 0.0968807082,
        "incomeTaxExpense": 53600000,
        "netIncome": 105800000,
        "netIncomeRatio": 0.0743290712,
        "eps": 0.84,
        "epsdiluted": 0.84,
        "weightedAverageShsOut": 125300000,
        "weightedAverageShsOutDil": 125300000,
        "link": "https://www.sec.gov/Archives/edgar/data/858339/000110465905037951/a05-13060_110q.htm",
        "finalLink": "https://www.sec.gov/Archives/edgar/data/858339/000110465905037951/a05-13060_110q.htm"
    },
    {
        "date": "2005-03-31",
        "symbol": "CZR",
        "reportedCurrency": "USD",
        "cik": "0001590895",
        "fillingDate": "2005-05-06",
        "acceptedDate": "2005-05-06 15:01:17",
        "calendarYear": "2005",
        "period": "Q1",
        "revenue": 1219200000,
        "costOfRevenue": 628000000,
        "grossProfit": 591200000,
        "grossProfitRatio": 0.4849081365,
        "researchAndDevelopmentExpenses": 0,
        "generalAndAdministrativeExpenses": 266200000,
        "sellingAndMarketingExpenses": 97800000,
        "sellingGeneralAndAdministrativeExpenses": 364000000,
        "otherExpenses": 0,
        "operatingExpenses": 364000000,
        "costAndExpenses": 992000000,
        "interestIncome": 0,
        "interestExpense": 79000000,
        "depreciationAndAmortization": 96100000,
        "ebitda": 334200000,
        "ebitdaratio": 0.2741141732,
        "operatingIncome": 227200000,
        "operatingIncomeRatio": 0.186351706,
        "totalOtherIncomeExpensesNet": -80900000,
        "incomeBeforeTax": 146300000,
        "incomeBeforeTaxRatio": 0.1199967192,
        "incomeTaxExpense": 55300000,
        "netIncome": 103800000,
        "netIncomeRatio": 0.0851377953,
        "eps": 0.9,
        "epsdiluted": 0.9,
        "weightedAverageShsOut": 114800000,
        "weightedAverageShsOutDil": 114800000,
        "link": "https://www.sec.gov/Archives/edgar/data/858339/000110465905021161/a05-8670_110q.htm",
        "finalLink": "https://www.sec.gov/Archives/edgar/data/858339/000110465905021161/a05-8670_110q.htm"
    },
    {
        "date": "2004-12-31",
        "symbol": "CZR",
        "reportedCurrency": "USD",
        "cik": "0001590895",
        "fillingDate": "2005-03-01",
        "acceptedDate": "2005-03-01 16:37:57",
        "calendarYear": "2004",
        "period": "Q4",
        "revenue": 1037500000,
        "costOfRevenue": 560300000,
        "grossProfit": 477200000,
        "grossProfitRatio": 0.4599518072,
        "researchAndDevelopmentExpenses": 0,
        "generalAndAdministrativeExpenses": 241300000,
        "sellingAndMarketingExpenses": 89200000,
        "sellingGeneralAndAdministrativeExpenses": 330500000,
        "otherExpenses": 0,
        "operatingExpenses": 330500000,
        "costAndExpenses": 890800000,
        "interestIncome": 0,
        "interestExpense": 193399000000,
        "depreciationAndAmortization": 85500000,
        "ebitda": 193586500000,
        "ebitdaratio": 186.5893975904,
        "operatingIncome": 146700000,
        "operatingIncomeRatio": 0.1413975904,
        "totalOtherIncomeExpensesNet": -69700000,
        "incomeBeforeTax": 77000000,
        "incomeBeforeTaxRatio": 0.0742168675,
        "incomeTaxExpense": 25100000,
        "netIncome": 76900000,
        "netIncomeRatio": 0.0741204819,
        "eps": 0.68,
        "epsdiluted": 0.68,
        "weightedAverageShsOut": 113100000,
        "weightedAverageShsOutDil": 113100000,
        "link": "https://www.sec.gov/Archives/edgar/data/858339/000104746905005121/a2152383z10-k.htm",
        "finalLink": "https://www.sec.gov/Archives/edgar/data/858339/000104746905005121/a2152383z10-k.htm"
    },
    {
        "date": "2004-09-30",
        "symbol": "CZR",
        "reportedCurrency": "USD",
        "cik": "0001590895",
        "fillingDate": "2004-11-08",
        "acceptedDate": "2004-11-08 17:19:56",
        "calendarYear": "2004",
        "period": "Q3",
        "revenue": 1309700000,
        "costOfRevenue": 686500000,
        "grossProfit": 623200000,
        "grossProfitRatio": 0.4758341605,
        "researchAndDevelopmentExpenses": 0,
        "generalAndAdministrativeExpenses": 268400000,
        "sellingAndMarketingExpenses": 97000000,
        "sellingGeneralAndAdministrativeExpenses": 365400000,
        "otherExpenses": 0,
        "operatingExpenses": 365400000,
        "costAndExpenses": 1051900000,
        "interestIncome": 0,
        "interestExpense": 19549000,
        "depreciationAndAmortization": 99500000,
        "ebitda": 305549000,
        "ebitdaratio": 0.2332969382,
        "operatingIncome": 257800000,
        "operatingIncomeRatio": 0.1968389708,
        "totalOtherIncomeExpensesNet": -77100000,
        "incomeBeforeTax": 180700000,
        "incomeBeforeTaxRatio": 0.1379705276,
        "incomeTaxExpense": 67700000,
        "netIncome": 118800000,
        "netIncomeRatio": 0.0907077957,
        "eps": 1.06,
        "epsdiluted": 1.06,
        "weightedAverageShsOut": 112500000,
        "weightedAverageShsOutDil": 112500000,
        "link": "https://www.sec.gov/Archives/edgar/data/858339/000104746904033456/a2145937z10-q.htm",
        "finalLink": "https://www.sec.gov/Archives/edgar/data/858339/000104746904033456/a2145937z10-q.htm"
    },
    {
        "date": "2004-06-30",
        "symbol": "CZR",
        "reportedCurrency": "USD",
        "cik": "0001590895",
        "fillingDate": "2004-08-09",
        "acceptedDate": "2004-08-06 17:50:53",
        "calendarYear": "2004",
        "period": "Q2",
        "revenue": 1037200000,
        "costOfRevenue": 533900000,
        "grossProfit": 503300000,
        "grossProfitRatio": 0.4852487466,
        "researchAndDevelopmentExpenses": 0,
        "generalAndAdministrativeExpenses": 238600000,
        "sellingAndMarketingExpenses": 72700000,
        "sellingGeneralAndAdministrativeExpenses": 311300000,
        "otherExpenses": 0,
        "operatingExpenses": 311300000,
        "costAndExpenses": 845200000,
        "interestIncome": 0,
        "interestExpense": 608000000,
        "depreciationAndAmortization": 83700000,
        "ebitda": 830900000,
        "ebitdaratio": 0.801099113,
        "operatingIncome": 192000000,
        "operatingIncomeRatio": 0.1851137678,
        "totalOtherIncomeExpensesNet": -56900000,
        "incomeBeforeTax": 135100000,
        "incomeBeforeTaxRatio": 0.1302545314,
        "incomeTaxExpense": 49000000,
        "netIncome": 90200000,
        "netIncomeRatio": 0.0869649055,
        "eps": 0.79,
        "epsdiluted": 0.79,
        "weightedAverageShsOut": 113600000,
        "weightedAverageShsOutDil": 113600000,
        "link": "https://www.sec.gov/Archives/edgar/data/858339/000104746904025685/a2141250z10-q.htm",
        "finalLink": "https://www.sec.gov/Archives/edgar/data/858339/000104746904025685/a2141250z10-q.htm"
    },
    {
        "date": "2004-03-31",
        "symbol": "CZR",
        "reportedCurrency": "USD",
        "cik": "0001590895",
        "fillingDate": "2004-05-07",
        "acceptedDate": "2004-05-07 12:50:33",
        "calendarYear": "2004",
        "period": "Q1",
        "revenue": 1012400000,
        "costOfRevenue": 533600000,
        "grossProfit": 478800000,
        "grossProfitRatio": 0.4729355986,
        "researchAndDevelopmentExpenses": 0,
        "generalAndAdministrativeExpenses": 226000000,
        "sellingAndMarketingExpenses": 76500000,
        "sellingGeneralAndAdministrativeExpenses": 302500000,
        "otherExpenses": 0,
        "operatingExpenses": 302500000,
        "costAndExpenses": 836100000,
        "interestIncome": 0,
        "interestExpense": 58246000,
        "depreciationAndAmortization": 78800000,
        "ebitda": 262146000,
        "ebitdaratio": 0.2589352035,
        "operatingIncome": 176300000,
        "operatingIncomeRatio": 0.1741406559,
        "totalOtherIncomeExpensesNet": -56100000,
        "incomeBeforeTax": 120200000,
        "incomeBeforeTaxRatio": 0.1187277756,
        "incomeTaxExpense": 43300000,
        "netIncome": 81800000,
        "netIncomeRatio": 0.0807981035,
        "eps": 0.73,
        "epsdiluted": 0.73,
        "weightedAverageShsOut": 112400000,
        "weightedAverageShsOutDil": 112400000,
        "link": "https://www.sec.gov/Archives/edgar/data/858339/000104746904016350/a2135651z10-q.htm",
        "finalLink": "https://www.sec.gov/Archives/edgar/data/858339/000104746904016350/a2135651z10-q.htm"
    },
    {
        "date": "2003-12-31",
        "symbol": "CZR",
        "reportedCurrency": "USD",
        "cik": "0001590895",
        "fillingDate": "2004-03-05",
        "acceptedDate": "2004-03-04 19:31:41",
        "calendarYear": "2003",
        "period": "Q4",
        "revenue": 950200000,
        "costOfRevenue": 518800000,
        "grossProfit": 431400000,
        "grossProfitRatio": 0.4540096822,
        "researchAndDevelopmentExpenses": 0,
        "generalAndAdministrativeExpenses": 225400000,
        "sellingAndMarketingExpenses": 98200000,
        "sellingGeneralAndAdministrativeExpenses": 323600000,
        "otherExpenses": 0,
        "operatingExpenses": 323600000,
        "costAndExpenses": 842400000,
        "interestIncome": 0,
        "interestExpense": 175863000000,
        "depreciationAndAmortization": 80200000,
        "ebitda": 175992900000,
        "ebitdaratio": 185.2166912229,
        "operatingIncome": 107800000,
        "operatingIncomeRatio": 0.1134498,
        "totalOtherIncomeExpensesNet": -63000000,
        "incomeBeforeTax": 44800000,
        "incomeBeforeTaxRatio": 0.0471479688,
        "incomeTaxExpense": 14300000,
        "netIncome": 35400000,
        "netIncomeRatio": 0.0372553147,
        "eps": 0.32,
        "epsdiluted": 0.32,
        "weightedAverageShsOut": 111300000,
        "weightedAverageShsOutDil": 111300000,
        "link": "https://www.sec.gov/Archives/edgar/data/858339/000104746904006606/a2129773z10-k.htm",
        "finalLink": "https://www.sec.gov/Archives/edgar/data/858339/000104746904006606/a2129773z10-k.htm"
    },
    {
        "date": "2003-09-30",
        "symbol": "CZR",
        "reportedCurrency": "USD",
        "cik": "0001590895",
        "fillingDate": "2003-11-07",
        "acceptedDate": "2003-11-07 16:23:10",
        "calendarYear": "2003",
        "period": "Q3",
        "revenue": 1043400000,
        "costOfRevenue": 536500000,
        "grossProfit": 506900000,
        "grossProfitRatio": 0.4858156028,
        "researchAndDevelopmentExpenses": 0,
        "generalAndAdministrativeExpenses": 223800000,
        "sellingAndMarketingExpenses": 80900000,
        "sellingGeneralAndAdministrativeExpenses": 304700000,
        "otherExpenses": 0,
        "operatingExpenses": 304700000,
        "costAndExpenses": 841200000,
        "interestIncome": 0,
        "interestExpense": 348000,
        "depreciationAndAmortization": 69300000,
        "ebitda": 223148000,
        "ebitdaratio": 0.2138662066,
        "operatingIncome": 202200000,
        "operatingIncomeRatio": 0.1937895342,
        "totalOtherIncomeExpensesNet": -56800000,
        "incomeBeforeTax": 145400000,
        "incomeBeforeTaxRatio": 0.1393521181,
        "incomeTaxExpense": 54000000,
        "netIncome": 99500000,
        "netIncomeRatio": 0.0953613188,
        "eps": 0.9,
        "epsdiluted": 0.9,
        "weightedAverageShsOut": 110700000,
        "weightedAverageShsOutDil": 110700000,
        "link": "https://www.sec.gov/Archives/edgar/data/858339/000104746903036509/a2121927z10-q.htm",
        "finalLink": "https://www.sec.gov/Archives/edgar/data/858339/000104746903036509/a2121927z10-q.htm"
    },
    {
        "date": "2003-06-30",
        "symbol": "CZR",
        "reportedCurrency": "USD",
        "cik": "0001590895",
        "fillingDate": "2003-08-07",
        "acceptedDate": "2003-08-07 16:57:01",
        "calendarYear": "2003",
        "period": "Q2",
        "revenue": 896300000,
        "costOfRevenue": 461000000,
        "grossProfit": 435300000,
        "grossProfitRatio": 0.4856632824,
        "researchAndDevelopmentExpenses": 0,
        "generalAndAdministrativeExpenses": 428400000,
        "sellingAndMarketingExpenses": -152300000,
        "sellingGeneralAndAdministrativeExpenses": 276100000,
        "otherExpenses": 0,
        "operatingExpenses": 276100000,
        "costAndExpenses": 737100000,
        "interestIncome": 0,
        "interestExpense": -666000,
        "depreciationAndAmortization": 85400000,
        "ebitda": 199834000,
        "ebitdaratio": 0.222954368,
        "operatingIncome": 159200000,
        "operatingIncomeRatio": 0.1776191007,
        "totalOtherIncomeExpensesNet": -53400000,
        "incomeBeforeTax": 105800000,
        "incomeBeforeTaxRatio": 0.1180408345,
        "incomeTaxExpense": 38400000,
        "netIncome": 76700000,
        "netIncomeRatio": 0.0855740266,
        "eps": 0.69,
        "epsdiluted": 0.69,
        "weightedAverageShsOut": 110900000,
        "weightedAverageShsOutDil": 110900000,
        "link": "https://www.sec.gov/Archives/edgar/data/858339/000104746903026628/a2115958z10-q.htm",
        "finalLink": "https://www.sec.gov/Archives/edgar/data/858339/000104746903026628/a2115958z10-q.htm"
    },
    {
        "date": "2003-03-31",
        "symbol": "CZR",
        "reportedCurrency": "USD",
        "cik": "0001590895",
        "fillingDate": "2003-05-08",
        "acceptedDate": "2003-05-08 17:14:34",
        "calendarYear": "2003",
        "period": "Q1",
        "revenue": 1058900000,
        "costOfRevenue": 552800000,
        "grossProfit": 506100000,
        "grossProfitRatio": 0.4779488148,
        "researchAndDevelopmentExpenses": 0,
        "generalAndAdministrativeExpenses": 12600000,
        "sellingAndMarketingExpenses": 303100000,
        "sellingGeneralAndAdministrativeExpenses": 315700000,
        "otherExpenses": 0,
        "operatingExpenses": 315700000,
        "costAndExpenses": 868500000,
        "interestIncome": 0,
        "interestExpense": 58874000,
        "depreciationAndAmortization": 84800000,
        "ebitda": 273574000,
        "ebitdaratio": 0.2583567853,
        "operatingIncome": 190400000,
        "operatingIncomeRatio": 0.179809236,
        "totalOtherIncomeExpensesNet": -58200000,
        "incomeBeforeTax": 132200000,
        "incomeBeforeTaxRatio": 0.1248465389,
        "incomeTaxExpense": 48800000,
        "netIncome": 81100000,
        "netIncomeRatio": 0.076588913,
        "eps": 0.74,
        "epsdiluted": 0.74,
        "weightedAverageShsOut": 110100000,
        "weightedAverageShsOutDil": 110100000,
        "link": "https://www.sec.gov/Archives/edgar/data/858339/000104746903017572/a2110255z10-q.htm",
        "finalLink": "https://www.sec.gov/Archives/edgar/data/858339/000104746903017572/a2110255z10-q.htm"
    },
    {
        "date": "2002-12-31",
        "symbol": "CZR",
        "reportedCurrency": "USD",
        "cik": "0001590895",
        "fillingDate": "2002-12-31",
        "acceptedDate": "2002-12-30 19:00:00",
        "calendarYear": "2002",
        "period": "Q4",
        "revenue": 1007700000,
        "costOfRevenue": 539200000,
        "grossProfit": 468500000,
        "grossProfitRatio": 0.4649201151,
        "researchAndDevelopmentExpenses": 0,
        "generalAndAdministrativeExpenses": 17700000,
        "sellingAndMarketingExpenses": 305400000,
        "sellingGeneralAndAdministrativeExpenses": 323100000,
        "otherExpenses": 0,
        "operatingExpenses": 323100000,
        "costAndExpenses": 862300000,
        "interestIncome": 0,
        "interestExpense": -59600000,
        "depreciationAndAmortization": 53000000,
        "ebitda": 79800000,
        "ebitdaratio": 0.0791902352,
        "operatingIncome": 145400000,
        "operatingIncomeRatio": 0.1442889749,
        "totalOtherIncomeExpensesNet": -56600000,
        "incomeBeforeTax": 88800000,
        "incomeBeforeTaxRatio": 0.0881214647,
        "incomeTaxExpense": 32500000,
        "netIncome": 53900000,
        "netIncomeRatio": 0.0534881413,
        "eps": 0.48,
        "epsdiluted": 0.48,
        "weightedAverageShsOut": 111600000,
        "weightedAverageShsOutDil": 111600000,
        "link": "",
        "finalLink": ""
    },
    {
        "date": "2002-09-30",
        "symbol": "CZR",
        "reportedCurrency": "USD",
        "cik": "0001590895",
        "fillingDate": "2002-09-30",
        "acceptedDate": "2002-09-29 20:00:00",
        "calendarYear": "2002",
        "period": "Q3",
        "revenue": 1114600000,
        "costOfRevenue": 563700000,
        "grossProfit": 550900000,
        "grossProfitRatio": 0.4942580298,
        "researchAndDevelopmentExpenses": 0,
        "generalAndAdministrativeExpenses": 16500000,
        "sellingAndMarketingExpenses": 306800000,
        "sellingGeneralAndAdministrativeExpenses": 323300000,
        "otherExpenses": 0,
        "operatingExpenses": 323300000,
        "costAndExpenses": 887000000,
        "interestIncome": 0,
        "interestExpense": -60700000,
        "depreciationAndAmortization": 89200000,
        "ebitda": 190500000,
        "ebitdaratio": 0.1709133321,
        "operatingIncome": 227700000,
        "operatingIncomeRatio": 0.204288534,
        "totalOtherIncomeExpensesNet": -62700000,
        "incomeBeforeTax": 165000000,
        "incomeBeforeTaxRatio": 0.1480351696,
        "incomeTaxExpense": 61000000,
        "netIncome": 101000000,
        "netIncomeRatio": 0.0906154674,
        "eps": 0.89,
        "epsdiluted": 0.89,
        "weightedAverageShsOut": 113000000,
        "weightedAverageShsOutDil": 113000000,
        "link": "",
        "finalLink": ""
    },
    {
        "date": "2002-06-30",
        "symbol": "CZR",
        "reportedCurrency": "USD",
        "cik": "0001590895",
        "fillingDate": "2002-06-30",
        "acceptedDate": "2002-06-29 20:00:00",
        "calendarYear": "2002",
        "period": "Q2",
        "revenue": 1011900000,
        "costOfRevenue": 514900000,
        "grossProfit": 497000000,
        "grossProfitRatio": 0.4911552525,
        "researchAndDevelopmentExpenses": 0,
        "generalAndAdministrativeExpenses": 12800000,
        "sellingAndMarketingExpenses": 282500000,
        "sellingGeneralAndAdministrativeExpenses": 295300000,
        "otherExpenses": 0,
        "operatingExpenses": 295300000,
        "costAndExpenses": 810200000,
        "interestIncome": 0,
        "interestExpense": -58500000,
        "depreciationAndAmortization": 82100000,
        "ebitda": 163600000,
        "ebitdaratio": 0.1616760549,
        "operatingIncome": 201700000,
        "operatingIncomeRatio": 0.1993279968,
        "totalOtherIncomeExpensesNet": -59300000,
        "incomeBeforeTax": 142400000,
        "incomeBeforeTaxRatio": 0.1407253681,
        "incomeTaxExpense": 53900000,
        "netIncome": 86100000,
        "netIncomeRatio": 0.0850874592,
        "eps": 0.75,
        "epsdiluted": 0.75,
        "weightedAverageShsOut": 115100000,
        "weightedAverageShsOutDil": 115100000,
        "link": "",
        "finalLink": ""
    },
    {
        "date": "2002-03-31",
        "symbol": "CZR",
        "reportedCurrency": "USD",
        "cik": "0001590895",
        "fillingDate": "2002-03-31",
        "acceptedDate": "2002-03-30 19:00:00",
        "calendarYear": "2002",
        "period": "Q1",
        "revenue": 964300000,
        "costOfRevenue": 483100000,
        "grossProfit": 481200000,
        "grossProfitRatio": 0.4990148294,
        "researchAndDevelopmentExpenses": 0,
        "generalAndAdministrativeExpenses": 11500000,
        "sellingAndMarketingExpenses": 272600000,
        "sellingGeneralAndAdministrativeExpenses": 284100000,
        "otherExpenses": 0,
        "operatingExpenses": 284100000,
        "costAndExpenses": 767200000,
        "interestIncome": 0,
        "interestExpense": -61400000,
        "depreciationAndAmortization": 80300000,
        "ebitda": 62000000,
        "ebitdaratio": 0.0642953438,
        "operatingIncome": 197100000,
        "operatingIncomeRatio": 0.2043969719,
        "totalOtherIncomeExpensesNet": -59500000,
        "incomeBeforeTax": 74800000,
        "incomeBeforeTaxRatio": 0.0775692212,
        "incomeTaxExpense": 49100000,
        "netIncome": -6000000,
        "netIncomeRatio": -0.00622213,
        "eps": -0.0524,
        "epsdiluted": -0.0524,
        "weightedAverageShsOut": 114400000,
        "weightedAverageShsOutDil": 114400000,
        "link": "",
        "finalLink": ""
    },
    {
        "date": "2001-12-31",
        "symbol": "CZR",
        "reportedCurrency": "USD",
        "cik": "0001590895",
        "fillingDate": "2001-12-31",
        "acceptedDate": "2001-12-30 19:00:00",
        "calendarYear": "2001",
        "period": "Q4",
        "revenue": 960600000,
        "costOfRevenue": 431300000,
        "grossProfit": 529300000,
        "grossProfitRatio": 0.5510097856,
        "researchAndDevelopmentExpenses": 0,
        "generalAndAdministrativeExpenses": 17900000,
        "sellingAndMarketingExpenses": 377300000,
        "sellingGeneralAndAdministrativeExpenses": 395200000,
        "otherExpenses": 0,
        "operatingExpenses": 395200000,
        "costAndExpenses": 826500000,
        "interestIncome": 0,
        "interestExpense": -64700000,
        "depreciationAndAmortization": 77700000,
        "ebitda": 105700000,
        "ebitdaratio": 0.1100353945,
        "operatingIncome": 134100000,
        "operatingIncomeRatio": 0.1396002498,
        "totalOtherIncomeExpensesNet": -41200000,
        "incomeBeforeTax": 90500000,
        "incomeBeforeTaxRatio": 0.0942119509,
        "incomeTaxExpense": 33400000,
        "netIncome": 55100000,
        "netIncomeRatio": 0.0573599833,
        "eps": 0.49,
        "epsdiluted": 0.49,
        "weightedAverageShsOut": 111600000,
        "weightedAverageShsOutDil": 111600000,
        "link": "",
        "finalLink": ""
    },
    {
        "date": "2001-09-30",
        "symbol": "CZR",
        "reportedCurrency": "USD",
        "cik": "0001590895",
        "fillingDate": "2001-09-30",
        "acceptedDate": "2001-09-29 20:00:00",
        "calendarYear": "2001",
        "period": "Q3",
        "revenue": 1007800000,
        "costOfRevenue": 515200000,
        "grossProfit": 492600000,
        "grossProfitRatio": 0.4887874578,
        "researchAndDevelopmentExpenses": 0,
        "generalAndAdministrativeExpenses": 16300000,
        "sellingAndMarketingExpenses": 315700000,
        "sellingGeneralAndAdministrativeExpenses": 332000000,
        "otherExpenses": 0,
        "operatingExpenses": 332000000,
        "costAndExpenses": 847200000,
        "interestIncome": 0,
        "interestExpense": -63700000,
        "depreciationAndAmortization": 90900000,
        "ebitda": 130800000,
        "ebitdaratio": 0.1297876563,
        "operatingIncome": 160600000,
        "operatingIncomeRatio": 0.1593570153,
        "totalOtherIncomeExpensesNet": -58600000,
        "incomeBeforeTax": 102000000,
        "incomeBeforeTaxRatio": 0.1012105577,
        "incomeTaxExpense": 37500000,
        "netIncome": 61900000,
        "netIncomeRatio": 0.0614209168,
        "eps": 0.54,
        "epsdiluted": 0.54,
        "weightedAverageShsOut": 115100000,
        "weightedAverageShsOutDil": 115100000,
        "link": "",
        "finalLink": ""
    },
    {
        "date": "2001-06-30",
        "symbol": "CZR",
        "reportedCurrency": "USD",
        "cik": "0001590895",
        "fillingDate": "2001-06-30",
        "acceptedDate": "2001-06-29 20:00:00",
        "calendarYear": "2001",
        "period": "Q2",
        "revenue": 873400000,
        "costOfRevenue": 450800000,
        "grossProfit": 422600000,
        "grossProfitRatio": 0.4838561942,
        "researchAndDevelopmentExpenses": 0,
        "generalAndAdministrativeExpenses": 15700000,
        "sellingAndMarketingExpenses": 265200000,
        "sellingGeneralAndAdministrativeExpenses": 280900000,
        "otherExpenses": 0,
        "operatingExpenses": 280900000,
        "costAndExpenses": 731700000,
        "interestIncome": 0,
        "interestExpense": -68600000,
        "depreciationAndAmortization": 75100000,
        "ebitda": 87600000,
        "ebitdaratio": 0.1002976872,
        "operatingIncome": 141700000,
        "operatingIncomeRatio": 0.1622395237,
        "totalOtherIncomeExpensesNet": -62400000,
        "incomeBeforeTax": 79300000,
        "incomeBeforeTaxRatio": 0.0907945958,
        "incomeTaxExpense": 29000000,
        "netIncome": 47900000,
        "netIncomeRatio": 0.0548431417,
        "eps": 0.4,
        "epsdiluted": 0.4,
        "weightedAverageShsOut": 119000000,
        "weightedAverageShsOutDil": 119000000,
        "link": "",
        "finalLink": ""
    },
    {
        "date": "2001-03-31",
        "symbol": "CZR",
        "reportedCurrency": "USD",
        "cik": "0001590895",
        "fillingDate": "2001-03-31",
        "acceptedDate": "2001-03-30 19:00:00",
        "calendarYear": "2001",
        "period": "Q1",
        "revenue": 867200000,
        "costOfRevenue": 443800000,
        "grossProfit": 423400000,
        "grossProfitRatio": 0.4882380074,
        "researchAndDevelopmentExpenses": 0,
        "generalAndAdministrativeExpenses": 15900000,
        "sellingAndMarketingExpenses": 263000000,
        "sellingGeneralAndAdministrativeExpenses": 278900000,
        "otherExpenses": 0,
        "operatingExpenses": 278900000,
        "costAndExpenses": 722700000,
        "interestIncome": 0,
        "interestExpense": -63900000,
        "depreciationAndAmortization": 83900000,
        "ebitda": 95100000,
        "ebitdaratio": 0.1096632841,
        "operatingIncome": 144500000,
        "operatingIncomeRatio": 0.1666282288,
        "totalOtherIncomeExpensesNet": -70300000,
        "incomeBeforeTax": 71800000,
        "incomeBeforeTaxRatio": 0.082795203,
        "incomeTaxExpense": 26800000,
        "netIncome": 44100000,
        "netIncomeRatio": 0.050853321,
        "eps": 0.38,
        "epsdiluted": 0.38,
        "weightedAverageShsOut": 117100000,
        "weightedAverageShsOutDil": 117100000,
        "link": "",
        "finalLink": ""
    },
    {
        "date": "2000-12-31",
        "symbol": "CZR",
        "reportedCurrency": "USD",
        "cik": "0001590895",
        "fillingDate": "2000-12-31",
        "acceptedDate": "2000-12-30 19:00:00",
        "calendarYear": "2000",
        "period": "Q4",
        "revenue": 723400000,
        "costOfRevenue": 325200000,
        "grossProfit": 398200000,
        "grossProfitRatio": 0.5504561792,
        "researchAndDevelopmentExpenses": 0,
        "generalAndAdministrativeExpenses": 14700000,
        "sellingAndMarketingExpenses": 513300000,
        "sellingGeneralAndAdministrativeExpenses": 528000000,
        "otherExpenses": 0,
        "operatingExpenses": 528000000,
        "costAndExpenses": 853200000,
        "interestIncome": 0,
        "interestExpense": -100900000,
        "depreciationAndAmortization": 77300000,
        "ebitda": -256900000,
        "ebitdaratio": -0.3551285596,
        "operatingIncome": -129800000,
        "operatingIncomeRatio": -0.1794304672,
        "totalOtherIncomeExpensesNet": -104700000,
        "incomeBeforeTax": -234500000,
        "incomeBeforeTaxRatio": -0.3241636716,
        "incomeTaxExpense": -75500000,
        "netIncome": -161300000,
        "netIncomeRatio": -0.222974841,
        "eps": -1.41,
        "epsdiluted": -1.41,
        "weightedAverageShsOut": 114000000,
        "weightedAverageShsOutDil": 114000000,
        "link": "",
        "finalLink": ""
    },
    {
        "date": "2000-09-30",
        "symbol": "CZR",
        "reportedCurrency": "USD",
        "cik": "0001590895",
        "fillingDate": "2000-09-30",
        "acceptedDate": "2000-09-29 20:00:00",
        "calendarYear": "2000",
        "period": "Q3",
        "revenue": 949900000,
        "costOfRevenue": 472300000,
        "grossProfit": 477600000,
        "grossProfitRatio": 0.5027897673,
        "researchAndDevelopmentExpenses": 0,
        "generalAndAdministrativeExpenses": 14500000,
        "sellingAndMarketingExpenses": 287000000,
        "sellingGeneralAndAdministrativeExpenses": 301500000,
        "otherExpenses": 0,
        "operatingExpenses": 301500000,
        "costAndExpenses": 773800000,
        "interestIncome": 0,
        "interestExpense": -59300000,
        "depreciationAndAmortization": 74400000,
        "ebitda": 134300000,
        "ebitdaratio": 0.1413833035,
        "operatingIncome": 176100000,
        "operatingIncomeRatio": 0.1853879356,
        "totalOtherIncomeExpensesNet": -56400000,
        "incomeBeforeTax": 119700000,
        "incomeBeforeTaxRatio": 0.1260132646,
        "incomeTaxExpense": 43700000,
        "netIncome": 72000000,
        "netIncomeRatio": 0.0757974524,
        "eps": 0.61,
        "epsdiluted": 0.61,
        "weightedAverageShsOut": 117400000,
        "weightedAverageShsOutDil": 117400000,
        "link": "",
        "finalLink": ""
    },
    {
        "date": "2000-06-30",
        "symbol": "CZR",
        "reportedCurrency": "USD",
        "cik": "0001590895",
        "fillingDate": "2000-06-30",
        "acceptedDate": "2000-06-29 20:00:00",
        "calendarYear": "2000",
        "period": "Q2",
        "revenue": 876200000,
        "costOfRevenue": 451000000,
        "grossProfit": 425200000,
        "grossProfitRatio": 0.4852773339,
        "researchAndDevelopmentExpenses": 0,
        "generalAndAdministrativeExpenses": 16000000,
        "sellingAndMarketingExpenses": 272800000,
        "sellingGeneralAndAdministrativeExpenses": 288800000,
        "otherExpenses": 0,
        "operatingExpenses": 288800000,
        "costAndExpenses": 739800000,
        "interestIncome": 0,
        "interestExpense": -58100000,
        "depreciationAndAmortization": 73600000,
        "ebitda": 94100000,
        "ebitdaratio": 0.1073955718,
        "operatingIncome": 136300000,
        "operatingIncomeRatio": 0.1555580918,
        "totalOtherIncomeExpensesNet": -56900000,
        "incomeBeforeTax": 79400000,
        "incomeBeforeTaxRatio": 0.0906185802,
        "incomeTaxExpense": 28600000,
        "netIncome": 46500000,
        "netIncomeRatio": 0.0530700753,
        "eps": 0.39,
        "epsdiluted": 0.39,
        "weightedAverageShsOut": 120000000,
        "weightedAverageShsOutDil": 120000000,
        "link": "",
        "finalLink": ""
    },
    {
        "date": "2000-03-31",
        "symbol": "CZR",
        "reportedCurrency": "USD",
        "cik": "0001590895",
        "fillingDate": "2000-03-31",
        "acceptedDate": "2000-03-30 19:00:00",
        "calendarYear": "2000",
        "period": "Q1",
        "revenue": 780300000,
        "costOfRevenue": 401600000,
        "grossProfit": 378700000,
        "grossProfitRatio": 0.4853261566,
        "researchAndDevelopmentExpenses": 2200000,
        "generalAndAdministrativeExpenses": 11300000,
        "sellingAndMarketingExpenses": 265100000,
        "sellingGeneralAndAdministrativeExpenses": 276400000,
        "otherExpenses": 0,
        "operatingExpenses": 278600000,
        "costAndExpenses": 680200000,
        "interestIncome": 0,
        "interestExpense": -50500000,
        "depreciationAndAmortization": 56800000,
        "ebitda": 59100000,
        "ebitdaratio": 0.0757401,
        "operatingIncome": 100100000,
        "operatingIncomeRatio": 0.1282839933,
        "totalOtherIncomeExpensesNet": -46800000,
        "incomeBeforeTax": 53300000,
        "incomeBeforeTaxRatio": 0.0683070614,
        "incomeTaxExpense": 18600000,
        "netIncome": 30700000,
        "netIncomeRatio": 0.0393438421,
        "eps": 0.25,
        "epsdiluted": 0.25,
        "weightedAverageShsOut": 123300000,
        "weightedAverageShsOutDil": 123300000,
        "link": "",
        "finalLink": ""
    },
    {
        "date": "1999-12-31",
        "symbol": "CZR",
        "reportedCurrency": "USD",
        "cik": "0001590895",
        "fillingDate": "1999-12-31",
        "acceptedDate": "1999-12-30 19:00:00",
        "calendarYear": "1999",
        "period": "Q4",
        "revenue": 747600000,
        "costOfRevenue": 369100000,
        "grossProfit": 378500000,
        "grossProfitRatio": 0.5062867844,
        "researchAndDevelopmentExpenses": 2400000,
        "generalAndAdministrativeExpenses": 11100000,
        "sellingAndMarketingExpenses": 275800000,
        "sellingGeneralAndAdministrativeExpenses": 286900000,
        "otherExpenses": 0,
        "operatingExpenses": 289300000,
        "costAndExpenses": 658400000,
        "interestIncome": 0,
        "interestExpense": -2100000,
        "depreciationAndAmortization": 46300000,
        "ebitda": 134100000,
        "ebitdaratio": 0.1793739968,
        "operatingIncome": 89100000,
        "operatingIncomeRatio": 0.1191813804,
        "totalOtherIncomeExpensesNet": 4100000,
        "incomeBeforeTax": 93200000,
        "incomeBeforeTaxRatio": 0.1246655966,
        "incomeTaxExpense": 30700000,
        "netIncome": 59200000,
        "netIncomeRatio": 0.0791867309,
        "eps": 0.45,
        "epsdiluted": 0.45,
        "weightedAverageShsOut": 131500000,
        "weightedAverageShsOutDil": 131500000,
        "link": "",
        "finalLink": ""
    },
    {
        "date": "1999-09-30",
        "symbol": "CZR",
        "reportedCurrency": "USD",
        "cik": "0001590895",
        "fillingDate": "1999-09-30",
        "acceptedDate": "1999-09-29 20:00:00",
        "calendarYear": "1999",
        "period": "Q3",
        "revenue": 814100000,
        "costOfRevenue": 409100000,
        "grossProfit": 405000000,
        "grossProfitRatio": 0.4974818818,
        "researchAndDevelopmentExpenses": 1900000,
        "generalAndAdministrativeExpenses": 12100000,
        "sellingAndMarketingExpenses": 235000000,
        "sellingGeneralAndAdministrativeExpenses": 247100000,
        "otherExpenses": 0,
        "operatingExpenses": 249000000,
        "costAndExpenses": 658100000,
        "interestIncome": 0,
        "interestExpense": -31900000,
        "depreciationAndAmortization": 61600000,
        "ebitda": 149200000,
        "ebitdaratio": 0.1832698686,
        "operatingIncome": 155900000,
        "operatingIncomeRatio": 0.1914998157,
        "totalOtherIncomeExpensesNet": -32500000,
        "incomeBeforeTax": 123400000,
        "incomeBeforeTaxRatio": 0.1515784302,
        "incomeTaxExpense": 44900000,
        "netIncome": 74600000,
        "netIncomeRatio": 0.0916349343,
        "eps": 0.58,
        "epsdiluted": 0.58,
        "weightedAverageShsOut": 129400000,
        "weightedAverageShsOutDil": 129400000,
        "link": "",
        "finalLink": ""
    },
    {
        "date": "1999-06-30",
        "symbol": "CZR",
        "reportedCurrency": "USD",
        "cik": "0001590895",
        "fillingDate": "1999-06-30",
        "acceptedDate": "1999-06-29 20:00:00",
        "calendarYear": "1999",
        "period": "Q2",
        "revenue": 751100000,
        "costOfRevenue": 386400000,
        "grossProfit": 364700000,
        "grossProfitRatio": 0.48555452,
        "researchAndDevelopmentExpenses": 1500000,
        "generalAndAdministrativeExpenses": 13500000,
        "sellingAndMarketingExpenses": 226200000,
        "sellingGeneralAndAdministrativeExpenses": 239700000,
        "otherExpenses": 0,
        "operatingExpenses": 241200000,
        "costAndExpenses": 627600000,
        "interestIncome": 0,
        "interestExpense": -48700000,
        "depreciationAndAmortization": 56600000,
        "ebitda": 89400000,
        "ebitdaratio": 0.1190254294,
        "operatingIncome": 123500000,
        "operatingIncomeRatio": 0.1644255093,
        "totalOtherIncomeExpensesNet": -44300000,
        "incomeBeforeTax": 79200000,
        "incomeBeforeTaxRatio": 0.1054453468,
        "incomeTaxExpense": 28700000,
        "netIncome": 40500000,
        "netIncomeRatio": 0.053920916,
        "eps": 0.31,
        "epsdiluted": 0.31,
        "weightedAverageShsOut": 129000000,
        "weightedAverageShsOutDil": 129000000,
        "link": "",
        "finalLink": ""
    },
    {
        "date": "1999-03-31",
        "symbol": "CZR",
        "reportedCurrency": "USD",
        "cik": "0001590895",
        "fillingDate": "1999-03-31",
        "acceptedDate": "1999-03-30 19:00:00",
        "calendarYear": "1999",
        "period": "Q1",
        "revenue": 711700000,
        "costOfRevenue": 375400000,
        "grossProfit": 336300000,
        "grossProfitRatio": 0.4725305606,
        "researchAndDevelopmentExpenses": 800000,
        "generalAndAdministrativeExpenses": 8300000,
        "sellingAndMarketingExpenses": 214700000,
        "sellingGeneralAndAdministrativeExpenses": 223000000,
        "otherExpenses": 0,
        "operatingExpenses": 223800000,
        "costAndExpenses": 599200000,
        "interestIncome": 0,
        "interestExpense": -50900000,
        "depreciationAndAmortization": 53800000,
        "ebitda": 61600000,
        "ebitdaratio": 0.086553323,
        "operatingIncome": 112500000,
        "operatingIncomeRatio": 0.1580722214,
        "totalOtherIncomeExpensesNet": -48700000,
        "incomeBeforeTax": 63800000,
        "incomeBeforeTaxRatio": 0.0896445131,
        "incomeTaxExpense": 24600000,
        "netIncome": 34100000,
        "netIncomeRatio": 0.0479134467,
        "eps": 0.27,
        "epsdiluted": 0.27,
        "weightedAverageShsOut": 126800000,
        "weightedAverageShsOutDil": 126800000,
        "link": "",
        "finalLink": ""
    },
    {
        "date": "1998-12-31",
        "symbol": "CZR",
        "reportedCurrency": "USD",
        "cik": "0001590895",
        "fillingDate": "1998-12-31",
        "acceptedDate": "1998-12-30 19:00:00",
        "calendarYear": "1998",
        "period": "Q4",
        "revenue": 524700000,
        "costOfRevenue": 257400000,
        "grossProfit": 267300000,
        "grossProfitRatio": 0.5094339623,
        "researchAndDevelopmentExpenses": 2400000,
        "generalAndAdministrativeExpenses": 13800000,
        "sellingAndMarketingExpenses": 202400000,
        "sellingGeneralAndAdministrativeExpenses": 216200000,
        "otherExpenses": 0,
        "operatingExpenses": 218600000,
        "costAndExpenses": 476000000,
        "interestIncome": 0,
        "interestExpense": -35900000,
        "depreciationAndAmortization": 44600000,
        "ebitda": 32500000,
        "ebitdaratio": 0.0619401563,
        "operatingIncome": 48700000,
        "operatingIncomeRatio": 0.0928149419,
        "totalOtherIncomeExpensesNet": -22100000,
        "incomeBeforeTax": 26200000,
        "incomeBeforeTaxRatio": 0.0499332952,
        "incomeTaxExpense": 10000000,
        "netIncome": 14200000,
        "netIncomeRatio": 0.0270630837,
        "eps": 0.14,
        "epsdiluted": 0.14,
        "weightedAverageShsOut": 102200000,
        "weightedAverageShsOutDil": 102200000,
        "link": "",
        "finalLink": ""
    },
    {
        "date": "1998-09-30",
        "symbol": "CZR",
        "reportedCurrency": "USD",
        "cik": "0001590895",
        "fillingDate": "1998-09-30",
        "acceptedDate": "1998-09-29 20:00:00",
        "calendarYear": "1998",
        "period": "Q3",
        "revenue": 586200000,
        "costOfRevenue": 299800000,
        "grossProfit": 286400000,
        "grossProfitRatio": 0.4885704538,
        "researchAndDevelopmentExpenses": 2700000,
        "generalAndAdministrativeExpenses": 10600000,
        "sellingAndMarketingExpenses": 163900000,
        "sellingGeneralAndAdministrativeExpenses": 174500000,
        "otherExpenses": 0,
        "operatingExpenses": 177200000,
        "costAndExpenses": 477000000,
        "interestIncome": 0,
        "interestExpense": -36400000,
        "depreciationAndAmortization": 42800000,
        "ebitda": 77700000,
        "ebitdaratio": 0.1325486182,
        "operatingIncome": 109200000,
        "operatingIncomeRatio": 0.1862845445,
        "totalOtherIncomeExpensesNet": -36100000,
        "incomeBeforeTax": 73100000,
        "incomeBeforeTaxRatio": 0.1247014671,
        "incomeTaxExpense": 27500000,
        "netIncome": 44200000,
        "netIncomeRatio": 0.0754008871,
        "eps": 0.44,
        "epsdiluted": 0.44,
        "weightedAverageShsOut": 100900000,
        "weightedAverageShsOutDil": 100900000,
        "link": "",
        "finalLink": ""
    },
    {
        "date": "1998-06-30",
        "symbol": "CZR",
        "reportedCurrency": "USD",
        "cik": "0001590895",
        "fillingDate": "1998-06-30",
        "acceptedDate": "1998-06-29 20:00:00",
        "calendarYear": "1998",
        "period": "Q2",
        "revenue": 478600000,
        "costOfRevenue": 258500000,
        "grossProfit": 220100000,
        "grossProfitRatio": 0.4598829921,
        "researchAndDevelopmentExpenses": 2100000,
        "generalAndAdministrativeExpenses": 12300000,
        "sellingAndMarketingExpenses": 133900000,
        "sellingGeneralAndAdministrativeExpenses": 146200000,
        "otherExpenses": 0,
        "operatingExpenses": 148300000,
        "costAndExpenses": 406800000,
        "interestIncome": 0,
        "interestExpense": -12500000,
        "depreciationAndAmortization": 38500000,
        "ebitda": 87900000,
        "ebitdaratio": 0.183660677,
        "operatingIncome": 71900000,
        "operatingIncomeRatio": 0.150229837,
        "totalOtherIncomeExpensesNet": -11100000,
        "incomeBeforeTax": 60400000,
        "incomeBeforeTaxRatio": 0.1262014208,
        "incomeTaxExpense": 22400000,
        "netIncome": 20400000,
        "netIncomeRatio": 0.0426243209,
        "eps": 0.2,
        "epsdiluted": 0.2,
        "weightedAverageShsOut": 101700000,
        "weightedAverageShsOutDil": 101700000,
        "link": "",
        "finalLink": ""
    },
    {
        "date": "1998-03-31",
        "symbol": "CZR",
        "reportedCurrency": "USD",
        "cik": "0001590895",
        "fillingDate": "1998-03-31",
        "acceptedDate": "1998-03-30 19:00:00",
        "calendarYear": "1998",
        "period": "Q1",
        "revenue": 414400000,
        "costOfRevenue": 211400000,
        "grossProfit": 203000000,
        "grossProfitRatio": 0.4898648649,
        "researchAndDevelopmentExpenses": 1800000,
        "generalAndAdministrativeExpenses": 9300000,
        "sellingAndMarketingExpenses": 133900000,
        "sellingGeneralAndAdministrativeExpenses": 143200000,
        "otherExpenses": 0,
        "operatingExpenses": 145000000,
        "costAndExpenses": 356400000,
        "interestIncome": 0,
        "interestExpense": -19300000,
        "depreciationAndAmortization": 33300000,
        "ebitda": 53100000,
        "ebitdaratio": 0.1281370656,
        "operatingIncome": 58100000,
        "operatingIncomeRatio": 0.1402027027,
        "totalOtherIncomeExpensesNet": -15200000,
        "incomeBeforeTax": 42500000,
        "incomeBeforeTaxRatio": 0.1025579151,
        "incomeTaxExpense": 16300000,
        "netIncome": 23200000,
        "netIncomeRatio": 0.055984556,
        "eps": 0.23,
        "epsdiluted": 0.23,
        "weightedAverageShsOut": 101200000,
        "weightedAverageShsOutDil": 101200000,
        "link": "",
        "finalLink": ""
    },
    {
        "date": "1997-12-31",
        "symbol": "CZR",
        "reportedCurrency": "USD",
        "cik": "0001590895",
        "fillingDate": "1997-12-31",
        "acceptedDate": "1997-12-30 19:00:00",
        "calendarYear": "1997",
        "period": "Q4",
        "revenue": 398000000,
        "costOfRevenue": 209700000,
        "grossProfit": 188300000,
        "grossProfitRatio": 0.4731155779,
        "researchAndDevelopmentExpenses": 0,
        "generalAndAdministrativeExpenses": 4900000,
        "sellingAndMarketingExpenses": 144100000,
        "sellingGeneralAndAdministrativeExpenses": 149000000,
        "otherExpenses": 0,
        "operatingExpenses": 149000000,
        "costAndExpenses": 358700000,
        "interestIncome": 0,
        "interestExpense": -21200000,
        "depreciationAndAmortization": 32700000,
        "ebitda": 31400000,
        "ebitdaratio": 0.0788944724,
        "operatingIncome": 39300000,
        "operatingIncomeRatio": 0.0987437186,
        "totalOtherIncomeExpensesNet": -17700000,
        "incomeBeforeTax": 21600000,
        "incomeBeforeTaxRatio": 0.0542713568,
        "incomeTaxExpense": 8000000,
        "netIncome": 12100000,
        "netIncomeRatio": 0.0304020101,
        "eps": 0.12,
        "epsdiluted": 0.12,
        "weightedAverageShsOut": 101000000,
        "weightedAverageShsOutDil": 101000000,
        "link": "",
        "finalLink": ""
    },
    {
        "date": "1997-09-30",
        "symbol": "CZR",
        "reportedCurrency": "USD",
        "cik": "0001590895",
        "fillingDate": "1997-09-30",
        "acceptedDate": "1997-09-29 20:00:00",
        "calendarYear": "1997",
        "period": "Q3",
        "revenue": 438200000,
        "costOfRevenue": 215500000,
        "grossProfit": 222700000,
        "grossProfitRatio": 0.5082154267,
        "researchAndDevelopmentExpenses": 0,
        "generalAndAdministrativeExpenses": 6600000,
        "sellingAndMarketingExpenses": 148400000,
        "sellingGeneralAndAdministrativeExpenses": 155000000,
        "otherExpenses": 0,
        "operatingExpenses": 155000000,
        "costAndExpenses": 370500000,
        "interestIncome": 0,
        "interestExpense": -19800000,
        "depreciationAndAmortization": 31300000,
        "ebitda": 97100000,
        "ebitdaratio": 0.2215883158,
        "operatingIncome": 67700000,
        "operatingIncomeRatio": 0.1544956641,
        "totalOtherIncomeExpensesNet": 19800000,
        "incomeBeforeTax": 87500000,
        "incomeBeforeTaxRatio": 0.1996805112,
        "incomeTaxExpense": 32900000,
        "netIncome": 52900000,
        "netIncomeRatio": 0.1207211319,
        "eps": 0.52,
        "epsdiluted": 0.52,
        "weightedAverageShsOut": 100800000,
        "weightedAverageShsOutDil": 100800000,
        "link": "",
        "finalLink": ""
    },
    {
        "date": "1997-06-30",
        "symbol": "CZR",
        "reportedCurrency": "USD",
        "cik": "0001590895",
        "fillingDate": "1997-06-30",
        "acceptedDate": "1997-06-29 20:00:00",
        "calendarYear": "1997",
        "period": "Q2",
        "revenue": 408900000,
        "costOfRevenue": 207500000,
        "grossProfit": 201400000,
        "grossProfitRatio": 0.4925409636,
        "researchAndDevelopmentExpenses": 0,
        "generalAndAdministrativeExpenses": 8100000,
        "sellingAndMarketingExpenses": 132100000,
        "sellingGeneralAndAdministrativeExpenses": 140200000,
        "otherExpenses": 0,
        "operatingExpenses": 140200000,
        "costAndExpenses": 347700000,
        "interestIncome": 0,
        "interestExpense": -20300000,
        "depreciationAndAmortization": 30400000,
        "ebitda": 44000000,
        "ebitdaratio": 0.1076057716,
        "operatingIncome": 61200000,
        "operatingIncomeRatio": 0.1496698459,
        "totalOtherIncomeExpensesNet": -17200000,
        "incomeBeforeTax": 44000000,
        "incomeBeforeTaxRatio": 0.1076057716,
        "incomeTaxExpense": 16900000,
        "netIncome": 17200000,
        "netIncomeRatio": 0.0420640743,
        "eps": 0.17,
        "epsdiluted": 0.17,
        "weightedAverageShsOut": 101000000,
        "weightedAverageShsOutDil": 101000000,
        "link": "",
        "finalLink": ""
    },
    {
        "date": "1997-03-31",
        "symbol": "CZR",
        "reportedCurrency": "USD",
        "cik": "0001590895",
        "fillingDate": "1997-03-31",
        "acceptedDate": "1997-03-30 19:00:00",
        "calendarYear": "1997",
        "period": "Q1",
        "revenue": 374100000,
        "costOfRevenue": 196500000,
        "grossProfit": 177600000,
        "grossProfitRatio": 0.4747393745,
        "researchAndDevelopmentExpenses": 0,
        "generalAndAdministrativeExpenses": 7600000,
        "sellingAndMarketingExpenses": 124700000,
        "sellingGeneralAndAdministrativeExpenses": 132300000,
        "otherExpenses": 0,
        "operatingExpenses": 132300000,
        "costAndExpenses": 328800000,
        "interestIncome": 0,
        "interestExpense": -17800000,
        "depreciationAndAmortization": 28000000,
        "ebitda": 38900000,
        "ebitdaratio": 0.1039828923,
        "operatingIncome": 45300000,
        "operatingIncomeRatio": 0.1210906175,
        "totalOtherIncomeExpensesNet": -14700000,
        "incomeBeforeTax": 30600000,
        "incomeBeforeTaxRatio": 0.0817963111,
        "incomeTaxExpense": 11800000,
        "netIncome": 17100000,
        "netIncomeRatio": 0.0457097033,
        "eps": 0.17,
        "epsdiluted": 0.17,
        "weightedAverageShsOut": 102200000,
        "weightedAverageShsOutDil": 102200000,
        "link": "",
        "finalLink": ""
    },
    {
        "date": "1996-12-31",
        "symbol": "CZR",
        "reportedCurrency": "USD",
        "cik": "0001590895",
        "fillingDate": "1996-12-31",
        "acceptedDate": "1996-12-30 19:00:00",
        "calendarYear": "1996",
        "period": "Q4",
        "revenue": 373300000,
        "costOfRevenue": 177600000,
        "grossProfit": 195700000,
        "grossProfitRatio": 0.524243236,
        "researchAndDevelopmentExpenses": 0,
        "generalAndAdministrativeExpenses": 11000000,
        "sellingAndMarketingExpenses": 179100000,
        "sellingGeneralAndAdministrativeExpenses": 190100000,
        "otherExpenses": 0,
        "operatingExpenses": 190100000,
        "costAndExpenses": 367700000,
        "interestIncome": 0,
        "interestExpense": -18200000,
        "depreciationAndAmortization": 25700000,
        "ebitda": -599999,
        "ebitdaratio": -0.0016072837,
        "operatingIncome": 5600000,
        "operatingIncomeRatio": 0.0150013394,
        "totalOtherIncomeExpensesNet": -15300000,
        "incomeBeforeTax": -9700000,
        "incomeBeforeTaxRatio": -0.0259844629,
        "incomeTaxExpense": -3600000,
        "netIncome": -4800000,
        "netIncomeRatio": -0.0128582909,
        "eps": -0.046,
        "epsdiluted": -0.046,
        "weightedAverageShsOut": 104400000,
        "weightedAverageShsOutDil": 104400000,
        "link": "",
        "finalLink": ""
    },
    {
        "date": "1996-09-30",
        "symbol": "CZR",
        "reportedCurrency": "USD",
        "cik": "0001590895",
        "fillingDate": "1996-09-30",
        "acceptedDate": "1996-09-29 20:00:00",
        "calendarYear": "1996",
        "period": "Q3",
        "revenue": 428700000,
        "costOfRevenue": 212400000,
        "grossProfit": 216300000,
        "grossProfitRatio": 0.5045486354,
        "researchAndDevelopmentExpenses": 0,
        "generalAndAdministrativeExpenses": 7700000,
        "sellingAndMarketingExpenses": 118700000,
        "sellingGeneralAndAdministrativeExpenses": 126400000,
        "otherExpenses": 0,
        "operatingExpenses": 126400000,
        "costAndExpenses": 338800000,
        "interestIncome": 0,
        "interestExpense": -18200000,
        "depreciationAndAmortization": 28000000,
        "ebitda": 81000000,
        "ebitdaratio": 0.188943317,
        "operatingIncome": 89900000,
        "operatingIncomeRatio": 0.2097037555,
        "totalOtherIncomeExpensesNet": -17200000,
        "incomeBeforeTax": 72700000,
        "incomeBeforeTaxRatio": 0.1695824586,
        "incomeTaxExpense": 28800000,
        "netIncome": 42400000,
        "netIncomeRatio": 0.0989036622,
        "eps": 0.41,
        "epsdiluted": 0.41,
        "weightedAverageShsOut": 103300000,
        "weightedAverageShsOutDil": 103300000,
        "link": "",
        "finalLink": ""
    },
    {
        "date": "1996-06-30",
        "symbol": "CZR",
        "reportedCurrency": "USD",
        "cik": "0001590895",
        "fillingDate": "1996-06-30",
        "acceptedDate": "1996-06-29 20:00:00",
        "calendarYear": "1996",
        "period": "Q2",
        "revenue": 401100000,
        "costOfRevenue": 201300000,
        "grossProfit": 199800000,
        "grossProfitRatio": 0.4981301421,
        "researchAndDevelopmentExpenses": 0,
        "generalAndAdministrativeExpenses": 8400000,
        "sellingAndMarketingExpenses": 122400000,
        "sellingGeneralAndAdministrativeExpenses": 130800000,
        "otherExpenses": 0,
        "operatingExpenses": 130800000,
        "costAndExpenses": 332100000,
        "interestIncome": 0,
        "interestExpense": -17000000,
        "depreciationAndAmortization": 25200000,
        "ebitda": 63300000,
        "ebitdaratio": 0.157816006,
        "operatingIncome": 69000000,
        "operatingIncomeRatio": 0.172026926,
        "totalOtherIncomeExpensesNet": -16200000,
        "incomeBeforeTax": 52800000,
        "incomeBeforeTaxRatio": 0.1316379955,
        "incomeTaxExpense": 20400000,
        "netIncome": 30000000,
        "netIncomeRatio": 0.0747943156,
        "eps": 0.29,
        "epsdiluted": 0.29,
        "weightedAverageShsOut": 103800000,
        "weightedAverageShsOutDil": 103800000,
        "link": "",
        "finalLink": ""
    },
    {
        "date": "1996-03-31",
        "symbol": "CZR",
        "reportedCurrency": "USD",
        "cik": "0001590895",
        "fillingDate": "1996-03-31",
        "acceptedDate": "1996-03-30 19:00:00",
        "calendarYear": "1996",
        "period": "Q1",
        "revenue": 382900000,
        "costOfRevenue": 189900000,
        "grossProfit": 193000000,
        "grossProfitRatio": 0.5040480543,
        "researchAndDevelopmentExpenses": 0,
        "generalAndAdministrativeExpenses": 7300000,
        "sellingAndMarketingExpenses": 113300000,
        "sellingGeneralAndAdministrativeExpenses": 120600000,
        "otherExpenses": 0,
        "operatingExpenses": 120600000,
        "costAndExpenses": 310500000,
        "interestIncome": 0,
        "interestExpense": -16600000,
        "depreciationAndAmortization": 23400000,
        "ebitda": 64300000,
        "ebitdaratio": 0.1679289632,
        "operatingIncome": 72400000,
        "operatingIncomeRatio": 0.1890833116,
        "totalOtherIncomeExpensesNet": -16000000,
        "incomeBeforeTax": 56400000,
        "incomeBeforeTaxRatio": 0.1472969444,
        "incomeTaxExpense": 21400000,
        "netIncome": 31400000,
        "netIncomeRatio": 0.0820057456,
        "eps": 0.3,
        "epsdiluted": 0.3,
        "weightedAverageShsOut": 103500000,
        "weightedAverageShsOutDil": 103500000,
        "link": "",
        "finalLink": ""
    },
    {
        "date": "1995-12-31",
        "symbol": "CZR",
        "reportedCurrency": "USD",
        "cik": "0001590895",
        "fillingDate": "1995-12-31",
        "acceptedDate": "1995-12-30 19:00:00",
        "calendarYear": "1995",
        "period": "Q4",
        "revenue": 407200000,
        "costOfRevenue": 190500000,
        "grossProfit": 216700000,
        "grossProfitRatio": 0.5321709234,
        "researchAndDevelopmentExpenses": 0,
        "generalAndAdministrativeExpenses": 9300000,
        "sellingAndMarketingExpenses": 237400000,
        "sellingGeneralAndAdministrativeExpenses": 246700000,
        "otherExpenses": 0,
        "operatingExpenses": 246700000,
        "costAndExpenses": 437200000,
        "interestIncome": 0,
        "interestExpense": -22300000,
        "depreciationAndAmortization": 27300000,
        "ebitda": -49299999,
        "ebitdaratio": -0.1210707245,
        "operatingIncome": -30000000,
        "operatingIncomeRatio": -0.0736738703,
        "totalOtherIncomeExpensesNet": -21600000,
        "incomeBeforeTax": -51600000,
        "incomeBeforeTaxRatio": -0.126719057,
        "incomeTaxExpense": -17800000,
        "netIncome": -36500000,
        "netIncomeRatio": -0.0896365422,
        "eps": -0.35,
        "epsdiluted": -0.35,
        "weightedAverageShsOut": 103200000,
        "weightedAverageShsOutDil": 103200000,
        "link": "",
        "finalLink": ""
    },
    {
        "date": "1995-09-30",
        "symbol": "CZR",
        "reportedCurrency": "USD",
        "cik": "0001590895",
        "fillingDate": "1995-09-30",
        "acceptedDate": "1995-09-29 20:00:00",
        "calendarYear": "1995",
        "period": "Q3",
        "revenue": 425800000,
        "costOfRevenue": 200300000,
        "grossProfit": 225500000,
        "grossProfitRatio": 0.5295913574,
        "researchAndDevelopmentExpenses": 0,
        "generalAndAdministrativeExpenses": 6900000,
        "sellingAndMarketingExpenses": 114900000,
        "sellingGeneralAndAdministrativeExpenses": 121800000,
        "otherExpenses": 0,
        "operatingExpenses": 121800000,
        "costAndExpenses": 322100000,
        "interestIncome": 0,
        "interestExpense": -26500000,
        "depreciationAndAmortization": 23200000,
        "ebitda": 82900000,
        "ebitdaratio": 0.1946923438,
        "operatingIncome": 103800000,
        "operatingIncomeRatio": 0.2437764209,
        "totalOtherIncomeExpensesNet": -14000000,
        "incomeBeforeTax": 89800000,
        "incomeBeforeTaxRatio": 0.2108971348,
        "incomeTaxExpense": 35200000,
        "netIncome": 51300000,
        "netIncomeRatio": 0.1204790982,
        "eps": 0.5,
        "epsdiluted": 0.5,
        "weightedAverageShsOut": 103400000,
        "weightedAverageShsOutDil": 103400000,
        "link": "",
        "finalLink": ""
    },
    {
        "date": "1995-06-30",
        "symbol": "CZR",
        "reportedCurrency": "USD",
        "cik": "0001590895",
        "fillingDate": "1995-06-30",
        "acceptedDate": "1995-06-29 20:00:00",
        "calendarYear": "1995",
        "period": "Q2",
        "revenue": 389300000,
        "costOfRevenue": 182900000,
        "grossProfit": 206400000,
        "grossProfitRatio": 0.5301823786,
        "researchAndDevelopmentExpenses": 0,
        "generalAndAdministrativeExpenses": 8800000,
        "sellingAndMarketingExpenses": 113900000,
        "sellingGeneralAndAdministrativeExpenses": 122700000,
        "otherExpenses": 0,
        "operatingExpenses": 122700000,
        "costAndExpenses": 305600000,
        "interestIncome": 0,
        "interestExpense": -23600000,
        "depreciationAndAmortization": 22600000,
        "ebitda": 63200000,
        "ebitdaratio": 0.1623426663,
        "operatingIncome": 83800000,
        "operatingIncomeRatio": 0.2152581557,
        "totalOtherIncomeExpensesNet": -22800000,
        "incomeBeforeTax": 61400000,
        "incomeBeforeTaxRatio": 0.1577189828,
        "incomeTaxExpense": 23200000,
        "netIncome": 41000000,
        "netIncomeRatio": 0.1053172361,
        "eps": 0.4,
        "epsdiluted": 0.4,
        "weightedAverageShsOut": 103200000,
        "weightedAverageShsOutDil": 103200000,
        "link": "",
        "finalLink": ""
    },
    {
        "date": "1995-03-31",
        "symbol": "CZR",
        "reportedCurrency": "USD",
        "cik": "0001590895",
        "fillingDate": "1995-03-31",
        "acceptedDate": "1995-03-30 19:00:00",
        "calendarYear": "1995",
        "period": "Q1",
        "revenue": 356500000,
        "costOfRevenue": 171100000,
        "grossProfit": 185400000,
        "grossProfitRatio": 0.520056101,
        "researchAndDevelopmentExpenses": 0,
        "generalAndAdministrativeExpenses": 5400000,
        "sellingAndMarketingExpenses": 107600000,
        "sellingGeneralAndAdministrativeExpenses": 113000000,
        "otherExpenses": 0,
        "operatingExpenses": 113000000,
        "costAndExpenses": 284100000,
        "interestIncome": 0,
        "interestExpense": -22100000,
        "depreciationAndAmortization": 22300000,
        "ebitda": 43700000,
        "ebitdaratio": 0.1225806452,
        "operatingIncome": 72400000,
        "operatingIncomeRatio": 0.203085554,
        "totalOtherIncomeExpensesNet": -20000000,
        "incomeBeforeTax": 52400000,
        "incomeBeforeTaxRatio": 0.1469845722,
        "incomeTaxExpense": 20700000,
        "netIncome": 23100000,
        "netIncomeRatio": 0.0647966339,
        "eps": 0.22,
        "epsdiluted": 0.22,
        "weightedAverageShsOut": 103100000,
        "weightedAverageShsOutDil": 103100000,
        "link": "",
        "finalLink": ""
    },
    {
        "date": "1994-12-31",
        "symbol": "CZR",
        "reportedCurrency": "USD",
        "cik": "0001590895",
        "fillingDate": "1994-12-31",
        "acceptedDate": "1994-12-30 19:00:00",
        "calendarYear": "1994",
        "period": "Q4",
        "revenue": 343600000,
        "costOfRevenue": 157300000,
        "grossProfit": 186300000,
        "grossProfitRatio": 0.5422002328,
        "researchAndDevelopmentExpenses": 0,
        "generalAndAdministrativeExpenses": 9800000,
        "sellingAndMarketingExpenses": 107100000,
        "sellingGeneralAndAdministrativeExpenses": 116900000,
        "otherExpenses": 0,
        "operatingExpenses": 116900000,
        "costAndExpenses": 274200000,
        "interestIncome": 0,
        "interestExpense": -22200000,
        "depreciationAndAmortization": 21300000,
        "ebitda": -17200000,
        "ebitdaratio": -0.0500582072,
        "operatingIncome": 69400000,
        "operatingIncomeRatio": 0.2019790454,
        "totalOtherIncomeExpensesNet": -87800000,
        "incomeBeforeTax": -18400000,
        "incomeBeforeTaxRatio": -0.0535506403,
        "incomeTaxExpense": 9700000,
        "netIncome": -26000000,
        "netIncomeRatio": -0.075669383,
        "eps": -0.25,
        "epsdiluted": -0.25,
        "weightedAverageShsOut": 102700000,
        "weightedAverageShsOutDil": 102700000,
        "link": "",
        "finalLink": ""
    },
    {
        "date": "1994-09-30",
        "symbol": "CZR",
        "reportedCurrency": "USD",
        "cik": "0001590895",
        "fillingDate": "1994-09-30",
        "acceptedDate": "1994-09-29 20:00:00",
        "calendarYear": "1994",
        "period": "Q3",
        "revenue": 366800000,
        "costOfRevenue": 169900000,
        "grossProfit": 196900000,
        "grossProfitRatio": 0.5368047983,
        "researchAndDevelopmentExpenses": 0,
        "generalAndAdministrativeExpenses": 7800000,
        "sellingAndMarketingExpenses": 113300000,
        "sellingGeneralAndAdministrativeExpenses": 121100000,
        "otherExpenses": 0,
        "operatingExpenses": 121100000,
        "costAndExpenses": 291000000,
        "interestIncome": 0,
        "interestExpense": -18600000,
        "depreciationAndAmortization": 24200000,
        "ebitda": 74400000,
        "ebitdaratio": 0.2028353326,
        "operatingIncome": 75900000,
        "operatingIncomeRatio": 0.2069247546,
        "totalOtherIncomeExpensesNet": -19000000,
        "incomeBeforeTax": 76100000,
        "incomeBeforeTaxRatio": 0.2074700109,
        "incomeTaxExpense": 24600000,
        "netIncome": 44200000,
        "netIncomeRatio": 0.1205016358,
        "eps": 0.43,
        "epsdiluted": 0.43,
        "weightedAverageShsOut": 102800000,
        "weightedAverageShsOutDil": 102800000,
        "link": "",
        "finalLink": ""
    },
    {
        "date": "1994-06-30",
        "symbol": "CZR",
        "reportedCurrency": "USD",
        "cik": "0001590895",
        "fillingDate": "1994-06-30",
        "acceptedDate": "1994-06-29 20:00:00",
        "calendarYear": "1994",
        "period": "Q2",
        "revenue": 338800000,
        "costOfRevenue": 147700000,
        "grossProfit": 191100000,
        "grossProfitRatio": 0.5640495868,
        "researchAndDevelopmentExpenses": 0,
        "generalAndAdministrativeExpenses": 6400000,
        "sellingAndMarketingExpenses": 107500000,
        "sellingGeneralAndAdministrativeExpenses": 113900000,
        "otherExpenses": 0,
        "operatingExpenses": 113900000,
        "costAndExpenses": 261600000,
        "interestIncome": 0,
        "interestExpense": -19500000,
        "depreciationAndAmortization": 21400000,
        "ebitda": 46400000,
        "ebitdaratio": 0.1369539551,
        "operatingIncome": 77200000,
        "operatingIncomeRatio": 0.227863046,
        "totalOtherIncomeExpensesNet": -39700000,
        "incomeBeforeTax": 37500000,
        "incomeBeforeTaxRatio": 0.1106847698,
        "incomeTaxExpense": 24100000,
        "netIncome": 20400000,
        "netIncomeRatio": 0.0602125148,
        "eps": 0.2,
        "epsdiluted": 0.2,
        "weightedAverageShsOut": 102800000,
        "weightedAverageShsOutDil": 102800000,
        "link": "",
        "finalLink": ""
    },
    {
        "date": "1994-03-31",
        "symbol": "CZR",
        "reportedCurrency": "USD",
        "cik": "0001590895",
        "fillingDate": "1994-03-31",
        "acceptedDate": "1994-03-30 19:00:00",
        "calendarYear": "1994",
        "period": "Q1",
        "revenue": 290200000,
        "costOfRevenue": 139000000,
        "grossProfit": 151200000,
        "grossProfitRatio": 0.5210199862,
        "researchAndDevelopmentExpenses": 0,
        "generalAndAdministrativeExpenses": 4900000,
        "sellingAndMarketingExpenses": 84300000,
        "sellingGeneralAndAdministrativeExpenses": 89200000,
        "otherExpenses": 0,
        "operatingExpenses": 89200000,
        "costAndExpenses": 228200000,
        "interestIncome": 0,
        "interestExpense": -18000000,
        "depreciationAndAmortization": 19700000,
        "ebitda": 39000000,
        "ebitdaratio": 0.1343900758,
        "operatingIncome": 62000000,
        "operatingIncomeRatio": 0.2136457615,
        "totalOtherIncomeExpensesNet": -18200000,
        "incomeBeforeTax": 43800000,
        "incomeBeforeTaxRatio": 0.1509303928,
        "incomeTaxExpense": 17000000,
        "netIncome": 20300000,
        "netIncomeRatio": 0.0699517574,
        "eps": 0.2,
        "epsdiluted": 0.2,
        "weightedAverageShsOut": 102900000,
        "weightedAverageShsOutDil": 102900000,
        "link": "",
        "finalLink": ""
    },
    {
        "date": "1993-12-31",
        "symbol": "CZR",
        "reportedCurrency": "USD",
        "cik": "0001590895",
        "fillingDate": "1993-12-31",
        "acceptedDate": "1993-12-30 19:00:00",
        "calendarYear": "1993",
        "period": "Q4",
        "revenue": 319700000,
        "costOfRevenue": 142200000,
        "grossProfit": 177500000,
        "grossProfitRatio": 0.5552080075,
        "researchAndDevelopmentExpenses": 0,
        "generalAndAdministrativeExpenses": 7500000,
        "sellingAndMarketingExpenses": 103600000,
        "sellingGeneralAndAdministrativeExpenses": 111100000,
        "otherExpenses": 0,
        "operatingExpenses": 111100000,
        "costAndExpenses": 253300000,
        "interestIncome": 0,
        "interestExpense": -24900000,
        "depreciationAndAmortization": -2899999,
        "ebitda": 8900000,
        "ebitdaratio": 0.0278385987,
        "operatingIncome": 66400000,
        "operatingIncomeRatio": 0.2076947138,
        "totalOtherIncomeExpensesNet": -27200000,
        "incomeBeforeTax": 39200000,
        "incomeBeforeTaxRatio": 0.1226149515,
        "incomeTaxExpense": 16700000,
        "netIncome": 20000000,
        "netIncomeRatio": 0.0625586487,
        "eps": 0.19,
        "epsdiluted": 0.19,
        "weightedAverageShsOut": 103300000,
        "weightedAverageShsOutDil": 103300000,
        "link": "",
        "finalLink": ""
    },
    {
        "date": "1993-09-30",
        "symbol": "CZR",
        "reportedCurrency": "USD",
        "cik": "0001590895",
        "fillingDate": "1993-09-30",
        "acceptedDate": "1993-09-29 20:00:00",
        "calendarYear": "1993",
        "period": "Q3",
        "revenue": 346700000,
        "costOfRevenue": 143800000,
        "grossProfit": 202900000,
        "grossProfitRatio": 0.5852321892,
        "researchAndDevelopmentExpenses": 0,
        "generalAndAdministrativeExpenses": 5500000,
        "sellingAndMarketingExpenses": 104200000,
        "sellingGeneralAndAdministrativeExpenses": 109700000,
        "otherExpenses": 0,
        "operatingExpenses": 109700000,
        "costAndExpenses": 253500000,
        "interestIncome": 0,
        "interestExpense": -25400000,
        "depreciationAndAmortization": 24500000,
        "ebitda": 63500000,
        "ebitdaratio": 0.1831554658,
        "operatingIncome": 93200000,
        "operatingIncomeRatio": 0.2688203057,
        "totalOtherIncomeExpensesNet": -23000000,
        "incomeBeforeTax": 70200000,
        "incomeBeforeTaxRatio": 0.2024805307,
        "incomeTaxExpense": 31500000,
        "netIncome": 32900000,
        "netIncomeRatio": 0.0948947217,
        "eps": 0.32,
        "epsdiluted": 0.32,
        "weightedAverageShsOut": 102600000,
        "weightedAverageShsOutDil": 102600000,
        "link": "",
        "finalLink": ""
    },
    {
        "date": "1993-06-30",
        "symbol": "CZR",
        "reportedCurrency": "USD",
        "cik": "0001590895",
        "fillingDate": "1993-06-30",
        "acceptedDate": "1993-06-29 20:00:00",
        "calendarYear": "1993",
        "period": "Q2",
        "revenue": 316200000,
        "costOfRevenue": 142200000,
        "grossProfit": 174000000,
        "grossProfitRatio": 0.55028463,
        "researchAndDevelopmentExpenses": 0,
        "generalAndAdministrativeExpenses": 7500000,
        "sellingAndMarketingExpenses": 98800000,
        "sellingGeneralAndAdministrativeExpenses": 106300000,
        "otherExpenses": 0,
        "operatingExpenses": 106300000,
        "costAndExpenses": 248500000,
        "interestIncome": 0,
        "interestExpense": -28400000,
        "depreciationAndAmortization": 25300000,
        "ebitda": 35900000,
        "ebitdaratio": 0.1135357369,
        "operatingIncome": 67800000,
        "operatingIncomeRatio": 0.2144212524,
        "totalOtherIncomeExpensesNet": -28000000,
        "incomeBeforeTax": 39800000,
        "incomeBeforeTaxRatio": 0.1258697027,
        "incomeTaxExpense": 16500000,
        "netIncome": 22500000,
        "netIncomeRatio": 0.0711574953,
        "eps": 0.22,
        "epsdiluted": 0.22,
        "weightedAverageShsOut": 102300000,
        "weightedAverageShsOutDil": 102300000,
        "link": "",
        "finalLink": ""
    },
    {
        "date": "1993-03-31",
        "symbol": "CZR",
        "reportedCurrency": "USD",
        "cik": "0001590895",
        "fillingDate": "1993-03-31",
        "acceptedDate": "1993-03-30 19:00:00",
        "calendarYear": "1993",
        "period": "Q1",
        "revenue": 269200000,
        "costOfRevenue": 124600000,
        "grossProfit": 144600000,
        "grossProfitRatio": 0.5371471025,
        "researchAndDevelopmentExpenses": 0,
        "generalAndAdministrativeExpenses": 6700000,
        "sellingAndMarketingExpenses": 89500000,
        "sellingGeneralAndAdministrativeExpenses": 96200000,
        "otherExpenses": 0,
        "operatingExpenses": 96200000,
        "costAndExpenses": 220800000,
        "interestIncome": 0,
        "interestExpense": -27900000,
        "depreciationAndAmortization": 23300000,
        "ebitda": 15000000,
        "ebitdaratio": 0.0557206538,
        "operatingIncome": 48400000,
        "operatingIncomeRatio": 0.1797919762,
        "totalOtherIncomeExpensesNet": -27800000,
        "incomeBeforeTax": 20600000,
        "incomeBeforeTaxRatio": 0.0765230312,
        "incomeTaxExpense": 8600000,
        "netIncome": 11000000,
        "netIncomeRatio": 0.0408618128,
        "eps": 0.11,
        "epsdiluted": 0.11,
        "weightedAverageShsOut": 102100000,
        "weightedAverageShsOutDil": 102100000,
        "link": "",
        "finalLink": ""
    },
    {
        "date": "1992-12-31",
        "symbol": "CZR",
        "reportedCurrency": "USD",
        "cik": "0001590895",
        "fillingDate": "1992-12-31",
        "acceptedDate": "1992-12-30 19:00:00",
        "calendarYear": "1992",
        "period": "Q4",
        "revenue": 258500000,
        "costOfRevenue": 121400000,
        "grossProfit": 137100000,
        "grossProfitRatio": 0.5303675048,
        "researchAndDevelopmentExpenses": 0,
        "generalAndAdministrativeExpenses": 7500000,
        "sellingAndMarketingExpenses": 93100000,
        "sellingGeneralAndAdministrativeExpenses": 100600000,
        "otherExpenses": 0,
        "operatingExpenses": 100600000,
        "costAndExpenses": 222000000,
        "interestIncome": 0,
        "interestExpense": -28200000,
        "depreciationAndAmortization": -5900000,
        "ebitda": -26500000,
        "ebitdaratio": -0.1025145068,
        "operatingIncome": 36500000,
        "operatingIncomeRatio": 0.1411992263,
        "totalOtherIncomeExpensesNet": -30700000,
        "incomeBeforeTax": 5800000,
        "incomeBeforeTaxRatio": 0.0224371373,
        "incomeTaxExpense": 2500000,
        "netIncome": 5100000,
        "netIncomeRatio": 0.019729207,
        "eps": 0.0504,
        "epsdiluted": 0.0504,
        "weightedAverageShsOut": 101200000,
        "weightedAverageShsOutDil": 101200000,
        "link": "",
        "finalLink": ""
    },
    {
        "date": "1992-09-30",
        "symbol": "CZR",
        "reportedCurrency": "USD",
        "cik": "0001590895",
        "fillingDate": "1992-09-30",
        "acceptedDate": "1992-09-29 20:00:00",
        "calendarYear": "1992",
        "period": "Q3",
        "revenue": 315800000,
        "costOfRevenue": 141000000,
        "grossProfit": 174800000,
        "grossProfitRatio": 0.5535148828,
        "researchAndDevelopmentExpenses": 0,
        "generalAndAdministrativeExpenses": 6100000,
        "sellingAndMarketingExpenses": 91800000,
        "sellingGeneralAndAdministrativeExpenses": 97900000,
        "otherExpenses": 0,
        "operatingExpenses": 97900000,
        "costAndExpenses": 238900000,
        "interestIncome": 0,
        "interestExpense": -29500000,
        "depreciationAndAmortization": 22700000,
        "ebitda": 40700000,
        "ebitdaratio": 0.1288790374,
        "operatingIncome": 76900000,
        "operatingIncomeRatio": 0.2435085497,
        "totalOtherIncomeExpensesNet": -29400000,
        "incomeBeforeTax": 47500000,
        "incomeBeforeTaxRatio": 0.1504116529,
        "incomeTaxExpense": 19500000,
        "netIncome": 28000000,
        "netIncomeRatio": 0.0886637112,
        "eps": 0.28,
        "epsdiluted": 0.28,
        "weightedAverageShsOut": 101300000,
        "weightedAverageShsOutDil": 101300000,
        "link": "",
        "finalLink": ""
    },
    {
        "date": "1992-06-30",
        "symbol": "CZR",
        "reportedCurrency": "USD",
        "cik": "0001590895",
        "fillingDate": "1992-06-30",
        "acceptedDate": "1992-06-29 20:00:00",
        "calendarYear": "1992",
        "period": "Q2",
        "revenue": 281200000,
        "costOfRevenue": 131300000,
        "grossProfit": 149900000,
        "grossProfitRatio": 0.5330725462,
        "researchAndDevelopmentExpenses": 0,
        "generalAndAdministrativeExpenses": 7600000,
        "sellingAndMarketingExpenses": 86300000,
        "sellingGeneralAndAdministrativeExpenses": 93900000,
        "otherExpenses": 0,
        "operatingExpenses": 93900000,
        "costAndExpenses": 225200000,
        "interestIncome": 0,
        "interestExpense": -30700000,
        "depreciationAndAmortization": 24500000,
        "ebitda": 18500000,
        "ebitdaratio": 0.0657894737,
        "operatingIncome": 55900000,
        "operatingIncomeRatio": 0.1987908962,
        "totalOtherIncomeExpensesNet": -30400000,
        "incomeBeforeTax": 25500000,
        "incomeBeforeTaxRatio": 0.0906827881,
        "incomeTaxExpense": 10800000,
        "netIncome": 13900000,
        "netIncomeRatio": 0.04943101,
        "eps": 0.14,
        "epsdiluted": 0.14,
        "weightedAverageShsOut": 101100000,
        "weightedAverageShsOutDil": 101100000,
        "link": "",
        "finalLink": ""
    },
    {
        "date": "1992-03-31",
        "symbol": "CZR",
        "reportedCurrency": "USD",
        "cik": "0001590895",
        "fillingDate": "1992-03-31",
        "acceptedDate": "1992-03-30 19:00:00",
        "calendarYear": "1992",
        "period": "Q1",
        "revenue": 257700000,
        "costOfRevenue": 124400000,
        "grossProfit": 133300000,
        "grossProfitRatio": 0.5172681412,
        "researchAndDevelopmentExpenses": 0,
        "generalAndAdministrativeExpenses": 7200000,
        "sellingAndMarketingExpenses": 86300000,
        "sellingGeneralAndAdministrativeExpenses": 93500000,
        "otherExpenses": 0,
        "operatingExpenses": 93500000,
        "costAndExpenses": 217900000,
        "interestIncome": 0,
        "interestExpense": -29900000,
        "depreciationAndAmortization": 22500000,
        "ebitda": 2100000,
        "ebitdaratio": 0.0081490105,
        "operatingIncome": 39800000,
        "operatingIncomeRatio": 0.154443151,
        "totalOtherIncomeExpensesNet": -30300000,
        "incomeBeforeTax": 9500000,
        "incomeBeforeTaxRatio": 0.0368645712,
        "incomeTaxExpense": 4000000,
        "netIncome": 5500000,
        "netIncomeRatio": 0.0213426465,
        "eps": 0.0545,
        "epsdiluted": 0.0545,
        "weightedAverageShsOut": 100900000,
        "weightedAverageShsOutDil": 100900000,
        "link": "",
        "finalLink": ""
    },
    {
        "date": "1991-12-31",
        "symbol": "CZR",
        "reportedCurrency": "USD",
        "cik": "0001590895",
        "fillingDate": "1992-01-03",
        "acceptedDate": "1992-01-02 19:00:00",
        "calendarYear": "1991",
        "period": "Q4",
        "revenue": 251200000,
        "costOfRevenue": 120700000,
        "grossProfit": 130500000,
        "grossProfitRatio": 0.5195063694,
        "researchAndDevelopmentExpenses": 0,
        "generalAndAdministrativeExpenses": 10900000,
        "sellingAndMarketingExpenses": 84200000,
        "sellingGeneralAndAdministrativeExpenses": 95100000,
        "otherExpenses": 0,
        "operatingExpenses": 95100000,
        "costAndExpenses": 215800000,
        "interestIncome": 0,
        "interestExpense": -36100000,
        "depreciationAndAmortization": 22700000,
        "ebitda": -13500000,
        "ebitdaratio": -0.0537420382,
        "operatingIncome": 35500000,
        "operatingIncomeRatio": 0.1413216561,
        "totalOtherIncomeExpensesNet": -34200000,
        "incomeBeforeTax": -200000,
        "incomeBeforeTaxRatio": -0.0007961783,
        "incomeTaxExpense": 800000,
        "netIncome": -800000,
        "netIncomeRatio": -0.0031847134,
        "eps": -0.0081,
        "epsdiluted": -0.0081,
        "weightedAverageShsOut": 98600000,
        "weightedAverageShsOutDil": 98600000,
        "link": "",
        "finalLink": ""
    },
    {
        "date": "1991-09-30",
        "symbol": "CZR",
        "reportedCurrency": "USD",
        "cik": "0001590895",
        "fillingDate": "1991-09-27",
        "acceptedDate": "1991-09-26 20:00:00",
        "calendarYear": "1991",
        "period": "Q3",
        "revenue": 291200000,
        "costOfRevenue": 133200000,
        "grossProfit": 158000000,
        "grossProfitRatio": 0.5425824176,
        "researchAndDevelopmentExpenses": 0,
        "generalAndAdministrativeExpenses": 5900000,
        "sellingAndMarketingExpenses": 88600000,
        "sellingGeneralAndAdministrativeExpenses": 94500000,
        "otherExpenses": 0,
        "operatingExpenses": 94500000,
        "costAndExpenses": 227700000,
        "interestIncome": 0,
        "interestExpense": -30700000,
        "depreciationAndAmortization": 23100000,
        "ebitda": 31700000,
        "ebitdaratio": 0.1088598901,
        "operatingIncome": 63500000,
        "operatingIncomeRatio": 0.2180631868,
        "totalOtherIncomeExpensesNet": -24200000,
        "incomeBeforeTax": 39300000,
        "incomeBeforeTaxRatio": 0.1349587912,
        "incomeTaxExpense": 16100000,
        "netIncome": 23200000,
        "netIncomeRatio": 0.0796703297,
        "eps": 0.23,
        "epsdiluted": 0.23,
        "weightedAverageShsOut": 100400000,
        "weightedAverageShsOutDil": 100400000,
        "link": "",
        "finalLink": ""
    },
    {
        "date": "1991-06-30",
        "symbol": "CZR",
        "reportedCurrency": "USD",
        "cik": "0001590895",
        "fillingDate": "1991-06-28",
        "acceptedDate": "1991-06-27 20:00:00",
        "calendarYear": "1991",
        "period": "Q2",
        "revenue": 262300000,
        "costOfRevenue": 128800000,
        "grossProfit": 133500000,
        "grossProfitRatio": 0.508959207,
        "researchAndDevelopmentExpenses": 0,
        "generalAndAdministrativeExpenses": 5400000,
        "sellingAndMarketingExpenses": 79300000,
        "sellingGeneralAndAdministrativeExpenses": 84700000,
        "otherExpenses": 0,
        "operatingExpenses": 84700000,
        "costAndExpenses": 213500000,
        "interestIncome": 0,
        "interestExpense": -33300000,
        "depreciationAndAmortization": 21200000,
        "ebitda": 4500000,
        "ebitdaratio": 0.0171559283,
        "operatingIncome": 48900000,
        "operatingIncomeRatio": 0.1864277545,
        "totalOtherIncomeExpensesNet": -32300000,
        "incomeBeforeTax": 16600000,
        "incomeBeforeTaxRatio": 0.0632863134,
        "incomeTaxExpense": 6800000,
        "netIncome": 9800000,
        "netIncomeRatio": 0.0373617995,
        "eps": 0.12,
        "epsdiluted": 0.12,
        "weightedAverageShsOut": 84300000,
        "weightedAverageShsOutDil": 84300000,
        "link": "",
        "finalLink": ""
    },
    {
        "date": "1991-03-30",
        "symbol": "CZR",
        "reportedCurrency": "USD",
        "cik": "0001590895",
        "fillingDate": "1991-03-29",
        "acceptedDate": "1991-03-28 19:00:00",
        "calendarYear": "1991",
        "period": "Q1",
        "revenue": 226300000,
        "costOfRevenue": 114200000,
        "grossProfit": 112100000,
        "grossProfitRatio": 0.4953601414,
        "researchAndDevelopmentExpenses": 0,
        "generalAndAdministrativeExpenses": 4700000,
        "sellingAndMarketingExpenses": 77900000,
        "sellingGeneralAndAdministrativeExpenses": 82600000,
        "otherExpenses": 0,
        "operatingExpenses": 82600000,
        "costAndExpenses": 196800000,
        "interestIncome": 0,
        "interestExpense": -33900000,
        "depreciationAndAmortization": 21100000,
        "ebitda": -16600000,
        "ebitdaratio": -0.0733539549,
        "operatingIncome": 29600000,
        "operatingIncomeRatio": 0.1307998232,
        "totalOtherIncomeExpensesNet": -33300000,
        "incomeBeforeTax": -3700000,
        "incomeBeforeTaxRatio": -0.0163499779,
        "incomeTaxExpense": -1600000,
        "netIncome": -2200000,
        "netIncomeRatio": -0.0097216085,
        "eps": -0.028,
        "epsdiluted": -0.028,
        "weightedAverageShsOut": 78600000,
        "weightedAverageShsOutDil": 78600000,
        "link": "",
        "finalLink": ""
    },
    {
        "date": "1990-12-31",
        "symbol": "CZR",
        "reportedCurrency": "USD",
        "cik": "0001590895",
        "fillingDate": "1990-12-28",
        "acceptedDate": "1990-12-27 19:00:00",
        "calendarYear": "1990",
        "period": "Q4",
        "revenue": 238800000,
        "costOfRevenue": 116700000,
        "grossProfit": 122100000,
        "grossProfitRatio": 0.5113065327,
        "researchAndDevelopmentExpenses": 0,
        "generalAndAdministrativeExpenses": 14200000,
        "sellingAndMarketingExpenses": 97600000,
        "sellingGeneralAndAdministrativeExpenses": 111800000,
        "otherExpenses": 0,
        "operatingExpenses": 111800000,
        "costAndExpenses": 228500000,
        "interestIncome": 0,
        "interestExpense": -38300000,
        "depreciationAndAmortization": 24500000,
        "ebitda": -43200000,
        "ebitdaratio": -0.1809045226,
        "operatingIncome": 10300000,
        "operatingIncomeRatio": 0.0431323283,
        "totalOtherIncomeExpensesNet": -39700000,
        "incomeBeforeTax": -29400000,
        "incomeBeforeTaxRatio": -0.1231155779,
        "incomeTaxExpense": -10900000,
        "netIncome": -18500000,
        "netIncomeRatio": -0.0774706868,
        "eps": -0.24,
        "epsdiluted": -0.24,
        "weightedAverageShsOut": 78400000,
        "weightedAverageShsOutDil": 78400000,
        "link": "",
        "finalLink": ""
    },
    {
        "date": "1990-09-30",
        "symbol": "CZR",
        "reportedCurrency": "USD",
        "cik": "0001590895",
        "fillingDate": "1990-09-28",
        "acceptedDate": "1990-09-27 20:00:00",
        "calendarYear": "1990",
        "period": "Q3",
        "revenue": 278000000,
        "costOfRevenue": 126900000,
        "grossProfit": 151100000,
        "grossProfitRatio": 0.5435251799,
        "researchAndDevelopmentExpenses": 0,
        "generalAndAdministrativeExpenses": 5800000,
        "sellingAndMarketingExpenses": 84000000,
        "sellingGeneralAndAdministrativeExpenses": 89800000,
        "otherExpenses": 0,
        "operatingExpenses": 89800000,
        "costAndExpenses": 216700000,
        "interestIncome": 0,
        "interestExpense": -32300000,
        "depreciationAndAmortization": 20600000,
        "ebitda": 17400000,
        "ebitdaratio": 0.0625899281,
        "operatingIncome": 61300000,
        "operatingIncomeRatio": 0.2205035971,
        "totalOtherIncomeExpensesNet": -32200000,
        "incomeBeforeTax": 29100000,
        "incomeBeforeTaxRatio": 0.104676259,
        "incomeTaxExpense": 13400000,
        "netIncome": 15700000,
        "netIncomeRatio": 0.0564748201,
        "eps": 0.2,
        "epsdiluted": 0.2,
        "weightedAverageShsOut": 77800000,
        "weightedAverageShsOutDil": 77800000,
        "link": "",
        "finalLink": ""
    },
    {
        "date": "1990-06-30",
        "symbol": "CZR",
        "reportedCurrency": "USD",
        "cik": "0001590895",
        "fillingDate": "1990-06-29",
        "acceptedDate": "1990-06-28 20:00:00",
        "calendarYear": "1990",
        "period": "Q2",
        "revenue": 253500000,
        "costOfRevenue": 120900000,
        "grossProfit": 132600000,
        "grossProfitRatio": 0.5230769231,
        "researchAndDevelopmentExpenses": 0,
        "generalAndAdministrativeExpenses": 7400000,
        "sellingAndMarketingExpenses": 80500000,
        "sellingGeneralAndAdministrativeExpenses": 87900000,
        "otherExpenses": 0,
        "operatingExpenses": 87900000,
        "costAndExpenses": 208800000,
        "interestIncome": 0,
        "interestExpense": -31600000,
        "depreciationAndAmortization": 17600000,
        "ebitda": 400000,
        "ebitdaratio": 0.0015779093,
        "operatingIncome": 44700000,
        "operatingIncomeRatio": 0.1763313609,
        "totalOtherIncomeExpensesNet": -30300000,
        "incomeBeforeTax": 14400000,
        "incomeBeforeTaxRatio": 0.0568047337,
        "incomeTaxExpense": 5900000,
        "netIncome": 8500000,
        "netIncomeRatio": 0.033530572,
        "eps": 0.11,
        "epsdiluted": 0.11,
        "weightedAverageShsOut": 78000000,
        "weightedAverageShsOutDil": 78000000,
        "link": "",
        "finalLink": ""
    },
    {
        "date": "1990-03-31",
        "symbol": "CZR",
        "reportedCurrency": "USD",
        "cik": "0001590895",
        "fillingDate": "1990-03-30",
        "acceptedDate": "1990-03-29 19:00:00",
        "calendarYear": "1990",
        "period": "Q1",
        "revenue": 233800000,
        "costOfRevenue": 113300000,
        "grossProfit": 120500000,
        "grossProfitRatio": 0.5153977759,
        "researchAndDevelopmentExpenses": 0,
        "generalAndAdministrativeExpenses": 6600000,
        "sellingAndMarketingExpenses": 77200000,
        "sellingGeneralAndAdministrativeExpenses": 83800000,
        "otherExpenses": 0,
        "operatingExpenses": 83800000,
        "costAndExpenses": 197100000,
        "interestIncome": 0,
        "interestExpense": -16500000,
        "depreciationAndAmortization": 19400000,
        "ebitda": 32800000,
        "ebitdaratio": 0.1402908469,
        "operatingIncome": 36700000,
        "operatingIncomeRatio": 0.1569717707,
        "totalOtherIncomeExpensesNet": -6800000,
        "incomeBeforeTax": 29900000,
        "incomeBeforeTaxRatio": 0.127887083,
        "incomeTaxExpense": 12300000,
        "netIncome": 17600000,
        "netIncomeRatio": 0.0752780154,
        "eps": 0.23,
        "epsdiluted": 0.23,
        "weightedAverageShsOut": 77400000,
        "weightedAverageShsOutDil": 77400000,
        "link": "",
        "finalLink": ""
    }
]