[
    {
        "date": "2025-06-30",
        "symbol": "DD",
        "reportedCurrency": "USD",
        "cik": "0001666700",
        "fillingDate": "2025-08-05",
        "acceptedDate": "2025-08-05 11:59:12",
        "calendarYear": "2025",
        "period": "Q2",
        "revenue": 3257000000,
        "costOfRevenue": 2181000000,
        "grossProfit": 1076000000,
        "grossProfitRatio": 0.3303653669,
        "researchAndDevelopmentExpenses": 142000000,
        "generalAndAdministrativeExpenses": 0,
        "sellingAndMarketingExpenses": 0,
        "sellingGeneralAndAdministrativeExpenses": 405000000,
        "otherExpenses": 0,
        "operatingExpenses": 547000000,
        "costAndExpenses": 2728000000,
        "interestIncome": 20000000,
        "interestExpense": 84000000,
        "depreciationAndAmortization": 296000000,
        "ebitda": 686000000,
        "ebitdaratio": 0.210623273,
        "operatingIncome": 529000000,
        "operatingIncomeRatio": 0.1624194044,
        "totalOtherIncomeExpensesNet": -223000000,
        "incomeBeforeTax": 306000000,
        "incomeBeforeTaxRatio": 0.0939514891,
        "incomeTaxExpense": 68000000,
        "netIncome": 59000000,
        "netIncomeRatio": 0.0181148296,
        "eps": 0.14,
        "epsdiluted": 0.14,
        "weightedAverageShsOut": 418900000,
        "weightedAverageShsOutDil": 419700000,
        "link": "https://www.sec.gov/Archives/edgar/data/1666700/000166670025000043/0001666700-25-000043-index.htm",
        "finalLink": "https://www.sec.gov/Archives/edgar/data/1666700/000166670025000043/dd-20250630.htm"
    },
    {
        "date": "2025-03-31",
        "symbol": "DD",
        "reportedCurrency": "USD",
        "cik": "0001666700",
        "fillingDate": "2025-05-02",
        "acceptedDate": "2025-05-02 09:50:16",
        "calendarYear": "2025",
        "period": "Q1",
        "revenue": 3066000000,
        "costOfRevenue": 2066000000,
        "grossProfit": 1000000000,
        "grossProfitRatio": 0.3261578604,
        "researchAndDevelopmentExpenses": 137000000,
        "generalAndAdministrativeExpenses": 0,
        "sellingAndMarketingExpenses": 0,
        "sellingGeneralAndAdministrativeExpenses": 369000000,
        "otherExpenses": 0,
        "operatingExpenses": 506000000,
        "costAndExpenses": 2572000000,
        "interestIncome": 21000000,
        "interestExpense": 83000000,
        "depreciationAndAmortization": 293000000,
        "ebitda": -53000000,
        "ebitdaratio": -0.0172863666,
        "operatingIncome": 494000000,
        "operatingIncomeRatio": 0.161121983,
        "totalOtherIncomeExpensesNet": -923000000,
        "incomeBeforeTax": -429000000,
        "incomeBeforeTaxRatio": -0.1399217221,
        "incomeTaxExpense": 119000000,
        "netIncome": -589000000,
        "netIncomeRatio": -0.1921069798,
        "eps": -1.41,
        "epsdiluted": -1.41,
        "weightedAverageShsOut": 418500000,
        "weightedAverageShsOutDil": 418500000,
        "link": "https://www.sec.gov/Archives/edgar/data/1666700/000166670025000020/0001666700-25-000020-index.htm",
        "finalLink": "https://www.sec.gov/Archives/edgar/data/1666700/000166670025000020/dd-20250331.htm"
    },
    {
        "date": "2024-12-31",
        "symbol": "DD",
        "reportedCurrency": "USD",
        "cik": "0001666700",
        "fillingDate": "2025-02-14",
        "acceptedDate": "2025-02-14 10:55:59",
        "calendarYear": "2024",
        "period": "Q4",
        "revenue": 3092000000,
        "costOfRevenue": 2113000000,
        "grossProfit": 979000000,
        "grossProfitRatio": 0.3166235446,
        "researchAndDevelopmentExpenses": 138000000,
        "generalAndAdministrativeExpenses": 0,
        "sellingAndMarketingExpenses": 0,
        "sellingGeneralAndAdministrativeExpenses": 363000000,
        "otherExpenses": 0,
        "operatingExpenses": 501000000,
        "costAndExpenses": 2614000000,
        "interestIncome": 18000000,
        "interestExpense": 84000000,
        "depreciationAndAmortization": 299000000,
        "ebitda": 426000000,
        "ebitdaratio": 0.137774903,
        "operatingIncome": 478000000,
        "operatingIncomeRatio": 0.1545924968,
        "totalOtherIncomeExpensesNet": -435000000,
        "incomeBeforeTax": 43000000,
        "incomeBeforeTaxRatio": 0.0139068564,
        "incomeTaxExpense": 104000000,
        "netIncome": -118000000,
        "netIncomeRatio": -0.0381630013,
        "eps": -0.28,
        "epsdiluted": -0.28,
        "weightedAverageShsOut": 419200000,
        "weightedAverageShsOutDil": 420600000,
        "link": "https://www.sec.gov/Archives/edgar/data/1666700/000166670025000005/0001666700-25-000005-index.htm",
        "finalLink": "https://www.sec.gov/Archives/edgar/data/1666700/000166670025000005/dd-20241231.htm"
    },
    {
        "date": "2024-09-30",
        "symbol": "DD",
        "reportedCurrency": "USD",
        "cik": "0001666700",
        "fillingDate": "2024-11-05",
        "acceptedDate": "2024-11-05 10:01:12",
        "calendarYear": "2024",
        "period": "Q3",
        "revenue": 3192000000,
        "costOfRevenue": 2147000000,
        "grossProfit": 1045000000,
        "grossProfitRatio": 0.3273809524,
        "researchAndDevelopmentExpenses": 134000000,
        "generalAndAdministrativeExpenses": 0,
        "sellingAndMarketingExpenses": 0,
        "sellingGeneralAndAdministrativeExpenses": 387000000,
        "otherExpenses": 0,
        "operatingExpenses": 521000000,
        "costAndExpenses": 2668000000,
        "interestIncome": 14000000,
        "interestExpense": 87000000,
        "depreciationAndAmortization": 306000000,
        "ebitda": 979000000,
        "ebitdaratio": 0.3067042607,
        "operatingIncome": 524000000,
        "operatingIncomeRatio": 0.164160401,
        "totalOtherIncomeExpensesNet": 62000000,
        "incomeBeforeTax": 586000000,
        "incomeBeforeTaxRatio": 0.1835839599,
        "incomeTaxExpense": 106000000,
        "netIncome": 454000000,
        "netIncomeRatio": 0.1422305764,
        "eps": 1.09,
        "epsdiluted": 1.08,
        "weightedAverageShsOut": 417900000,
        "weightedAverageShsOutDil": 419500000,
        "link": "https://www.sec.gov/Archives/edgar/data/1666700/000166670024000036/0001666700-24-000036-index.htm",
        "finalLink": "https://www.sec.gov/Archives/edgar/data/1666700/000166670024000036/dd-20240930.htm"
    },
    {
        "date": "2024-06-30",
        "symbol": "DD",
        "reportedCurrency": "USD",
        "cik": "0001666700",
        "fillingDate": "2024-07-31",
        "acceptedDate": "2024-07-31 11:58:17",
        "calendarYear": "2024",
        "period": "Q2",
        "revenue": 3171000000,
        "costOfRevenue": 2147000000,
        "grossProfit": 1024000000,
        "grossProfitRatio": 0.3229265216,
        "researchAndDevelopmentExpenses": 134000000,
        "generalAndAdministrativeExpenses": 0,
        "sellingAndMarketingExpenses": 0,
        "sellingGeneralAndAdministrativeExpenses": 418000000,
        "otherExpenses": 0,
        "operatingExpenses": 552000000,
        "costAndExpenses": 2699000000,
        "interestIncome": 21000000,
        "interestExpense": 99000000,
        "depreciationAndAmortization": 298000000,
        "ebitda": 693000000,
        "ebitdaratio": 0.2185430464,
        "operatingIncome": 472000000,
        "operatingIncomeRatio": 0.1488489436,
        "totalOtherIncomeExpensesNet": -176000000,
        "incomeBeforeTax": 296000000,
        "incomeBeforeTaxRatio": 0.0933459477,
        "incomeTaxExpense": 120000000,
        "netIncome": 178000000,
        "netIncomeRatio": 0.0561337118,
        "eps": 0.43,
        "epsdiluted": 0.42,
        "weightedAverageShsOut": 417800000,
        "weightedAverageShsOutDil": 419300000,
        "link": "https://www.sec.gov/Archives/edgar/data/1666700/000166670024000031/0001666700-24-000031-index.htm",
        "finalLink": "https://www.sec.gov/Archives/edgar/data/1666700/000166670024000031/dd-20240630.htm"
    },
    {
        "date": "2024-03-31",
        "symbol": "DD",
        "reportedCurrency": "USD",
        "cik": "0001666700",
        "fillingDate": "2024-05-01",
        "acceptedDate": "2024-05-01 11:41:46",
        "calendarYear": "2024",
        "period": "Q1",
        "revenue": 2931000000,
        "costOfRevenue": 2067000000,
        "grossProfit": 864000000,
        "grossProfitRatio": 0.2947799386,
        "researchAndDevelopmentExpenses": 125000000,
        "generalAndAdministrativeExpenses": 0,
        "sellingAndMarketingExpenses": 0,
        "sellingGeneralAndAdministrativeExpenses": 384000000,
        "otherExpenses": 0,
        "operatingExpenses": 509000000,
        "costAndExpenses": 2576000000,
        "interestIncome": 20000000,
        "interestExpense": 96000000,
        "depreciationAndAmortization": 291000000,
        "ebitda": 654000000,
        "ebitdaratio": 0.2231320368,
        "operatingIncome": 355000000,
        "operatingIncomeRatio": 0.121119072,
        "totalOtherIncomeExpensesNet": -88000000,
        "incomeBeforeTax": 267000000,
        "incomeBeforeTaxRatio": 0.0910951894,
        "incomeTaxExpense": 84000000,
        "netIncome": 189000000,
        "netIncomeRatio": 0.0644831116,
        "eps": 0.45,
        "epsdiluted": 0.45,
        "weightedAverageShsOut": 422800000,
        "weightedAverageShsOutDil": 424300000,
        "link": "https://www.sec.gov/Archives/edgar/data/1666700/000166670024000013/0001666700-24-000013-index.htm",
        "finalLink": "https://www.sec.gov/Archives/edgar/data/1666700/000166670024000013/dd-20240331.htm"
    },
    {
        "date": "2023-12-31",
        "symbol": "DD",
        "reportedCurrency": "USD",
        "cik": "0001666700",
        "fillingDate": "2024-02-15",
        "acceptedDate": "2024-02-15 10:52:57",
        "calendarYear": "2023",
        "period": "Q4",
        "revenue": 2898000000,
        "costOfRevenue": 2020000000,
        "grossProfit": 878000000,
        "grossProfitRatio": 0.3029675638,
        "researchAndDevelopmentExpenses": 128000000,
        "generalAndAdministrativeExpenses": 0,
        "sellingAndMarketingExpenses": 0,
        "sellingGeneralAndAdministrativeExpenses": 350000000,
        "otherExpenses": 0,
        "operatingExpenses": 478000000,
        "costAndExpenses": 2498000000,
        "interestIncome": 23000000,
        "interestExpense": 101000000,
        "depreciationAndAmortization": 294000000,
        "ebitda": -221000000,
        "ebitdaratio": -0.0762594893,
        "operatingIncome": 400000000,
        "operatingIncomeRatio": 0.138026225,
        "totalOtherIncomeExpensesNet": -1016000000,
        "incomeBeforeTax": -616000000,
        "incomeBeforeTaxRatio": -0.2125603865,
        "incomeTaxExpense": -316000000,
        "netIncome": -22000000,
        "netIncomeRatio": -0.0075914424,
        "eps": -0.0511,
        "epsdiluted": -0.0511,
        "weightedAverageShsOut": 430300000,
        "weightedAverageShsOutDil": 430300000,
        "link": "https://www.sec.gov/Archives/edgar/data/1666700/000166670024000008/0001666700-24-000008-index.htm",
        "finalLink": "https://www.sec.gov/Archives/edgar/data/1666700/000166670024000008/dd-20231231.htm"
    },
    {
        "date": "2023-09-30",
        "symbol": "DD",
        "reportedCurrency": "USD",
        "cik": "0001666700",
        "fillingDate": "2023-11-02",
        "acceptedDate": "2023-11-02 13:49:15",
        "calendarYear": "2023",
        "period": "Q3",
        "revenue": 3058000000,
        "costOfRevenue": 2109000000,
        "grossProfit": 949000000,
        "grossProfitRatio": 0.3103335513,
        "researchAndDevelopmentExpenses": 128000000,
        "generalAndAdministrativeExpenses": 0,
        "sellingAndMarketingExpenses": 0,
        "sellingGeneralAndAdministrativeExpenses": 360000000,
        "otherExpenses": 0,
        "operatingExpenses": 488000000,
        "costAndExpenses": 2597000000,
        "interestIncome": 34000000,
        "interestExpense": 102000000,
        "depreciationAndAmortization": 294000000,
        "ebitda": 804000000,
        "ebitdaratio": 0.2629169392,
        "operatingIncome": 461000000,
        "operatingIncomeRatio": 0.1507521256,
        "totalOtherIncomeExpensesNet": -53000000,
        "incomeBeforeTax": 408000000,
        "incomeBeforeTaxRatio": 0.1334205363,
        "incomeTaxExpense": 117000000,
        "netIncome": 319000000,
        "netIncomeRatio": 0.1043165468,
        "eps": 0.71,
        "epsdiluted": 0.7,
        "weightedAverageShsOut": 451700000,
        "weightedAverageShsOutDil": 453400000,
        "link": "https://www.sec.gov/Archives/edgar/data/1666700/000166670023000087/0001666700-23-000087-index.htm",
        "finalLink": "https://www.sec.gov/Archives/edgar/data/1666700/000166670023000087/dd-20230930.htm"
    },
    {
        "date": "2023-06-30",
        "symbol": "DD",
        "reportedCurrency": "USD",
        "cik": "0001666700",
        "fillingDate": "2023-08-03",
        "acceptedDate": "2023-08-03 13:14:14",
        "calendarYear": "2023",
        "period": "Q2",
        "revenue": 3094000000,
        "costOfRevenue": 2176000000,
        "grossProfit": 918000000,
        "grossProfitRatio": 0.2967032967,
        "researchAndDevelopmentExpenses": 125000000,
        "generalAndAdministrativeExpenses": 0,
        "sellingAndMarketingExpenses": 0,
        "sellingGeneralAndAdministrativeExpenses": 358000000,
        "otherExpenses": 0,
        "operatingExpenses": 483000000,
        "costAndExpenses": 2659000000,
        "interestIncome": 52000000,
        "interestExpense": 98000000,
        "depreciationAndAmortization": 282000000,
        "ebitda": 736000000,
        "ebitdaratio": 0.2378797673,
        "operatingIncome": 435000000,
        "operatingIncomeRatio": 0.1405946994,
        "totalOtherIncomeExpensesNet": -79000000,
        "incomeBeforeTax": 356000000,
        "incomeBeforeTaxRatio": 0.1150614092,
        "incomeTaxExpense": 87000000,
        "netIncome": -131000000,
        "netIncomeRatio": -0.0423400129,
        "eps": -0.29,
        "epsdiluted": -0.29,
        "weightedAverageShsOut": 459200000,
        "weightedAverageShsOutDil": 460300000,
        "link": "https://www.sec.gov/Archives/edgar/data/1666700/000166670023000082/0001666700-23-000082-index.htm",
        "finalLink": "https://www.sec.gov/Archives/edgar/data/1666700/000166670023000082/dd-20230630.htm"
    },
    {
        "date": "2023-03-31",
        "symbol": "DD",
        "reportedCurrency": "USD",
        "cik": "0001666700",
        "fillingDate": "2023-05-03",
        "acceptedDate": "2023-05-03 11:54:31",
        "calendarYear": "2023",
        "period": "Q1",
        "revenue": 3018000000,
        "costOfRevenue": 2130000000,
        "grossProfit": 888000000,
        "grossProfitRatio": 0.2942345924,
        "researchAndDevelopmentExpenses": 127000000,
        "generalAndAdministrativeExpenses": 0,
        "sellingAndMarketingExpenses": 0,
        "sellingGeneralAndAdministrativeExpenses": 340000000,
        "otherExpenses": 0,
        "operatingExpenses": 467000000,
        "costAndExpenses": 2597000000,
        "interestIncome": 46000000,
        "interestExpense": 95000000,
        "depreciationAndAmortization": 277000000,
        "ebitda": 728000000,
        "ebitdaratio": 0.2412193506,
        "operatingIncome": 421000000,
        "operatingIncomeRatio": 0.1394963552,
        "totalOtherIncomeExpensesNet": -65000000,
        "incomeBeforeTax": 356000000,
        "incomeBeforeTaxRatio": 0.1179589132,
        "incomeTaxExpense": 83000000,
        "netIncome": 257000000,
        "netIncomeRatio": 0.0851557323,
        "eps": 0.56,
        "epsdiluted": 0.56,
        "weightedAverageShsOut": 458800000,
        "weightedAverageShsOutDil": 460200000,
        "link": "https://www.sec.gov/Archives/edgar/data/1666700/000166670023000060/0001666700-23-000060-index.htm",
        "finalLink": "https://www.sec.gov/Archives/edgar/data/1666700/000166670023000060/dd-20230331.htm"
    },
    {
        "date": "2022-12-31",
        "symbol": "DD",
        "reportedCurrency": "USD",
        "cik": "0001666700",
        "fillingDate": "2023-02-15",
        "acceptedDate": "2023-02-15 15:09:10",
        "calendarYear": "2022",
        "period": "Q4",
        "revenue": 3104000000,
        "costOfRevenue": 2191000000,
        "grossProfit": 913000000,
        "grossProfitRatio": 0.2941365979,
        "researchAndDevelopmentExpenses": 123000000,
        "generalAndAdministrativeExpenses": 0,
        "sellingAndMarketingExpenses": 0,
        "sellingGeneralAndAdministrativeExpenses": 337000000,
        "otherExpenses": 0,
        "operatingExpenses": 460000000,
        "costAndExpenses": 2651000000,
        "interestIncome": 42000000,
        "interestExpense": 122000000,
        "depreciationAndAmortization": 274000000,
        "ebitda": 589000000,
        "ebitdaratio": 0.1897551546,
        "operatingIncome": 453000000,
        "operatingIncomeRatio": 0.1459407216,
        "totalOtherIncomeExpensesNet": -260000000,
        "incomeBeforeTax": 193000000,
        "incomeBeforeTaxRatio": 0.0621778351,
        "incomeTaxExpense": 88000000,
        "netIncome": 4156000000,
        "netIncomeRatio": 1.3389175258,
        "eps": 8.71,
        "epsdiluted": 8.69,
        "weightedAverageShsOut": 477300000,
        "weightedAverageShsOutDil": 478400000,
        "link": "https://www.sec.gov/Archives/edgar/data/1666700/000166670023000008/0001666700-23-000008-index.htm",
        "finalLink": "https://www.sec.gov/Archives/edgar/data/1666700/000166670023000008/dd-20221231.htm"
    },
    {
        "date": "2022-09-30",
        "symbol": "DD",
        "reportedCurrency": "USD",
        "cik": "0001666700",
        "fillingDate": "2022-11-08",
        "acceptedDate": "2022-11-08 11:31:07",
        "calendarYear": "2022",
        "period": "Q3",
        "revenue": 3317000000,
        "costOfRevenue": 2241000000,
        "grossProfit": 1076000000,
        "grossProfitRatio": 0.3243895086,
        "researchAndDevelopmentExpenses": 129000000,
        "generalAndAdministrativeExpenses": 0,
        "sellingAndMarketingExpenses": 0,
        "sellingGeneralAndAdministrativeExpenses": 356000000,
        "otherExpenses": 0,
        "operatingExpenses": 485000000,
        "costAndExpenses": 2726000000,
        "interestIncome": 5000000,
        "interestExpense": 128000000,
        "depreciationAndAmortization": 283000000,
        "ebitda": 909000000,
        "ebitdaratio": 0.2740428098,
        "operatingIncome": 591000000,
        "operatingIncomeRatio": 0.1781730479,
        "totalOtherIncomeExpensesNet": -93000000,
        "incomeBeforeTax": 498000000,
        "incomeBeforeTaxRatio": 0.1501356648,
        "incomeTaxExpense": 139000000,
        "netIncome": 367000000,
        "netIncomeRatio": 0.1106421465,
        "eps": 0.73,
        "epsdiluted": 0.73,
        "weightedAverageShsOut": 499400000,
        "weightedAverageShsOutDil": 500400000,
        "link": "https://www.sec.gov/Archives/edgar/data/1666700/000166670022000077/0001666700-22-000077-index.htm",
        "finalLink": "https://www.sec.gov/Archives/edgar/data/1666700/000166670022000077/dd-20220930.htm"
    },
    {
        "date": "2022-06-30",
        "symbol": "DD",
        "reportedCurrency": "USD",
        "cik": "0001666700",
        "fillingDate": "2022-08-04",
        "acceptedDate": "2022-08-04 09:47:47",
        "calendarYear": "2022",
        "period": "Q2",
        "revenue": 3322000000,
        "costOfRevenue": 2297000000,
        "grossProfit": 1025000000,
        "grossProfitRatio": 0.3085490668,
        "researchAndDevelopmentExpenses": 141000000,
        "generalAndAdministrativeExpenses": 0,
        "sellingAndMarketingExpenses": 0,
        "sellingGeneralAndAdministrativeExpenses": 385000000,
        "otherExpenses": 0,
        "operatingExpenses": 526000000,
        "costAndExpenses": 2823000000,
        "interestIncome": 2000000,
        "interestExpense": 122000000,
        "depreciationAndAmortization": 281000000,
        "ebitda": 881000000,
        "ebitdaratio": 0.2652016857,
        "operatingIncome": 499000000,
        "operatingIncomeRatio": 0.1502107164,
        "totalOtherIncomeExpensesNet": -21000000,
        "incomeBeforeTax": 478000000,
        "incomeBeforeTaxRatio": 0.1438892234,
        "incomeTaxExpense": 113000000,
        "netIncome": 787000000,
        "netIncomeRatio": 0.2369054786,
        "eps": 1.56,
        "epsdiluted": 1.55,
        "weightedAverageShsOut": 505400000,
        "weightedAverageShsOutDil": 506300000,
        "link": "https://www.sec.gov/Archives/edgar/data/1666700/000166670022000048/0001666700-22-000048-index.htm",
        "finalLink": "https://www.sec.gov/Archives/edgar/data/1666700/000166670022000048/dd-20220630.htm"
    },
    {
        "date": "2022-03-31",
        "symbol": "DD",
        "reportedCurrency": "USD",
        "cik": "0001666700",
        "fillingDate": "2022-05-06",
        "acceptedDate": "2022-05-06 09:53:31",
        "calendarYear": "2022",
        "period": "Q1",
        "revenue": 3274000000,
        "costOfRevenue": 2263000000,
        "grossProfit": 1011000000,
        "grossProfitRatio": 0.3087965791,
        "researchAndDevelopmentExpenses": 143000000,
        "generalAndAdministrativeExpenses": 0,
        "sellingAndMarketingExpenses": 0,
        "sellingGeneralAndAdministrativeExpenses": 389000000,
        "otherExpenses": 0,
        "operatingExpenses": 532000000,
        "costAndExpenses": 2795000000,
        "interestIncome": 1000000,
        "interestExpense": 120000000,
        "depreciationAndAmortization": 297000000,
        "ebitda": 696000000,
        "ebitdaratio": 0.2125839951,
        "operatingIncome": 479000000,
        "operatingIncomeRatio": 0.146304215,
        "totalOtherIncomeExpensesNet": -200000000,
        "incomeBeforeTax": 279000000,
        "incomeBeforeTaxRatio": 0.0852168601,
        "incomeTaxExpense": 47000000,
        "netIncome": 488000000,
        "netIncomeRatio": 0.149053146,
        "eps": 0.95,
        "epsdiluted": 0.95,
        "weightedAverageShsOut": 512000000,
        "weightedAverageShsOutDil": 513800000,
        "link": "https://www.sec.gov/Archives/edgar/data/1666700/000166670022000017/0001666700-22-000017-index.htm",
        "finalLink": "https://www.sec.gov/Archives/edgar/data/1666700/000166670022000017/dd-20220331.htm"
    },
    {
        "date": "2021-12-31",
        "symbol": "DD",
        "reportedCurrency": "USD",
        "cik": "0001666700",
        "fillingDate": "2022-02-11",
        "acceptedDate": "2022-02-11 11:32:25",
        "calendarYear": "2021",
        "period": "Q4",
        "revenue": 3246000000,
        "costOfRevenue": 2275000000,
        "grossProfit": 971000000,
        "grossProfitRatio": 0.2991373999,
        "researchAndDevelopmentExpenses": 148000000,
        "generalAndAdministrativeExpenses": 0,
        "sellingAndMarketingExpenses": 0,
        "sellingGeneralAndAdministrativeExpenses": 401000000,
        "otherExpenses": 0,
        "operatingExpenses": 549000000,
        "costAndExpenses": 2824000000,
        "interestIncome": 2000000,
        "interestExpense": 135000000,
        "depreciationAndAmortization": 295000000,
        "ebitda": 662000000,
        "ebitdaratio": 0.2039433148,
        "operatingIncome": 422000000,
        "operatingIncomeRatio": 0.1300061614,
        "totalOtherIncomeExpensesNet": -190000000,
        "incomeBeforeTax": 232000000,
        "incomeBeforeTaxRatio": 0.0714725816,
        "incomeTaxExpense": 65000000,
        "netIncome": 204000000,
        "netIncomeRatio": 0.0628465804,
        "eps": 0.4,
        "epsdiluted": 0.39,
        "weightedAverageShsOut": 516100000,
        "weightedAverageShsOutDil": 517800000,
        "link": "https://www.sec.gov/Archives/edgar/data/1666700/000166670022000009/0001666700-22-000009-index.htm",
        "finalLink": "https://www.sec.gov/Archives/edgar/data/1666700/000166670022000009/dd-20211231.htm"
    },
    {
        "date": "2021-09-30",
        "symbol": "DD",
        "reportedCurrency": "USD",
        "cik": "0001666700",
        "fillingDate": "2021-11-03",
        "acceptedDate": "2021-11-03 12:01:16",
        "calendarYear": "2021",
        "period": "Q3",
        "revenue": 3199000000,
        "costOfRevenue": 2190000000,
        "grossProfit": 1009000000,
        "grossProfitRatio": 0.315411066,
        "researchAndDevelopmentExpenses": 137000000,
        "generalAndAdministrativeExpenses": 0,
        "sellingAndMarketingExpenses": 0,
        "sellingGeneralAndAdministrativeExpenses": 411000000,
        "otherExpenses": 0,
        "operatingExpenses": 548000000,
        "costAndExpenses": 2738000000,
        "interestIncome": 1000000,
        "interestExpense": 115000000,
        "depreciationAndAmortization": 300000000,
        "ebitda": 754000000,
        "ebitdaratio": 0.2356986558,
        "operatingIncome": 461000000,
        "operatingIncomeRatio": 0.1441075336,
        "totalOtherIncomeExpensesNet": -122000000,
        "incomeBeforeTax": 339000000,
        "incomeBeforeTaxRatio": 0.1059706158,
        "incomeTaxExpense": 80000000,
        "netIncome": 391000000,
        "netIncomeRatio": 0.1222256955,
        "eps": 0.75,
        "epsdiluted": 0.75,
        "weightedAverageShsOut": 521500000,
        "weightedAverageShsOutDil": 523100000,
        "link": "https://www.sec.gov/Archives/edgar/data/1666700/000166670021000068/0001666700-21-000068-index.htm",
        "finalLink": "https://www.sec.gov/Archives/edgar/data/1666700/000166670021000068/dd-20210930.htm"
    },
    {
        "date": "2021-06-30",
        "symbol": "DD",
        "reportedCurrency": "USD",
        "cik": "0001666700",
        "fillingDate": "2021-08-04",
        "acceptedDate": "2021-08-04 10:07:26",
        "calendarYear": "2021",
        "period": "Q2",
        "revenue": 3104000000,
        "costOfRevenue": 2086000000,
        "grossProfit": 1018000000,
        "grossProfitRatio": 0.3279639175,
        "researchAndDevelopmentExpenses": 133000000,
        "generalAndAdministrativeExpenses": 0,
        "sellingAndMarketingExpenses": 0,
        "sellingGeneralAndAdministrativeExpenses": 395000000,
        "otherExpenses": 0,
        "operatingExpenses": 528000000,
        "costAndExpenses": 2614000000,
        "interestIncome": 5000000,
        "interestExpense": 129000000,
        "depreciationAndAmortization": 262000000,
        "ebitda": 879000000,
        "ebitdaratio": 0.2831829897,
        "operatingIncome": 490000000,
        "operatingIncomeRatio": 0.1578608247,
        "totalOtherIncomeExpensesNet": -2000000,
        "incomeBeforeTax": 488000000,
        "incomeBeforeTaxRatio": 0.1572164948,
        "incomeTaxExpense": 93000000,
        "netIncome": 478000000,
        "netIncomeRatio": 0.1539948454,
        "eps": 0.9,
        "epsdiluted": 0.9,
        "weightedAverageShsOut": 529600000,
        "weightedAverageShsOutDil": 531200000,
        "link": "https://www.sec.gov/Archives/edgar/data/1666700/000166670021000057/0001666700-21-000057-index.htm",
        "finalLink": "https://www.sec.gov/Archives/edgar/data/1666700/000166670021000057/dd-20210630.htm"
    },
    {
        "date": "2021-03-31",
        "symbol": "DD",
        "reportedCurrency": "USD",
        "cik": "0001666700",
        "fillingDate": "2021-05-04",
        "acceptedDate": "2021-05-04 12:50:06",
        "calendarYear": "2021",
        "period": "Q1",
        "revenue": 3017000000,
        "costOfRevenue": 1986000000,
        "grossProfit": 1031000000,
        "grossProfitRatio": 0.3417301956,
        "researchAndDevelopmentExpenses": 139000000,
        "generalAndAdministrativeExpenses": 0,
        "sellingAndMarketingExpenses": 0,
        "sellingGeneralAndAdministrativeExpenses": 395000000,
        "otherExpenses": 0,
        "operatingExpenses": 534000000,
        "costAndExpenses": 2520000000,
        "interestIncome": 4000000,
        "interestExpense": 146000000,
        "depreciationAndAmortization": 255000000,
        "ebitda": 786000000,
        "ebitdaratio": 0.260523699,
        "operatingIncome": 497000000,
        "operatingIncomeRatio": 0.1647331787,
        "totalOtherIncomeExpensesNet": -112000000,
        "incomeBeforeTax": 385000000,
        "incomeBeforeTaxRatio": 0.1276102088,
        "incomeTaxExpense": -1000000,
        "netIncome": 5394000000,
        "netIncomeRatio": 1.7878687438,
        "eps": 8.92,
        "epsdiluted": 8.9,
        "weightedAverageShsOut": 604800000,
        "weightedAverageShsOutDil": 606300000,
        "link": "https://www.sec.gov/Archives/edgar/data/1666700/000166670021000039/0001666700-21-000039-index.htm",
        "finalLink": "https://www.sec.gov/Archives/edgar/data/1666700/000166670021000039/dd-20210331.htm"
    },
    {
        "date": "2020-12-31",
        "symbol": "DD",
        "reportedCurrency": "USD",
        "cik": "0001666700",
        "fillingDate": "2021-02-12",
        "acceptedDate": "2021-02-12 09:43:55",
        "calendarYear": "2020",
        "period": "Q4",
        "revenue": 3750000000,
        "costOfRevenue": 2643000000,
        "grossProfit": 1107000000,
        "grossProfitRatio": 0.2952,
        "researchAndDevelopmentExpenses": 159000000,
        "generalAndAdministrativeExpenses": 0,
        "sellingAndMarketingExpenses": 0,
        "sellingGeneralAndAdministrativeExpenses": 402000000,
        "otherExpenses": 0,
        "operatingExpenses": 561000000,
        "costAndExpenses": 3204000000,
        "interestIncome": 4000000,
        "interestExpense": 155000000,
        "depreciationAndAmortization": 334000000,
        "ebitda": 872000000,
        "ebitdaratio": 0.2325333333,
        "operatingIncome": 546000000,
        "operatingIncomeRatio": 0.1456,
        "totalOtherIncomeExpensesNet": -163000000,
        "incomeBeforeTax": 383000000,
        "incomeBeforeTaxRatio": 0.1021333333,
        "incomeTaxExpense": -64000000,
        "netIncome": 222000000,
        "netIncomeRatio": 0.0592,
        "eps": 0.3,
        "epsdiluted": 0.3,
        "weightedAverageShsOut": 734600000,
        "weightedAverageShsOutDil": 735400000,
        "link": "https://www.sec.gov/Archives/edgar/data/1666700/000166670021000005/0001666700-21-000005-index.htm",
        "finalLink": "https://www.sec.gov/Archives/edgar/data/1666700/000166670021000005/dd-20201231.htm"
    },
    {
        "date": "2020-09-30",
        "symbol": "DD",
        "reportedCurrency": "USD",
        "cik": "0001666700",
        "fillingDate": "2020-10-30",
        "acceptedDate": "2020-10-30 09:09:55",
        "calendarYear": "2020",
        "period": "Q3",
        "revenue": 3629000000,
        "costOfRevenue": 2589000000,
        "grossProfit": 1040000000,
        "grossProfitRatio": 0.2865803252,
        "researchAndDevelopmentExpenses": 140000000,
        "generalAndAdministrativeExpenses": 0,
        "sellingAndMarketingExpenses": 0,
        "sellingGeneralAndAdministrativeExpenses": 403000000,
        "otherExpenses": 0,
        "operatingExpenses": 543000000,
        "costAndExpenses": 3132000000,
        "interestIncome": 4000000,
        "interestExpense": 165000000,
        "depreciationAndAmortization": 345000000,
        "ebitda": 718000000,
        "ebitdaratio": 0.1978506476,
        "operatingIncome": 497000000,
        "operatingIncomeRatio": 0.1369523285,
        "totalOtherIncomeExpensesNet": -289000000,
        "incomeBeforeTax": 208000000,
        "incomeBeforeTaxRatio": 0.057316065,
        "incomeTaxExpense": 122000000,
        "netIncome": -79000000,
        "netIncomeRatio": -0.0217690824,
        "eps": -0.11,
        "epsdiluted": -0.11,
        "weightedAverageShsOut": 734400000,
        "weightedAverageShsOutDil": 734400000,
        "link": "https://www.sec.gov/Archives/edgar/data/1666700/000166670020000053/0001666700-20-000053-index.htm",
        "finalLink": "https://www.sec.gov/Archives/edgar/data/1666700/000166670020000053/dd-20200930.htm"
    },
    {
        "date": "2020-06-30",
        "symbol": "DD",
        "reportedCurrency": "USD",
        "cik": "0001666700",
        "fillingDate": "2020-07-31",
        "acceptedDate": "2020-07-31 10:36:11",
        "calendarYear": "2020",
        "period": "Q2",
        "revenue": 3289000000,
        "costOfRevenue": 2475000000,
        "grossProfit": 814000000,
        "grossProfitRatio": 0.2474916388,
        "researchAndDevelopmentExpenses": 153000000,
        "generalAndAdministrativeExpenses": 0,
        "sellingAndMarketingExpenses": 0,
        "sellingGeneralAndAdministrativeExpenses": 414000000,
        "otherExpenses": 0,
        "operatingExpenses": 567000000,
        "costAndExpenses": 3042000000,
        "interestIncome": 2000000,
        "interestExpense": 181000000,
        "depreciationAndAmortization": 349000000,
        "ebitda": -1851000000,
        "ebitdaratio": -0.562785041,
        "operatingIncome": 247000000,
        "operatingIncomeRatio": 0.0750988142,
        "totalOtherIncomeExpensesNet": -2628000000,
        "incomeBeforeTax": -2381000000,
        "incomeBeforeTaxRatio": -0.7239282457,
        "incomeTaxExpense": 8000000,
        "netIncome": -2478000000,
        "netIncomeRatio": -0.7534204926,
        "eps": -3.37,
        "epsdiluted": -3.37,
        "weightedAverageShsOut": 734300000,
        "weightedAverageShsOutDil": 734300000,
        "link": "https://www.sec.gov/Archives/edgar/data/1666700/000166670020000042/0001666700-20-000042-index.htm",
        "finalLink": "https://www.sec.gov/Archives/edgar/data/1666700/000166670020000042/dupont2q2063020.htm"
    },
    {
        "date": "2020-03-31",
        "symbol": "DD",
        "reportedCurrency": "USD",
        "cik": "0001666700",
        "fillingDate": "2020-05-05",
        "acceptedDate": "2020-05-05 12:30:26",
        "calendarYear": "2020",
        "period": "Q1",
        "revenue": 3670000000,
        "costOfRevenue": 2497000000,
        "grossProfit": 1173000000,
        "grossProfitRatio": 0.3196185286,
        "researchAndDevelopmentExpenses": 173000000,
        "generalAndAdministrativeExpenses": 0,
        "sellingAndMarketingExpenses": 0,
        "sellingGeneralAndAdministrativeExpenses": 482000000,
        "otherExpenses": 0,
        "operatingExpenses": 655000000,
        "costAndExpenses": 3152000000,
        "interestIncome": 2000000,
        "interestExpense": 171000000,
        "depreciationAndAmortization": 346000000,
        "ebitda": 61000000,
        "ebitdaratio": 0.0166212534,
        "operatingIncome": 518000000,
        "operatingIncomeRatio": 0.1411444142,
        "totalOtherIncomeExpensesNet": -974000000,
        "incomeBeforeTax": -456000000,
        "incomeBeforeTaxRatio": -0.1242506812,
        "incomeTaxExpense": 94000000,
        "netIncome": -616000000,
        "netIncomeRatio": -0.1678474114,
        "eps": -0.83,
        "epsdiluted": -0.83,
        "weightedAverageShsOut": 738600000,
        "weightedAverageShsOutDil": 738600000,
        "link": "https://www.sec.gov/Archives/edgar/data/1666700/000166670020000017/0001666700-20-000017-index.htm",
        "finalLink": "https://www.sec.gov/Archives/edgar/data/1666700/000166670020000017/dupont1q2033120.htm"
    },
    {
        "date": "2019-12-31",
        "symbol": "DD",
        "reportedCurrency": "USD",
        "cik": "0001666700",
        "fillingDate": "2020-02-14",
        "acceptedDate": "2020-02-14 13:42:20",
        "calendarYear": "2019",
        "period": "Q4",
        "revenue": 5204000000,
        "costOfRevenue": 3703000000,
        "grossProfit": 1501000000,
        "grossProfitRatio": 0.2884319754,
        "researchAndDevelopmentExpenses": 231000000,
        "generalAndAdministrativeExpenses": 0,
        "sellingAndMarketingExpenses": 0,
        "sellingGeneralAndAdministrativeExpenses": 650000000,
        "otherExpenses": 0,
        "operatingExpenses": 881000000,
        "costAndExpenses": 4584000000,
        "interestIncome": 5000000,
        "interestExpense": 175000000,
        "depreciationAndAmortization": 533000000,
        "ebitda": 897000000,
        "ebitdaratio": 0.1723674097,
        "operatingIncome": 620000000,
        "operatingIncomeRatio": 0.1191391238,
        "totalOtherIncomeExpensesNet": -431000000,
        "incomeBeforeTax": 189000000,
        "incomeBeforeTaxRatio": 0.0363182168,
        "incomeTaxExpense": -2000000,
        "netIncome": 176000000,
        "netIncomeRatio": 0.0338201384,
        "eps": 0.24,
        "epsdiluted": 0.24,
        "weightedAverageShsOut": 740700000,
        "weightedAverageShsOutDil": 742000000,
        "link": "https://www.sec.gov/Archives/edgar/data/1666700/000166670020000006/0001666700-20-000006-index.htm",
        "finalLink": "https://www.sec.gov/Archives/edgar/data/1666700/000166670020000006/dupont201910-k.htm"
    },
    {
        "date": "2019-09-30",
        "symbol": "DD",
        "reportedCurrency": "USD",
        "cik": "0001666700",
        "fillingDate": "2019-10-31",
        "acceptedDate": "2019-10-31 10:14:54",
        "calendarYear": "2019",
        "period": "Q3",
        "revenue": 5426000000,
        "costOfRevenue": 3778000000,
        "grossProfit": 1648000000,
        "grossProfitRatio": 0.3037228161,
        "researchAndDevelopmentExpenses": 225000000,
        "generalAndAdministrativeExpenses": 0,
        "sellingAndMarketingExpenses": 0,
        "sellingGeneralAndAdministrativeExpenses": 645000000,
        "otherExpenses": 0,
        "operatingExpenses": 870000000,
        "costAndExpenses": 4648000000,
        "interestIncome": 1000000,
        "interestExpense": 177000000,
        "depreciationAndAmortization": 499000000,
        "ebitda": 1126000000,
        "ebitdaratio": 0.2075193513,
        "operatingIncome": 778000000,
        "operatingIncomeRatio": 0.1433837081,
        "totalOtherIncomeExpensesNet": -328000000,
        "incomeBeforeTax": 450000000,
        "incomeBeforeTaxRatio": 0.0829340214,
        "incomeTaxExpense": 78000000,
        "netIncome": 372000000,
        "netIncomeRatio": 0.068558791,
        "eps": 0.5,
        "epsdiluted": 0.5,
        "weightedAverageShsOut": 745500000,
        "weightedAverageShsOutDil": 747700000,
        "link": "https://www.sec.gov/Archives/edgar/data/1666700/000166670019000073/0001666700-19-000073-index.htm",
        "finalLink": "https://www.sec.gov/Archives/edgar/data/1666700/000166670019000073/dupont3q1993019.htm"
    },
    {
        "date": "2019-06-30",
        "symbol": "DD",
        "reportedCurrency": "USD",
        "cik": "0001666700",
        "fillingDate": "2019-08-06",
        "acceptedDate": "2019-08-06 17:32:57",
        "calendarYear": "2019",
        "period": "Q2",
        "revenue": 5468000000,
        "costOfRevenue": 3748000000,
        "grossProfit": 1720000000,
        "grossProfitRatio": 0.314557425,
        "researchAndDevelopmentExpenses": 232000000,
        "generalAndAdministrativeExpenses": 0,
        "sellingAndMarketingExpenses": 0,
        "sellingGeneralAndAdministrativeExpenses": 642000000,
        "otherExpenses": 0,
        "operatingExpenses": 874000000,
        "costAndExpenses": 4622000000,
        "interestIncome": 9000000,
        "interestExpense": 165000000,
        "depreciationAndAmortization": 507000000,
        "ebitda": -276000000,
        "ebitdaratio": -0.0504754938,
        "operatingIncome": 846000000,
        "operatingIncomeRatio": 0.1547183614,
        "totalOtherIncomeExpensesNet": -1794000000,
        "incomeBeforeTax": -948000000,
        "incomeBeforeTaxRatio": -0.1733723482,
        "incomeTaxExpense": 155000000,
        "netIncome": -571000000,
        "netIncomeRatio": -0.1044257498,
        "eps": -0.76,
        "epsdiluted": -0.76,
        "weightedAverageShsOut": 749000000,
        "weightedAverageShsOutDil": 749000000,
        "link": "https://www.sec.gov/Archives/edgar/data/1666700/000166670019000065/0001666700-19-000065-index.htm",
        "finalLink": "https://www.sec.gov/Archives/edgar/data/1666700/000166670019000065/dupont2q1963019.htm"
    },
    {
        "date": "2019-03-31",
        "symbol": "DD",
        "reportedCurrency": "USD",
        "cik": "0001666700",
        "fillingDate": "2019-05-03",
        "acceptedDate": "2019-05-03 12:04:27",
        "calendarYear": "2019",
        "period": "Q1",
        "revenue": 5414000000,
        "costOfRevenue": 3877000000,
        "grossProfit": 1537000000,
        "grossProfitRatio": 0.2838936092,
        "researchAndDevelopmentExpenses": 267000000,
        "generalAndAdministrativeExpenses": 0,
        "sellingAndMarketingExpenses": 0,
        "sellingGeneralAndAdministrativeExpenses": 726000000,
        "otherExpenses": 0,
        "operatingExpenses": 993000000,
        "costAndExpenses": 4870000000,
        "interestIncome": 40000000,
        "interestExpense": 151000000,
        "depreciationAndAmortization": 1520000000,
        "ebitda": 1506000000,
        "ebitdaratio": 0.2781677133,
        "operatingIncome": 544000000,
        "operatingIncomeRatio": 0.1004802364,
        "totalOtherIncomeExpensesNet": -709000000,
        "incomeBeforeTax": -165000000,
        "incomeBeforeTaxRatio": -0.0304765423,
        "incomeTaxExpense": -91000000,
        "netIncome": 520000000,
        "netIncomeRatio": 0.0960472848,
        "eps": 0.69,
        "epsdiluted": 0.69,
        "weightedAverageShsOut": 750033000,
        "weightedAverageShsOutDil": 753067000,
        "link": "https://www.sec.gov/Archives/edgar/data/1666700/000166670019000019/0001666700-19-000019-index.htm",
        "finalLink": "https://www.sec.gov/Archives/edgar/data/1666700/000166670019000019/dowdupont1q19033119.htm"
    },
    {
        "date": "2018-12-31",
        "symbol": "DD",
        "reportedCurrency": "USD",
        "cik": "0001666700",
        "fillingDate": "2019-02-11",
        "acceptedDate": "2019-02-11 10:52:47",
        "calendarYear": "2018",
        "period": "Q4",
        "revenue": 5457000000,
        "costOfRevenue": 3899000000,
        "grossProfit": 1558000000,
        "grossProfitRatio": 0.2855048561,
        "researchAndDevelopmentExpenses": 262000000,
        "generalAndAdministrativeExpenses": 0,
        "sellingAndMarketingExpenses": 0,
        "sellingGeneralAndAdministrativeExpenses": 727000000,
        "otherExpenses": 0,
        "operatingExpenses": 989000000,
        "costAndExpenses": 4888000000,
        "interestIncome": 10000000,
        "interestExpense": 55000000,
        "depreciationAndAmortization": 526000000,
        "ebitda": 891000000,
        "ebitdaratio": 0.1632765256,
        "operatingIncome": 569000000,
        "operatingIncomeRatio": 0.1042697453,
        "totalOtherIncomeExpensesNet": -259000000,
        "incomeBeforeTax": 310000000,
        "incomeBeforeTaxRatio": 0.0568077698,
        "incomeTaxExpense": -6000000,
        "netIncome": 480000000,
        "netIncomeRatio": 0.0879604178,
        "eps": 0.62,
        "epsdiluted": 0.62,
        "weightedAverageShsOut": 760699000,
        "weightedAverageShsOutDil": 764299000,
        "link": "https://www.sec.gov/Archives/edgar/data/1666700/000166670019000006/0001666700-19-000006-index.htm",
        "finalLink": "https://www.sec.gov/Archives/edgar/data/1666700/000166670019000006/a2018dwdp10-k.htm"
    },
    {
        "date": "2018-09-30",
        "symbol": "DD",
        "reportedCurrency": "USD",
        "cik": "0001666700",
        "fillingDate": "2018-11-02",
        "acceptedDate": "2018-11-02 10:10:28",
        "calendarYear": "2018",
        "period": "Q3",
        "revenue": 5683000000,
        "costOfRevenue": 4026000000,
        "grossProfit": 1657000000,
        "grossProfitRatio": 0.2915713532,
        "researchAndDevelopmentExpenses": 264000000,
        "generalAndAdministrativeExpenses": 0,
        "sellingAndMarketingExpenses": 0,
        "sellingGeneralAndAdministrativeExpenses": 731000000,
        "otherExpenses": 0,
        "operatingExpenses": 995000000,
        "costAndExpenses": 5021000000,
        "interestIncome": 8000000,
        "interestExpense": 0,
        "depreciationAndAmortization": 542000000,
        "ebitda": 710000000,
        "ebitdaratio": 0.1249340137,
        "operatingIncome": 662000000,
        "operatingIncomeRatio": 0.1164877705,
        "totalOtherIncomeExpensesNet": -494000000,
        "incomeBeforeTax": 168000000,
        "incomeBeforeTaxRatio": 0.0295618511,
        "incomeTaxExpense": 37000000,
        "netIncome": 499000000,
        "netIncomeRatio": 0.0878057364,
        "eps": 0.65,
        "epsdiluted": 0.63,
        "weightedAverageShsOut": 765399000,
        "weightedAverageShsOutDil": 770400000,
        "link": "https://www.sec.gov/Archives/edgar/data/1666700/000166670018000060/0001666700-18-000060-index.htm",
        "finalLink": "https://www.sec.gov/Archives/edgar/data/1666700/000166670018000060/dowdupont3q18093018.htm"
    },
    {
        "date": "2018-06-30",
        "symbol": "DD",
        "reportedCurrency": "USD",
        "cik": "0001666700",
        "fillingDate": "2018-08-03",
        "acceptedDate": "2018-08-03 09:19:25",
        "calendarYear": "2018",
        "period": "Q2",
        "revenue": 5857000000,
        "costOfRevenue": 4351000000,
        "grossProfit": 1506000000,
        "grossProfitRatio": 0.2571282226,
        "researchAndDevelopmentExpenses": 270000000,
        "generalAndAdministrativeExpenses": 0,
        "sellingAndMarketingExpenses": 0,
        "sellingGeneralAndAdministrativeExpenses": 768000000,
        "otherExpenses": 0,
        "operatingExpenses": 1038000000,
        "costAndExpenses": 5389000000,
        "interestIncome": 11000000,
        "interestExpense": 0,
        "depreciationAndAmortization": 551000000,
        "ebitda": 681000000,
        "ebitdaratio": 0.1162711286,
        "operatingIncome": 468000000,
        "operatingIncomeRatio": 0.0799043879,
        "totalOtherIncomeExpensesNet": -338000000,
        "incomeBeforeTax": 130000000,
        "incomeBeforeTaxRatio": 0.0221956633,
        "incomeTaxExpense": 99000000,
        "netIncome": 1762000000,
        "netIncomeRatio": 0.3008366058,
        "eps": 2.28,
        "epsdiluted": 2.28,
        "weightedAverageShsOut": 769633000,
        "weightedAverageShsOutDil": 774500000,
        "link": "https://www.sec.gov/Archives/edgar/data/1666700/000166670018000041/0001666700-18-000041-index.htm",
        "finalLink": "https://www.sec.gov/Archives/edgar/data/1666700/000166670018000041/dowdupont2q18063018.htm"
    },
    {
        "date": "2018-03-31",
        "symbol": "DD",
        "reportedCurrency": "USD",
        "cik": "0001666700",
        "fillingDate": "2018-05-04",
        "acceptedDate": "2018-05-04 09:50:40",
        "calendarYear": "2018",
        "period": "Q1",
        "revenue": 21510000000,
        "costOfRevenue": 16102000000,
        "grossProfit": 5408000000,
        "grossProfitRatio": 0.2514179451,
        "researchAndDevelopmentExpenses": 768000000,
        "generalAndAdministrativeExpenses": 0,
        "sellingAndMarketingExpenses": 0,
        "sellingGeneralAndAdministrativeExpenses": 1714000000,
        "otherExpenses": 0,
        "operatingExpenses": 2482000000,
        "costAndExpenses": 18584000000,
        "interestIncome": 55000000,
        "interestExpense": 350000000,
        "depreciationAndAmortization": 1484000000,
        "ebitda": 3377000000,
        "ebitdaratio": 0.1569967457,
        "operatingIncome": 2926000000,
        "operatingIncomeRatio": 0.1360297536,
        "totalOtherIncomeExpensesNet": -1384000000,
        "incomeBeforeTax": 1542000000,
        "incomeBeforeTaxRatio": 0.0716875872,
        "incomeTaxExpense": 389000000,
        "netIncome": 1098000000,
        "netIncomeRatio": 0.0510460251,
        "eps": 1.41,
        "epsdiluted": 1.41,
        "weightedAverageShsOut": 772333000,
        "weightedAverageShsOutDil": 778099000,
        "link": "https://www.sec.gov/Archives/edgar/data/1666700/000166670018000025/0001666700-18-000025-index.htm",
        "finalLink": "https://www.sec.gov/Archives/edgar/data/1666700/000166670018000025/dowdupont1q18033118.htm"
    },
    {
        "date": "2017-12-31",
        "symbol": "DD",
        "reportedCurrency": "USD",
        "cik": "0001666700",
        "fillingDate": "2018-02-15",
        "acceptedDate": "2018-02-15 16:04:46",
        "calendarYear": "2017",
        "period": "Q4",
        "revenue": 20066000000,
        "costOfRevenue": 17095000000,
        "grossProfit": 2971000000,
        "grossProfitRatio": 0.1480613974,
        "researchAndDevelopmentExpenses": 786000000,
        "generalAndAdministrativeExpenses": 0,
        "sellingAndMarketingExpenses": 0,
        "sellingGeneralAndAdministrativeExpenses": 1584000000,
        "otherExpenses": 0,
        "operatingExpenses": 2370000000,
        "costAndExpenses": 19465000000,
        "interestIncome": 61000000,
        "interestExpense": 354000000,
        "depreciationAndAmortization": 1451000000,
        "ebitda": -1069000000,
        "ebitdaratio": -0.0532741952,
        "operatingIncome": 601000000,
        "operatingIncomeRatio": 0.0299511612,
        "totalOtherIncomeExpensesNet": -3475000000,
        "incomeBeforeTax": -2874000000,
        "incomeBeforeTaxRatio": -0.1432273497,
        "incomeTaxExpense": -1715000000,
        "netIncome": -1263000000,
        "netIncomeRatio": -0.0629422904,
        "eps": -1.62,
        "epsdiluted": -1.62,
        "weightedAverageShsOut": 775633000,
        "weightedAverageShsOutDil": 775633000,
        "link": "https://www.sec.gov/Archives/edgar/data/1666700/000166670018000009/0001666700-18-000009-index.htm",
        "finalLink": "https://www.sec.gov/Archives/edgar/data/1666700/000166670018000009/a2017dwdp10-k.htm"
    },
    {
        "date": "2017-09-30",
        "symbol": "DD",
        "reportedCurrency": "USD",
        "cik": "0001666700",
        "fillingDate": "2017-11-06",
        "acceptedDate": "2017-11-06 15:19:09",
        "calendarYear": "2017",
        "period": "Q3",
        "revenue": 15354000000,
        "costOfRevenue": 12058000000,
        "grossProfit": 3296000000,
        "grossProfitRatio": 0.2146671877,
        "researchAndDevelopmentExpenses": 528000000,
        "generalAndAdministrativeExpenses": 0,
        "sellingAndMarketingExpenses": 0,
        "sellingGeneralAndAdministrativeExpenses": 988000000,
        "otherExpenses": 0,
        "operatingExpenses": 1510000000,
        "costAndExpenses": 13568000000,
        "interestIncome": 39000000,
        "interestExpense": 286000000,
        "depreciationAndAmortization": 1001000000,
        "ebitda": 2412000000,
        "ebitdaratio": 0.1570926143,
        "operatingIncome": 1786000000,
        "operatingIncomeRatio": 0.1163214797,
        "totalOtherIncomeExpensesNet": -661000000,
        "incomeBeforeTax": 1125000000,
        "incomeBeforeTaxRatio": 0.0732708089,
        "incomeTaxExpense": 571000000,
        "netIncome": 511000000,
        "netIncomeRatio": 0.0332812296,
        "eps": 0.96,
        "epsdiluted": 0.96,
        "weightedAverageShsOut": 525933000,
        "weightedAverageShsOutDil": 531766000,
        "link": "https://www.sec.gov/Archives/edgar/data/1666700/000166670017000026/0001666700-17-000026-index.htm",
        "finalLink": "https://www.sec.gov/Archives/edgar/data/1666700/000166670017000026/dowdupont3q17093017.htm"
    },
    {
        "date": "2017-06-30",
        "symbol": "DD",
        "reportedCurrency": "USD",
        "cik": "0001666700",
        "fillingDate": "2017-06-30",
        "acceptedDate": "2017-06-30 00:00:00",
        "calendarYear": "2017",
        "period": "Q2",
        "revenue": 13834000000,
        "costOfRevenue": 10918000000,
        "grossProfit": 2916000000,
        "grossProfitRatio": 0.2107850224,
        "researchAndDevelopmentExpenses": 408000000,
        "generalAndAdministrativeExpenses": 0,
        "sellingAndMarketingExpenses": 0,
        "sellingGeneralAndAdministrativeExpenses": 720000000,
        "otherExpenses": 0,
        "operatingExpenses": 1128000000,
        "costAndExpenses": 12046000000,
        "interestIncome": 22000000,
        "interestExpense": 226000000,
        "depreciationAndAmortization": 739000000,
        "ebitda": 2779000000,
        "ebitdaratio": 0.2008818852,
        "operatingIncome": 1788000000,
        "operatingIncomeRatio": 0.1292467833,
        "totalOtherIncomeExpensesNet": 26000000,
        "incomeBeforeTax": 1814000000,
        "incomeBeforeTaxRatio": 0.1311262108,
        "incomeTaxExpense": 455000000,
        "netIncome": 1315000000,
        "netIncomeRatio": 0.09505566,
        "eps": 3.24,
        "epsdiluted": 3.21,
        "weightedAverageShsOut": 403933000,
        "weightedAverageShsOutDil": 409666000,
        "link": null,
        "finalLink": null
    },
    {
        "date": "2017-03-31",
        "symbol": "DD",
        "reportedCurrency": "USD",
        "cik": "0001666700",
        "fillingDate": "2017-03-31",
        "acceptedDate": "2017-03-31 00:00:00",
        "calendarYear": "2017",
        "period": "Q1",
        "revenue": 13222000000,
        "costOfRevenue": 10337000000,
        "grossProfit": 2885000000,
        "grossProfitRatio": 0.2181969445,
        "researchAndDevelopmentExpenses": 419000000,
        "generalAndAdministrativeExpenses": 0,
        "sellingAndMarketingExpenses": 0,
        "sellingGeneralAndAdministrativeExpenses": 755000000,
        "otherExpenses": 0,
        "operatingExpenses": 1171000000,
        "costAndExpenses": 11508000000,
        "interestIncome": 25000000,
        "interestExpense": 219000000,
        "depreciationAndAmortization": 778000000,
        "ebitda": 2125000000,
        "ebitdaratio": 0.1607169868,
        "operatingIncome": 1714000000,
        "operatingIncomeRatio": 0.1296324308,
        "totalOtherIncomeExpensesNet": -586000000,
        "incomeBeforeTax": 1128000000,
        "incomeBeforeTaxRatio": 0.0853123582,
        "incomeTaxExpense": 213000000,
        "netIncome": 884000000,
        "netIncomeRatio": 0.0668582665,
        "eps": 2.22,
        "epsdiluted": 2.16,
        "weightedAverageShsOut": 400833000,
        "weightedAverageShsOutDil": 407367000,
        "link": null,
        "finalLink": null
    },
    {
        "date": "2016-12-31",
        "symbol": "DD",
        "reportedCurrency": "USD",
        "cik": "0001666700",
        "fillingDate": "2016-12-31",
        "acceptedDate": "2016-12-31 00:00:00",
        "calendarYear": "2016",
        "period": "Q4",
        "revenue": 13007000000,
        "costOfRevenue": 10280000000,
        "grossProfit": 2727000000,
        "grossProfitRatio": 0.2096563389,
        "researchAndDevelopmentExpenses": 425000000,
        "generalAndAdministrativeExpenses": 0,
        "sellingAndMarketingExpenses": 0,
        "sellingGeneralAndAdministrativeExpenses": 782000000,
        "otherExpenses": 0,
        "operatingExpenses": 1207000000,
        "costAndExpenses": 11487000000,
        "interestIncome": 43000000,
        "interestExpense": 229000000,
        "depreciationAndAmortization": 747000000,
        "ebitda": 778000000,
        "ebitdaratio": 0.0598139463,
        "operatingIncome": 1520000000,
        "operatingIncomeRatio": 0.1168601522,
        "totalOtherIncomeExpensesNet": -1718000000,
        "incomeBeforeTax": -198000000,
        "incomeBeforeTaxRatio": -0.0152225725,
        "incomeTaxExpense": -282000000,
        "netIncome": 53000000,
        "netIncomeRatio": 0.004074729,
        "eps": -0.09,
        "epsdiluted": -0.7784,
        "weightedAverageShsOut": 368733332,
        "weightedAverageShsOutDil": 368733000,
        "link": null,
        "finalLink": null
    },
    {
        "date": "2016-09-30",
        "symbol": "DD",
        "reportedCurrency": "USD",
        "cik": "0001666700",
        "fillingDate": "2016-09-30",
        "acceptedDate": "2016-09-30 00:00:00",
        "calendarYear": "2016",
        "period": "Q3",
        "revenue": 12476000000,
        "costOfRevenue": 9743000000,
        "grossProfit": 2733000000,
        "grossProfitRatio": 0.2190605963,
        "researchAndDevelopmentExpenses": 399000000,
        "generalAndAdministrativeExpenses": 0,
        "sellingAndMarketingExpenses": 0,
        "sellingGeneralAndAdministrativeExpenses": 729000000,
        "otherExpenses": 0,
        "operatingExpenses": 1128000000,
        "costAndExpenses": 10871000000,
        "interestIncome": 26000000,
        "interestExpense": 220000000,
        "depreciationAndAmortization": 780000000,
        "ebitda": 2089000000,
        "ebitdaratio": 0.1674414877,
        "operatingIncome": 1605000000,
        "operatingIncomeRatio": 0.1286470022,
        "totalOtherIncomeExpensesNet": -516000000,
        "incomeBeforeTax": 1089000000,
        "incomeBeforeTaxRatio": 0.0872875922,
        "incomeTaxExpense": 271000000,
        "netIncome": 800000000,
        "netIncomeRatio": 0.0641231164,
        "eps": 1.92,
        "epsdiluted": 1.89,
        "weightedAverageShsOut": 370800000,
        "weightedAverageShsOutDil": 375800000,
        "link": null,
        "finalLink": null
    },
    {
        "date": "2016-06-30",
        "symbol": "DD",
        "reportedCurrency": "USD",
        "cik": "0001666700",
        "fillingDate": "2016-06-30",
        "acceptedDate": "2016-06-30 00:00:00",
        "calendarYear": "2016",
        "period": "Q2",
        "revenue": 11952000000,
        "costOfRevenue": 9275000000,
        "grossProfit": 2677000000,
        "grossProfitRatio": 0.2239792503,
        "researchAndDevelopmentExpenses": 399000000,
        "generalAndAdministrativeExpenses": 0,
        "sellingAndMarketingExpenses": 0,
        "sellingGeneralAndAdministrativeExpenses": 402000000,
        "otherExpenses": 1876000000,
        "operatingExpenses": 2677000000,
        "costAndExpenses": 10249000000,
        "interestIncome": 18000000,
        "interestExpense": 208000000,
        "depreciationAndAmortization": 680000000,
        "ebitda": 4245000000,
        "ebitdaratio": 0.3551706827,
        "operatingIncome": 1376000000,
        "operatingIncomeRatio": 0.1151271754,
        "totalOtherIncomeExpensesNet": 1988000000,
        "incomeBeforeTax": 3357000000,
        "incomeBeforeTaxRatio": 0.280873494,
        "incomeTaxExpense": 130000000,
        "netIncome": 3208000000,
        "netIncomeRatio": 0.2684069612,
        "eps": 8.37,
        "epsdiluted": 7.83,
        "weightedAverageShsOut": 370366000,
        "weightedAverageShsOutDil": 407600000,
        "link": null,
        "finalLink": null
    },
    {
        "date": "2016-03-31",
        "symbol": "DD",
        "reportedCurrency": "USD",
        "cik": "0001666700",
        "fillingDate": "2016-03-31",
        "acceptedDate": "2016-03-31 00:00:00",
        "calendarYear": "2016",
        "period": "Q1",
        "revenue": 10703000000,
        "costOfRevenue": 7951000000,
        "grossProfit": 2752000000,
        "grossProfitRatio": 0.2571241708,
        "researchAndDevelopmentExpenses": 361000000,
        "generalAndAdministrativeExpenses": 0,
        "sellingAndMarketingExpenses": 0,
        "sellingGeneralAndAdministrativeExpenses": 357000000,
        "otherExpenses": 2034000000,
        "operatingExpenses": 2752000000,
        "costAndExpenses": 10703000000,
        "interestIncome": 20000000,
        "interestExpense": 201000000,
        "depreciationAndAmortization": 607000000,
        "ebitda": 973000000,
        "ebitdaratio": 0.0909090909,
        "operatingIncome": 1546000000,
        "operatingIncomeRatio": 0.1444454826,
        "totalOtherIncomeExpensesNet": 0,
        "incomeBeforeTax": 165000000,
        "incomeBeforeTaxRatio": 0.0154162384,
        "incomeTaxExpense": -110000000,
        "netIncome": 254000000,
        "netIncomeRatio": 0.023731664,
        "eps": 0.45,
        "epsdiluted": 0.45,
        "weightedAverageShsOut": 367633000,
        "weightedAverageShsOutDil": 372433000,
        "link": null,
        "finalLink": null
    },
    {
        "date": "2015-12-31",
        "symbol": "DD",
        "reportedCurrency": "USD",
        "cik": "0001666700",
        "fillingDate": "2015-12-31",
        "acceptedDate": "2015-12-31 00:00:00",
        "calendarYear": "2015",
        "period": "Q4",
        "revenue": 11462000000,
        "costOfRevenue": 8806000000,
        "grossProfit": 2656000000,
        "grossProfitRatio": 0.2317222125,
        "researchAndDevelopmentExpenses": 404000000,
        "generalAndAdministrativeExpenses": 0,
        "sellingAndMarketingExpenses": 0,
        "sellingGeneralAndAdministrativeExpenses": 734000000,
        "otherExpenses": -12000000,
        "operatingExpenses": 1126000000,
        "costAndExpenses": 10291000000,
        "interestIncome": 25000000,
        "interestExpense": 240000000,
        "depreciationAndAmortization": 600000000,
        "ebitda": 4988000000,
        "ebitdaratio": 0.435177107,
        "operatingIncome": 1392000000,
        "operatingIncomeRatio": 0.121444774,
        "totalOtherIncomeExpensesNet": 2756000000,
        "incomeBeforeTax": 4148000000,
        "incomeBeforeTaxRatio": 0.3618914675,
        "incomeTaxExpense": 517000000,
        "netIncome": 3612000000,
        "netIncomeRatio": 0.3151282499,
        "eps": 9.51,
        "epsdiluted": 8.82,
        "weightedAverageShsOut": 368466000,
        "weightedAverageShsOutDil": 406300000,
        "link": null,
        "finalLink": null
    },
    {
        "date": "2015-09-30",
        "symbol": "DD",
        "reportedCurrency": "USD",
        "cik": "0001666700",
        "fillingDate": "2015-09-30",
        "acceptedDate": "2015-09-30 00:00:00",
        "calendarYear": "2015",
        "period": "Q3",
        "revenue": 12036000000,
        "costOfRevenue": 9349000000,
        "grossProfit": 2687000000,
        "grossProfitRatio": 0.2232469259,
        "researchAndDevelopmentExpenses": 382000000,
        "generalAndAdministrativeExpenses": 0,
        "sellingAndMarketingExpenses": 0,
        "sellingGeneralAndAdministrativeExpenses": 666000000,
        "otherExpenses": 13000000,
        "operatingExpenses": 1061000000,
        "costAndExpenses": 10384000000,
        "interestIncome": 18000000,
        "interestExpense": 233000000,
        "depreciationAndAmortization": 645000000,
        "ebitda": 2941000000,
        "ebitdaratio": 0.2443502825,
        "operatingIncome": 1511000000,
        "operatingIncomeRatio": 0.1255400465,
        "totalOtherIncomeExpensesNet": 552000000,
        "incomeBeforeTax": 2063000000,
        "incomeBeforeTaxRatio": 0.1714024593,
        "incomeTaxExpense": 627000000,
        "netIncome": 1375000000,
        "netIncomeRatio": 0.1142406115,
        "eps": 3.36,
        "epsdiluted": 3.27,
        "weightedAverageShsOut": 416866000,
        "weightedAverageShsOutDil": 416866000,
        "link": null,
        "finalLink": null
    },
    {
        "date": "2015-06-30",
        "symbol": "DD",
        "reportedCurrency": "USD",
        "cik": "0001666700",
        "fillingDate": "2015-06-30",
        "acceptedDate": "2015-06-30 00:00:00",
        "calendarYear": "2015",
        "period": "Q2",
        "revenue": 12910000000,
        "costOfRevenue": 10146000000,
        "grossProfit": 2764000000,
        "grossProfitRatio": 0.2140975988,
        "researchAndDevelopmentExpenses": 429000000,
        "generalAndAdministrativeExpenses": 0,
        "sellingAndMarketingExpenses": 0,
        "sellingGeneralAndAdministrativeExpenses": 750000000,
        "otherExpenses": 17000000,
        "operatingExpenses": 1196000000,
        "costAndExpenses": 11309000000,
        "interestIncome": 11000000,
        "interestExpense": 232000000,
        "depreciationAndAmortization": 642000000,
        "ebitda": 2388000000,
        "ebitdaratio": 0.1849728892,
        "operatingIncome": 1453000000,
        "operatingIncomeRatio": 0.1125484121,
        "totalOtherIncomeExpensesNet": 61000000,
        "incomeBeforeTax": 1514000000,
        "incomeBeforeTaxRatio": 0.1172734314,
        "incomeTaxExpense": 317000000,
        "netIncome": 1220000000,
        "netIncomeRatio": 0.0945003873,
        "eps": 2.97,
        "epsdiluted": 2.91,
        "weightedAverageShsOut": 416466000,
        "weightedAverageShsOutDil": 416466000,
        "link": null,
        "finalLink": null
    },
    {
        "date": "2015-03-31",
        "symbol": "DD",
        "reportedCurrency": "USD",
        "cik": "0001666700",
        "fillingDate": "2015-03-31",
        "acceptedDate": "2015-03-31 00:00:00",
        "calendarYear": "2015",
        "period": "Q1",
        "revenue": 12370000000,
        "costOfRevenue": 9535000000,
        "grossProfit": 2835000000,
        "grossProfitRatio": 0.2291835085,
        "researchAndDevelopmentExpenses": 383000000,
        "generalAndAdministrativeExpenses": 0,
        "sellingAndMarketingExpenses": 0,
        "sellingGeneralAndAdministrativeExpenses": 752000000,
        "otherExpenses": 0,
        "operatingExpenses": 1135000000,
        "costAndExpenses": 10646000000,
        "interestIncome": 17000000,
        "interestExpense": 241000000,
        "depreciationAndAmortization": 634000000,
        "ebitda": 3080000000,
        "ebitdaratio": 0.2489894907,
        "operatingIncome": 1598000000,
        "operatingIncomeRatio": 0.1291835085,
        "totalOtherIncomeExpensesNet": 607000000,
        "incomeBeforeTax": 2205000000,
        "incomeBeforeTaxRatio": 0.1782538399,
        "incomeTaxExpense": 686000000,
        "netIncome": 1478000000,
        "netIncomeRatio": 0.1194826192,
        "eps": 3.66,
        "epsdiluted": 3.54,
        "weightedAverageShsOut": 415566000,
        "weightedAverageShsOutDil": 415566000,
        "link": null,
        "finalLink": null
    },
    {
        "date": "2014-12-31",
        "symbol": "DD",
        "reportedCurrency": "USD",
        "cik": "0001666700",
        "fillingDate": "2014-12-31",
        "acceptedDate": "2014-12-31 00:00:00",
        "calendarYear": "2014",
        "period": "Q4",
        "revenue": 14384000000,
        "costOfRevenue": 11611000000,
        "grossProfit": 2773000000,
        "grossProfitRatio": 0.1927836485,
        "researchAndDevelopmentExpenses": 428000000,
        "generalAndAdministrativeExpenses": 0,
        "sellingAndMarketingExpenses": 0,
        "sellingGeneralAndAdministrativeExpenses": 823000000,
        "otherExpenses": 0,
        "operatingExpenses": 1251000000,
        "costAndExpenses": 12817000000,
        "interestIncome": 19000000,
        "interestExpense": 262000000,
        "depreciationAndAmortization": 692000000,
        "ebitda": 2072000000,
        "ebitdaratio": 0.1440489433,
        "operatingIncome": 1416000000,
        "operatingIncomeRatio": 0.0984427141,
        "totalOtherIncomeExpensesNet": -298000000,
        "incomeBeforeTax": 1118000000,
        "incomeBeforeTaxRatio": 0.0777252503,
        "incomeTaxExpense": 279000000,
        "netIncome": 819000000,
        "netIncomeRatio": 0.0569382647,
        "eps": 1.9,
        "epsdiluted": 1.89,
        "weightedAverageShsOut": 382300000,
        "weightedAverageShsOutDil": 386966000,
        "link": null,
        "finalLink": null
    },
    {
        "date": "2014-09-30",
        "symbol": "DD",
        "reportedCurrency": "USD",
        "cik": "0001666700",
        "fillingDate": "2014-09-30",
        "acceptedDate": "2014-09-30 00:00:00",
        "calendarYear": "2014",
        "period": "Q3",
        "revenue": 14405000000,
        "costOfRevenue": 11776000000,
        "grossProfit": 2629000000,
        "grossProfitRatio": 0.1825060743,
        "researchAndDevelopmentExpenses": 409000000,
        "generalAndAdministrativeExpenses": 0,
        "sellingAndMarketingExpenses": 0,
        "sellingGeneralAndAdministrativeExpenses": 753000000,
        "otherExpenses": 0,
        "operatingExpenses": 1162000000,
        "costAndExpenses": 12906000000,
        "interestIncome": 10000000,
        "interestExpense": 233000000,
        "depreciationAndAmortization": 706000000,
        "ebitda": 2281000000,
        "ebitdaratio": 0.1583477959,
        "operatingIncome": 1359000000,
        "operatingIncomeRatio": 0.0943422423,
        "totalOtherIncomeExpensesNet": -17000000,
        "incomeBeforeTax": 1342000000,
        "incomeBeforeTaxRatio": 0.0931620965,
        "incomeTaxExpense": 378000000,
        "netIncome": 937000000,
        "netIncomeRatio": 0.0650468587,
        "eps": 2.16,
        "epsdiluted": 2.13,
        "weightedAverageShsOut": 389066000,
        "weightedAverageShsOutDil": 394700000,
        "link": null,
        "finalLink": null
    },
    {
        "date": "2014-06-30",
        "symbol": "DD",
        "reportedCurrency": "USD",
        "cik": "0001666700",
        "fillingDate": "2014-06-30",
        "acceptedDate": "2014-06-30 00:00:00",
        "calendarYear": "2014",
        "period": "Q2",
        "revenue": 14917000000,
        "costOfRevenue": 12344000000,
        "grossProfit": 2573000000,
        "grossProfitRatio": 0.1724877656,
        "researchAndDevelopmentExpenses": 419000000,
        "generalAndAdministrativeExpenses": 0,
        "sellingAndMarketingExpenses": 0,
        "sellingGeneralAndAdministrativeExpenses": 751000000,
        "otherExpenses": 0,
        "operatingExpenses": 1170000000,
        "costAndExpenses": 13485000000,
        "interestIncome": 9000000,
        "interestExpense": 242000000,
        "depreciationAndAmortization": 677000000,
        "ebitda": 2233000000,
        "ebitdaratio": 0.1496949789,
        "operatingIncome": 1295000000,
        "operatingIncomeRatio": 0.0868137025,
        "totalOtherIncomeExpensesNet": 19000000,
        "incomeBeforeTax": 1314000000,
        "incomeBeforeTaxRatio": 0.088087417,
        "incomeTaxExpense": 344000000,
        "netIncome": 967000000,
        "netIncomeRatio": 0.064825367,
        "eps": 2.22,
        "epsdiluted": 2.19,
        "weightedAverageShsOut": 392966000,
        "weightedAverageShsOutDil": 398400000,
        "link": null,
        "finalLink": null
    },
    {
        "date": "2014-03-31",
        "symbol": "DD",
        "reportedCurrency": "USD",
        "cik": "0001666700",
        "fillingDate": "2014-03-31",
        "acceptedDate": "2014-03-31 00:00:00",
        "calendarYear": "2014",
        "period": "Q1",
        "revenue": 14461000000,
        "costOfRevenue": 11733000000,
        "grossProfit": 2728000000,
        "grossProfitRatio": 0.1886453219,
        "researchAndDevelopmentExpenses": 391000000,
        "generalAndAdministrativeExpenses": 0,
        "sellingAndMarketingExpenses": 0,
        "sellingGeneralAndAdministrativeExpenses": 779000000,
        "otherExpenses": 0,
        "operatingExpenses": 1170000000,
        "costAndExpenses": 12878000000,
        "interestIncome": 13000000,
        "interestExpense": 246000000,
        "depreciationAndAmortization": 672000000,
        "ebitda": 2409000000,
        "ebitdaratio": 0.1665859899,
        "operatingIncome": 1444000000,
        "operatingIncomeRatio": 0.0998547818,
        "totalOtherIncomeExpensesNet": 47000000,
        "incomeBeforeTax": 1491000000,
        "incomeBeforeTaxRatio": 0.1031049028,
        "incomeTaxExpense": 425000000,
        "netIncome": 1049000000,
        "netIncomeRatio": 0.072539935,
        "eps": 2.4,
        "epsdiluted": 2.37,
        "weightedAverageShsOut": 396866000,
        "weightedAverageShsOutDil": 402566000,
        "link": null,
        "finalLink": null
    },
    {
        "date": "2013-12-31",
        "symbol": "DD",
        "reportedCurrency": "USD",
        "cik": "0001666700",
        "fillingDate": "2013-12-31",
        "acceptedDate": "2013-12-31 00:00:00",
        "calendarYear": "2013",
        "period": "Q4",
        "revenue": 14386000000,
        "costOfRevenue": 12068000000,
        "grossProfit": 2318000000,
        "grossProfitRatio": 0.1611288753,
        "researchAndDevelopmentExpenses": 477000000,
        "generalAndAdministrativeExpenses": 0,
        "sellingAndMarketingExpenses": 0,
        "sellingGeneralAndAdministrativeExpenses": 838000000,
        "otherExpenses": -1000000,
        "operatingExpenses": 1314000000,
        "costAndExpenses": 13127000000,
        "interestIncome": 12000000,
        "interestExpense": 262000000,
        "depreciationAndAmortization": 689000000,
        "ebitda": 2337000000,
        "ebitdaratio": 0.1624496038,
        "operatingIncome": 1259000000,
        "operatingIncomeRatio": 0.0875156402,
        "totalOtherIncomeExpensesNet": 127000000,
        "incomeBeforeTax": 1386000000,
        "incomeBeforeTaxRatio": 0.0963436675,
        "incomeTaxExpense": 358000000,
        "netIncome": 1048000000,
        "netIncomeRatio": 0.0728486028,
        "eps": 2.4,
        "epsdiluted": 2.62,
        "weightedAverageShsOut": 435332000,
        "weightedAverageShsOutDil": 400367000,
        "link": null,
        "finalLink": null
    },
    {
        "date": "2013-09-30",
        "symbol": "DD",
        "reportedCurrency": "USD",
        "cik": "0001666700",
        "fillingDate": "2013-09-30",
        "acceptedDate": "2013-09-30 00:00:00",
        "calendarYear": "2013",
        "period": "Q3",
        "revenue": 13734000000,
        "costOfRevenue": 11716000000,
        "grossProfit": 2018000000,
        "grossProfitRatio": 0.1469346148,
        "researchAndDevelopmentExpenses": 418000000,
        "generalAndAdministrativeExpenses": 0,
        "sellingAndMarketingExpenses": 0,
        "sellingGeneralAndAdministrativeExpenses": 698000000,
        "otherExpenses": 0,
        "operatingExpenses": 1116000000,
        "costAndExpenses": 12799000000,
        "interestIncome": 11000000,
        "interestExpense": 264000000,
        "depreciationAndAmortization": 665000000,
        "ebitda": 1845000000,
        "ebitdaratio": 0.1343381389,
        "operatingIncome": 788000000,
        "operatingIncomeRatio": 0.0573758555,
        "totalOtherIncomeExpensesNet": 128000000,
        "incomeBeforeTax": 916000000,
        "incomeBeforeTaxRatio": 0.0666957915,
        "incomeTaxExpense": 231000000,
        "netIncome": 679000000,
        "netIncomeRatio": 0.0494393476,
        "eps": 1.5,
        "epsdiluted": 1.47,
        "weightedAverageShsOut": 395800000,
        "weightedAverageShsOutDil": 398066000,
        "link": null,
        "finalLink": null
    },
    {
        "date": "2013-06-30",
        "symbol": "DD",
        "reportedCurrency": "USD",
        "cik": "0001666700",
        "fillingDate": "2013-06-30",
        "acceptedDate": "2013-06-30 00:00:00",
        "calendarYear": "2013",
        "period": "Q2",
        "revenue": 14577000000,
        "costOfRevenue": 12103000000,
        "grossProfit": 2474000000,
        "grossProfitRatio": 0.169719421,
        "researchAndDevelopmentExpenses": 417000000,
        "generalAndAdministrativeExpenses": 0,
        "sellingAndMarketingExpenses": 0,
        "sellingGeneralAndAdministrativeExpenses": 716000000,
        "otherExpenses": -107000000,
        "operatingExpenses": 1026000000,
        "costAndExpenses": 13122000000,
        "interestIncome": 10000000,
        "interestExpense": 279000000,
        "depreciationAndAmortization": 659000000,
        "ebitda": 4176000000,
        "ebitdaratio": 0.2864786993,
        "operatingIncome": 1226000000,
        "operatingIncomeRatio": 0.0841050971,
        "totalOtherIncomeExpensesNet": 2012000000,
        "incomeBeforeTax": 3238000000,
        "incomeBeforeTaxRatio": 0.2221307539,
        "incomeTaxExpense": 795000000,
        "netIncome": 2425000000,
        "netIncomeRatio": 0.1663579612,
        "eps": 5.88,
        "epsdiluted": 5.61,
        "weightedAverageShsOut": 414224000,
        "weightedAverageShsOutDil": 429400000,
        "link": null,
        "finalLink": null
    },
    {
        "date": "2013-03-31",
        "symbol": "DD",
        "reportedCurrency": "USD",
        "cik": "0001666700",
        "fillingDate": "2013-03-31",
        "acceptedDate": "2013-03-31 00:00:00",
        "calendarYear": "2013",
        "period": "Q1",
        "revenue": 14383000000,
        "costOfRevenue": 11707000000,
        "grossProfit": 2676000000,
        "grossProfitRatio": 0.1860529792,
        "researchAndDevelopmentExpenses": 435000000,
        "generalAndAdministrativeExpenses": 0,
        "sellingAndMarketingExpenses": 0,
        "sellingGeneralAndAdministrativeExpenses": 772000000,
        "otherExpenses": -50000000,
        "operatingExpenses": 1157000000,
        "costAndExpenses": 12831000000,
        "interestIncome": 8000000,
        "interestExpense": 296000000,
        "depreciationAndAmortization": 668000000,
        "ebitda": 2228000000,
        "ebitdaratio": 0.1549050963,
        "operatingIncome": 1354000000,
        "operatingIncomeRatio": 0.094138914,
        "totalOtherIncomeExpensesNet": -90000000,
        "incomeBeforeTax": 1264000000,
        "incomeBeforeTaxRatio": 0.0878815268,
        "incomeTaxExpense": 604000000,
        "netIncome": 635000000,
        "netIncomeRatio": 0.044149343,
        "eps": 1.38,
        "epsdiluted": 1.38,
        "weightedAverageShsOut": 393700000,
        "weightedAverageShsOutDil": 395866000,
        "link": null,
        "finalLink": null
    },
    {
        "date": "2012-12-31",
        "symbol": "DD",
        "reportedCurrency": "USD",
        "cik": "0001666700",
        "fillingDate": "2012-12-31",
        "acceptedDate": "2012-12-31 00:00:00",
        "calendarYear": "2012",
        "period": "Q4",
        "revenue": 13917000000,
        "costOfRevenue": 11939000000,
        "grossProfit": 1978000000,
        "grossProfitRatio": 0.1421283323,
        "researchAndDevelopmentExpenses": 463000000,
        "generalAndAdministrativeExpenses": 0,
        "sellingAndMarketingExpenses": 0,
        "sellingGeneralAndAdministrativeExpenses": 720000000,
        "otherExpenses": 795000000,
        "operatingExpenses": 1978000000,
        "costAndExpenses": 13917000000,
        "interestIncome": 15000000,
        "interestExpense": 310000000,
        "depreciationAndAmortization": 680000000,
        "ebitda": 140000000,
        "ebitdaratio": 0.0100596393,
        "operatingIncome": 657000000,
        "operatingIncomeRatio": 0.0472084501,
        "totalOtherIncomeExpensesNet": -1507000000,
        "incomeBeforeTax": -850000000,
        "incomeBeforeTaxRatio": -0.0610763814,
        "incomeTaxExpense": -99000000,
        "netIncome": -631000000,
        "netIncomeRatio": -0.0453402314,
        "eps": -1.83,
        "epsdiluted": -1.83,
        "weightedAverageShsOut": 391866000,
        "weightedAverageShsOutDil": 391867000,
        "link": null,
        "finalLink": null
    },
    {
        "date": "2012-09-30",
        "symbol": "DD",
        "reportedCurrency": "USD",
        "cik": "0001666700",
        "fillingDate": "2012-09-30",
        "acceptedDate": "2012-09-30 00:00:00",
        "calendarYear": "2012",
        "period": "Q3",
        "revenue": 13637000000,
        "costOfRevenue": 11368000000,
        "grossProfit": 2269000000,
        "grossProfitRatio": 0.1663855687,
        "researchAndDevelopmentExpenses": 434000000,
        "generalAndAdministrativeExpenses": 0,
        "sellingAndMarketingExpenses": 0,
        "sellingGeneralAndAdministrativeExpenses": 739000000,
        "otherExpenses": 117000000,
        "operatingExpenses": 1290000000,
        "costAndExpenses": 12658000000,
        "interestIncome": 10000000,
        "interestExpense": 318000000,
        "depreciationAndAmortization": 665000000,
        "ebitda": 1808000000,
        "ebitdaratio": 0.1325804796,
        "operatingIncome": 979000000,
        "operatingIncomeRatio": 0.0717899831,
        "totalOtherIncomeExpensesNet": -154000000,
        "incomeBeforeTax": 825000000,
        "incomeBeforeTaxRatio": 0.0604971768,
        "incomeTaxExpense": 234000000,
        "netIncome": 582000000,
        "netIncomeRatio": 0.0426780084,
        "eps": 1.26,
        "epsdiluted": 1.26,
        "weightedAverageShsOut": 390900000,
        "weightedAverageShsOutDil": 393166000,
        "link": null,
        "finalLink": null
    },
    {
        "date": "2012-06-30",
        "symbol": "DD",
        "reportedCurrency": "USD",
        "cik": "0001666700",
        "fillingDate": "2012-06-30",
        "acceptedDate": "2012-06-30 00:00:00",
        "calendarYear": "2012",
        "period": "Q2",
        "revenue": 14513000000,
        "costOfRevenue": 12200000000,
        "grossProfit": 2313000000,
        "grossProfitRatio": 0.159374354,
        "researchAndDevelopmentExpenses": 406000000,
        "generalAndAdministrativeExpenses": 0,
        "sellingAndMarketingExpenses": 0,
        "sellingGeneralAndAdministrativeExpenses": 653000000,
        "otherExpenses": 143000000,
        "operatingExpenses": 1202000000,
        "costAndExpenses": 13402000000,
        "interestIncome": 10000000,
        "interestExpense": 312000000,
        "depreciationAndAmortization": 674000000,
        "ebitda": 1970000000,
        "ebitdaratio": 0.1357403707,
        "operatingIncome": 1111000000,
        "operatingIncomeRatio": 0.0765520568,
        "totalOtherIncomeExpensesNet": -127000000,
        "incomeBeforeTax": 984000000,
        "incomeBeforeTaxRatio": 0.0678012816,
        "incomeTaxExpense": 244000000,
        "netIncome": 734000000,
        "netIncomeRatio": 0.0505753462,
        "eps": 1.65,
        "epsdiluted": 1.65,
        "weightedAverageShsOut": 389900000,
        "weightedAverageShsOutDil": 392200000,
        "link": null,
        "finalLink": null
    },
    {
        "date": "2012-03-31",
        "symbol": "DD",
        "reportedCurrency": "USD",
        "cik": "0001666700",
        "fillingDate": "2012-03-31",
        "acceptedDate": "2012-03-31 00:00:00",
        "calendarYear": "2012",
        "period": "Q1",
        "revenue": 14719000000,
        "costOfRevenue": 12285000000,
        "grossProfit": 2434000000,
        "grossProfitRatio": 0.1653644949,
        "researchAndDevelopmentExpenses": 405000000,
        "generalAndAdministrativeExpenses": 0,
        "sellingAndMarketingExpenses": 0,
        "sellingGeneralAndAdministrativeExpenses": 686000000,
        "otherExpenses": 143000000,
        "operatingExpenses": 1234000000,
        "costAndExpenses": 13519000000,
        "interestIncome": 6000000,
        "interestExpense": 329000000,
        "depreciationAndAmortization": 679000000,
        "ebitda": 1714000000,
        "ebitdaratio": 0.1164481283,
        "operatingIncome": 1200000000,
        "operatingIncomeRatio": 0.0815272777,
        "totalOtherIncomeExpensesNet": -494000000,
        "incomeBeforeTax": 706000000,
        "incomeBeforeTaxRatio": 0.047965215,
        "incomeTaxExpense": 186000000,
        "netIncome": 497000000,
        "netIncomeRatio": 0.0337658808,
        "eps": 1.05,
        "epsdiluted": 1.05,
        "weightedAverageShsOut": 386966000,
        "weightedAverageShsOutDil": 389566000,
        "link": null,
        "finalLink": null
    },
    {
        "date": "2011-12-31",
        "symbol": "DD",
        "reportedCurrency": "USD",
        "cik": "0001666700",
        "fillingDate": "2011-12-31",
        "acceptedDate": "2011-12-31 00:00:00",
        "calendarYear": "2011",
        "period": "Q4",
        "revenue": 14097000000,
        "costOfRevenue": 12433000000,
        "grossProfit": 1664000000,
        "grossProfitRatio": 0.1180392991,
        "researchAndDevelopmentExpenses": 433000000,
        "generalAndAdministrativeExpenses": 0,
        "sellingAndMarketingExpenses": 0,
        "sellingGeneralAndAdministrativeExpenses": 702000000,
        "otherExpenses": 123000000,
        "operatingExpenses": 1258000000,
        "costAndExpenses": 13691000000,
        "interestIncome": 14000000,
        "interestExpense": 331000000,
        "depreciationAndAmortization": 741000000,
        "ebitda": 1426000000,
        "ebitdaratio": 0.1011562744,
        "operatingIncome": 406000000,
        "operatingIncomeRatio": 0.028800454,
        "totalOtherIncomeExpensesNet": -52000000,
        "incomeBeforeTax": 354000000,
        "incomeBeforeTaxRatio": 0.0251117259,
        "incomeTaxExpense": 271000000,
        "netIncome": 65000000,
        "netIncomeRatio": 0.0046109101,
        "eps": -0.09,
        "epsdiluted": -0.06,
        "weightedAverageShsOut": 384766000,
        "weightedAverageShsOutDil": 386433000,
        "link": null,
        "finalLink": null
    },
    {
        "date": "2011-09-30",
        "symbol": "DD",
        "reportedCurrency": "USD",
        "cik": "0001666700",
        "fillingDate": "2011-09-30",
        "acceptedDate": "2011-09-30 00:00:00",
        "calendarYear": "2011",
        "period": "Q3",
        "revenue": 15109000000,
        "costOfRevenue": 12928000000,
        "grossProfit": 2181000000,
        "grossProfitRatio": 0.144351049,
        "researchAndDevelopmentExpenses": 402000000,
        "generalAndAdministrativeExpenses": 0,
        "sellingAndMarketingExpenses": 0,
        "sellingGeneralAndAdministrativeExpenses": 691000000,
        "otherExpenses": 125000000,
        "operatingExpenses": 1218000000,
        "costAndExpenses": 14146000000,
        "interestIncome": 9000000,
        "interestExpense": 305000000,
        "depreciationAndAmortization": 714000000,
        "ebitda": 2108000000,
        "ebitdaratio": 0.1395194917,
        "operatingIncome": 963000000,
        "operatingIncomeRatio": 0.0637368456,
        "totalOtherIncomeExpensesNet": 126000000,
        "incomeBeforeTax": 1089000000,
        "incomeBeforeTaxRatio": 0.0720762459,
        "incomeTaxExpense": 186000000,
        "netIncome": 900000000,
        "netIncomeRatio": 0.0595671454,
        "eps": 2.1,
        "epsdiluted": 2.07,
        "weightedAverageShsOut": 384100000,
        "weightedAverageShsOutDil": 386966000,
        "link": null,
        "finalLink": null
    },
    {
        "date": "2011-06-30",
        "symbol": "DD",
        "reportedCurrency": "USD",
        "cik": "0001666700",
        "fillingDate": "2011-06-30",
        "acceptedDate": "2011-06-30 00:00:00",
        "calendarYear": "2011",
        "period": "Q2",
        "revenue": 16046000000,
        "costOfRevenue": 13551000000,
        "grossProfit": 2495000000,
        "grossProfitRatio": 0.1554904649,
        "researchAndDevelopmentExpenses": 411000000,
        "generalAndAdministrativeExpenses": 0,
        "sellingAndMarketingExpenses": 0,
        "sellingGeneralAndAdministrativeExpenses": 695000000,
        "otherExpenses": 125000000,
        "operatingExpenses": 1231000000,
        "costAndExpenses": 14782000000,
        "interestIncome": 10000000,
        "interestExpense": 328000000,
        "depreciationAndAmortization": 697000000,
        "ebitda": 2342000000,
        "ebitdaratio": 0.1459553783,
        "operatingIncome": 1264000000,
        "operatingIncomeRatio": 0.0787735261,
        "totalOtherIncomeExpensesNet": 53000000,
        "incomeBeforeTax": 1317000000,
        "incomeBeforeTaxRatio": 0.08207653,
        "incomeTaxExpense": 240000000,
        "netIncome": 1067000000,
        "netIncomeRatio": 0.0664963231,
        "eps": 2.52,
        "epsdiluted": 2.52,
        "weightedAverageShsOut": 383200000,
        "weightedAverageShsOutDil": 386966000,
        "link": null,
        "finalLink": null
    },
    {
        "date": "2011-03-31",
        "symbol": "DD",
        "reportedCurrency": "USD",
        "cik": "0001666700",
        "fillingDate": "2011-03-31",
        "acceptedDate": "2011-03-31 00:00:00",
        "calendarYear": "2011",
        "period": "Q1",
        "revenue": 14733000000,
        "costOfRevenue": 12117000000,
        "grossProfit": 2616000000,
        "grossProfitRatio": 0.1775605783,
        "researchAndDevelopmentExpenses": 400000000,
        "generalAndAdministrativeExpenses": 0,
        "sellingAndMarketingExpenses": 0,
        "sellingGeneralAndAdministrativeExpenses": 700000000,
        "otherExpenses": 123000000,
        "operatingExpenses": 1223000000,
        "costAndExpenses": 13340000000,
        "interestIncome": 7000000,
        "interestExpense": 377000000,
        "depreciationAndAmortization": 731000000,
        "ebitda": 1949000000,
        "ebitdaratio": 0.1322880608,
        "operatingIncome": 1393000000,
        "operatingIncomeRatio": 0.0945496504,
        "totalOtherIncomeExpensesNet": -552000000,
        "incomeBeforeTax": 841000000,
        "incomeBeforeTaxRatio": 0.0570827394,
        "incomeTaxExpense": 120000000,
        "netIncome": 710000000,
        "netIncomeRatio": 0.0481911355,
        "eps": 1.65,
        "epsdiluted": 1.62,
        "weightedAverageShsOut": 379833000,
        "weightedAverageShsOutDil": 387066000,
        "link": null,
        "finalLink": null
    },
    {
        "date": "2010-12-31",
        "symbol": "DD",
        "reportedCurrency": "USD",
        "cik": "0001666700",
        "fillingDate": "2010-12-31",
        "acceptedDate": "2010-12-31 00:00:00",
        "calendarYear": "2010",
        "period": "Q4",
        "revenue": 13771000000,
        "costOfRevenue": 11818000000,
        "grossProfit": 1953000000,
        "grossProfitRatio": 0.1418197662,
        "researchAndDevelopmentExpenses": 443000000,
        "generalAndAdministrativeExpenses": 0,
        "sellingAndMarketingExpenses": 0,
        "sellingGeneralAndAdministrativeExpenses": 659000000,
        "otherExpenses": 132000000,
        "operatingExpenses": 1234000000,
        "costAndExpenses": 13052000000,
        "interestIncome": 13000000,
        "interestExpense": 368000000,
        "depreciationAndAmortization": 755000000,
        "ebitda": 1769000000,
        "ebitdaratio": 0.1284583545,
        "operatingIncome": 719000000,
        "operatingIncomeRatio": 0.0522111684,
        "totalOtherIncomeExpensesNet": -73000000,
        "incomeBeforeTax": 646000000,
        "incomeBeforeTaxRatio": 0.0469101736,
        "incomeTaxExpense": 133000000,
        "netIncome": 511000000,
        "netIncomeRatio": 0.0371069639,
        "eps": 1.14,
        "epsdiluted": 1.08,
        "weightedAverageShsOut": 375300000,
        "weightedAverageShsOutDil": 381266000,
        "link": null,
        "finalLink": null
    },
    {
        "date": "2010-09-30",
        "symbol": "DD",
        "reportedCurrency": "USD",
        "cik": "0001666700",
        "fillingDate": "2010-09-30",
        "acceptedDate": "2010-09-30 00:00:00",
        "calendarYear": "2010",
        "period": "Q3",
        "revenue": 12868000000,
        "costOfRevenue": 10841000000,
        "grossProfit": 2027000000,
        "grossProfitRatio": 0.1575225365,
        "researchAndDevelopmentExpenses": 403000000,
        "generalAndAdministrativeExpenses": 0,
        "sellingAndMarketingExpenses": 0,
        "sellingGeneralAndAdministrativeExpenses": 640000000,
        "otherExpenses": 124000000,
        "operatingExpenses": 1167000000,
        "costAndExpenses": 12008000000,
        "interestIncome": 7000000,
        "interestExpense": 362000000,
        "depreciationAndAmortization": 716000000,
        "ebitda": 1789000000,
        "ebitdaratio": 0.1390270438,
        "operatingIncome": 860000000,
        "operatingIncomeRatio": 0.0668324526,
        "totalOtherIncomeExpensesNet": -149000000,
        "incomeBeforeTax": 711000000,
        "incomeBeforeTaxRatio": 0.0552533416,
        "incomeTaxExpense": 114000000,
        "netIncome": 597000000,
        "netIncomeRatio": 0.046394156,
        "eps": 1.35,
        "epsdiluted": 1.35,
        "weightedAverageShsOut": 376000000,
        "weightedAverageShsOutDil": 381833000,
        "link": null,
        "finalLink": null
    },
    {
        "date": "2010-06-30",
        "symbol": "DD",
        "reportedCurrency": "USD",
        "cik": "0001666700",
        "fillingDate": "2010-06-30",
        "acceptedDate": "2010-06-30 00:00:00",
        "calendarYear": "2010",
        "period": "Q2",
        "revenue": 13618000000,
        "costOfRevenue": 11580000000,
        "grossProfit": 2038000000,
        "grossProfitRatio": 0.1496548686,
        "researchAndDevelopmentExpenses": 407000000,
        "generalAndAdministrativeExpenses": 0,
        "sellingAndMarketingExpenses": 0,
        "sellingGeneralAndAdministrativeExpenses": 648000000,
        "otherExpenses": 125000000,
        "operatingExpenses": 1180000000,
        "costAndExpenses": 12760000000,
        "interestIncome": 10000000,
        "interestExpense": 367000000,
        "depreciationAndAmortization": 734000000,
        "ebitda": 1891000000,
        "ebitdaratio": 0.1388603319,
        "operatingIncome": 858000000,
        "operatingIncomeRatio": 0.0630048465,
        "totalOtherIncomeExpensesNet": -68000000,
        "incomeBeforeTax": 790000000,
        "incomeBeforeTaxRatio": 0.0580114554,
        "incomeTaxExpense": 131000000,
        "netIncome": 651000000,
        "netIncomeRatio": 0.0478043766,
        "eps": 1.5,
        "epsdiluted": 1.5,
        "weightedAverageShsOut": 375133000,
        "weightedAverageShsOutDil": 380533000,
        "link": null,
        "finalLink": null
    },
    {
        "date": "2010-03-31",
        "symbol": "DD",
        "reportedCurrency": "USD",
        "cik": "0001666700",
        "fillingDate": "2010-03-31",
        "acceptedDate": "2010-03-31 00:00:00",
        "calendarYear": "2010",
        "period": "Q1",
        "revenue": 13417000000,
        "costOfRevenue": 11541000000,
        "grossProfit": 1876000000,
        "grossProfitRatio": 0.1398226131,
        "researchAndDevelopmentExpenses": 407000000,
        "generalAndAdministrativeExpenses": 0,
        "sellingAndMarketingExpenses": 0,
        "sellingGeneralAndAdministrativeExpenses": 662000000,
        "otherExpenses": 128000000,
        "operatingExpenses": 1197000000,
        "costAndExpenses": 12738000000,
        "interestIncome": 7000000,
        "interestExpense": 376000000,
        "depreciationAndAmortization": 757000000,
        "ebitda": 1788000000,
        "ebitdaratio": 0.1332637698,
        "operatingIncome": 679000000,
        "operatingIncomeRatio": 0.0506074383,
        "totalOtherIncomeExpensesNet": -24000000,
        "incomeBeforeTax": 655000000,
        "incomeBeforeTaxRatio": 0.0488186629,
        "incomeTaxExpense": 103000000,
        "netIncome": 551000000,
        "netIncomeRatio": 0.0410673027,
        "eps": 1.26,
        "epsdiluted": 1.23,
        "weightedAverageShsOut": 372500000,
        "weightedAverageShsOutDil": 379300000,
        "link": null,
        "finalLink": null
    },
    {
        "date": "2009-12-31",
        "symbol": "DD",
        "reportedCurrency": "USD",
        "cik": "0001666700",
        "fillingDate": "2009-12-31",
        "acceptedDate": "2009-12-31 00:00:00",
        "calendarYear": "2009",
        "period": "Q4",
        "revenue": 12466000000,
        "costOfRevenue": 10860000000,
        "grossProfit": 1606000000,
        "grossProfitRatio": 0.1288304187,
        "researchAndDevelopmentExpenses": 419000000,
        "generalAndAdministrativeExpenses": 0,
        "sellingAndMarketingExpenses": 0,
        "sellingGeneralAndAdministrativeExpenses": 698000000,
        "otherExpenses": 157000000,
        "operatingExpenses": 1274000000,
        "costAndExpenses": 12134000000,
        "interestIncome": 12000000,
        "interestExpense": 404000000,
        "depreciationAndAmortization": 804000000,
        "ebitda": 1358000000,
        "ebitdaratio": 0.1089363068,
        "operatingIncome": 332000000,
        "operatingIncomeRatio": 0.0266324402,
        "totalOtherIncomeExpensesNet": -182000000,
        "incomeBeforeTax": 150000000,
        "incomeBeforeTaxRatio": 0.012032729,
        "incomeTaxExpense": -28000000,
        "netIncome": 172000000,
        "netIncomeRatio": 0.0137975293,
        "eps": 0.37,
        "epsdiluted": 0.4,
        "weightedAverageShsOut": 347733000,
        "weightedAverageShsOutDil": 351300000,
        "link": null,
        "finalLink": null
    },
    {
        "date": "2009-09-30",
        "symbol": "DD",
        "reportedCurrency": "USD",
        "cik": "0001666700",
        "fillingDate": "2009-09-30",
        "acceptedDate": "2009-09-30 00:00:00",
        "calendarYear": "2009",
        "period": "Q3",
        "revenue": 12046000000,
        "costOfRevenue": 10386000000,
        "grossProfit": 1660000000,
        "grossProfitRatio": 0.1378050805,
        "researchAndDevelopmentExpenses": 400000000,
        "generalAndAdministrativeExpenses": 0,
        "sellingAndMarketingExpenses": 0,
        "sellingGeneralAndAdministrativeExpenses": 683000000,
        "otherExpenses": 108000000,
        "operatingExpenses": 1191000000,
        "costAndExpenses": 11577000000,
        "interestIncome": 6000000,
        "interestExpense": 488000000,
        "depreciationAndAmortization": 752000000,
        "ebitda": 2243000000,
        "ebitdaratio": 0.1862028889,
        "operatingIncome": 469000000,
        "operatingIncomeRatio": 0.038934086,
        "totalOtherIncomeExpensesNet": 534000000,
        "incomeBeforeTax": 1003000000,
        "incomeBeforeTaxRatio": 0.0832641541,
        "incomeTaxExpense": 204000000,
        "netIncome": 796000000,
        "netIncomeRatio": 0.0660800266,
        "eps": 1.92,
        "epsdiluted": 1.89,
        "weightedAverageShsOut": 369466000,
        "weightedAverageShsOutDil": 373566000,
        "link": null,
        "finalLink": null
    },
    {
        "date": "2009-06-30",
        "symbol": "DD",
        "reportedCurrency": "USD",
        "cik": "0001666700",
        "fillingDate": "2009-06-30",
        "acceptedDate": "2009-06-30 00:00:00",
        "calendarYear": "2009",
        "period": "Q2",
        "revenue": 11322000000,
        "costOfRevenue": 9764000000,
        "grossProfit": 1558000000,
        "grossProfitRatio": 0.1376081964,
        "researchAndDevelopmentExpenses": 381000000,
        "generalAndAdministrativeExpenses": 0,
        "sellingAndMarketingExpenses": 0,
        "sellingGeneralAndAdministrativeExpenses": 663000000,
        "otherExpenses": 112000000,
        "operatingExpenses": 1156000000,
        "costAndExpenses": 10920000000,
        "interestIncome": 9000000,
        "interestExpense": 525000000,
        "depreciationAndAmortization": 763000000,
        "ebitda": 605000000,
        "ebitdaratio": 0.0534357887,
        "operatingIncome": 402000000,
        "operatingIncomeRatio": 0.0355060943,
        "totalOtherIncomeExpensesNet": -1085000000,
        "incomeBeforeTax": -683000000,
        "incomeBeforeTaxRatio": -0.0603250309,
        "incomeTaxExpense": -248000000,
        "netIncome": -344000000,
        "netIncomeRatio": -0.0303833245,
        "eps": -1.41,
        "epsdiluted": -1.41,
        "weightedAverageShsOut": 342033000,
        "weightedAverageShsOutDil": 345166000,
        "link": null,
        "finalLink": null
    },
    {
        "date": "2009-03-31",
        "symbol": "DD",
        "reportedCurrency": "USD",
        "cik": "0001666700",
        "fillingDate": "2009-03-31",
        "acceptedDate": "2009-03-31 00:00:00",
        "calendarYear": "2009",
        "period": "Q1",
        "revenue": 9087000000,
        "costOfRevenue": 8138000000,
        "grossProfit": 949000000,
        "grossProfitRatio": 0.104434907,
        "researchAndDevelopmentExpenses": 292000000,
        "generalAndAdministrativeExpenses": 0,
        "sellingAndMarketingExpenses": 0,
        "sellingGeneralAndAdministrativeExpenses": 443000000,
        "otherExpenses": 23000000,
        "operatingExpenses": 758000000,
        "costAndExpenses": 8923000000,
        "interestIncome": 12000000,
        "interestExpense": 154000000,
        "depreciationAndAmortization": 508000000,
        "ebitda": 661000000,
        "ebitdaratio": 0.0727412787,
        "operatingIncome": 146000000,
        "operatingIncomeRatio": 0.0160669088,
        "totalOtherIncomeExpensesNet": -147000000,
        "incomeBeforeTax": -1000000,
        "incomeBeforeTaxRatio": -0.0001100473,
        "incomeTaxExpense": -25000000,
        "netIncome": 24000000,
        "netIncomeRatio": 0.0026411357,
        "eps": 0.0778,
        "epsdiluted": 0.0773,
        "weightedAverageShsOut": 308466000,
        "weightedAverageShsOutDil": 310666000,
        "link": null,
        "finalLink": null
    },
    {
        "date": "2008-12-31",
        "symbol": "DD",
        "reportedCurrency": "USD",
        "cik": "0001666700",
        "fillingDate": "2008-12-31",
        "acceptedDate": "2008-12-31 00:00:00",
        "calendarYear": "2008",
        "period": "Q4",
        "revenue": 10899000000,
        "costOfRevenue": 10493000000,
        "grossProfit": 406000000,
        "grossProfitRatio": 0.037251124,
        "researchAndDevelopmentExpenses": 310000000,
        "generalAndAdministrativeExpenses": 0,
        "sellingAndMarketingExpenses": 0,
        "sellingGeneralAndAdministrativeExpenses": 458000000,
        "otherExpenses": 24000000,
        "operatingExpenses": 792000000,
        "costAndExpenses": 11285000000,
        "interestIncome": 14000000,
        "interestExpense": 192000000,
        "depreciationAndAmortization": 555000000,
        "ebitda": 14000000,
        "ebitdaratio": 0.0012845215,
        "operatingIncome": -386000000,
        "operatingIncomeRatio": -0.0354160932,
        "totalOtherIncomeExpensesNet": -1214000000,
        "incomeBeforeTax": -1600000000,
        "incomeBeforeTaxRatio": -0.1468024589,
        "incomeTaxExpense": -68000000,
        "netIncome": -1552000000,
        "netIncomeRatio": -0.1423983852,
        "eps": -5,
        "epsdiluted": -4.96,
        "weightedAverageShsOut": 310133000,
        "weightedAverageShsOutDil": 313000000,
        "link": null,
        "finalLink": null
    },
    {
        "date": "2008-09-30",
        "symbol": "DD",
        "reportedCurrency": "USD",
        "cik": "0001666700",
        "fillingDate": "2008-09-30",
        "acceptedDate": "2008-09-30 00:00:00",
        "calendarYear": "2008",
        "period": "Q3",
        "revenue": 15411000000,
        "costOfRevenue": 13949000000,
        "grossProfit": 1462000000,
        "grossProfitRatio": 0.0948673026,
        "researchAndDevelopmentExpenses": 334000000,
        "generalAndAdministrativeExpenses": 0,
        "sellingAndMarketingExpenses": 0,
        "sellingGeneralAndAdministrativeExpenses": 497000000,
        "otherExpenses": 120000000,
        "operatingExpenses": 951000000,
        "costAndExpenses": 15371000000,
        "interestIncome": 23000000,
        "interestExpense": 160000000,
        "depreciationAndAmortization": 538000000,
        "ebitda": 1318000000,
        "ebitdaratio": 0.0855233275,
        "operatingIncome": 570000000,
        "operatingIncomeRatio": 0.036986568,
        "totalOtherIncomeExpensesNet": 50000000,
        "incomeBeforeTax": 620000000,
        "incomeBeforeTaxRatio": 0.0402310038,
        "incomeTaxExpense": 180000000,
        "netIncome": 428000000,
        "netIncomeRatio": 0.0277723704,
        "eps": 1.39,
        "epsdiluted": 1.37,
        "weightedAverageShsOut": 308400000,
        "weightedAverageShsOutDil": 311333000,
        "link": null,
        "finalLink": null
    },
    {
        "date": "2008-06-30",
        "symbol": "DD",
        "reportedCurrency": "USD",
        "cik": "0001666700",
        "fillingDate": "2008-06-30",
        "acceptedDate": "2008-06-30 00:00:00",
        "calendarYear": "2008",
        "period": "Q2",
        "revenue": 16380000000,
        "costOfRevenue": 14621000000,
        "grossProfit": 1759000000,
        "grossProfitRatio": 0.1073870574,
        "researchAndDevelopmentExpenses": 335000000,
        "generalAndAdministrativeExpenses": 0,
        "sellingAndMarketingExpenses": 0,
        "sellingGeneralAndAdministrativeExpenses": 514000000,
        "otherExpenses": 408000000,
        "operatingExpenses": 1257000000,
        "costAndExpenses": 16349000000,
        "interestIncome": 25000000,
        "interestExpense": 151000000,
        "depreciationAndAmortization": 569000000,
        "ebitda": 1736000000,
        "ebitdaratio": 0.105982906,
        "operatingIncome": 854000000,
        "operatingIncomeRatio": 0.0521367521,
        "totalOtherIncomeExpensesNet": 162000000,
        "incomeBeforeTax": 1016000000,
        "incomeBeforeTaxRatio": 0.062026862,
        "incomeTaxExpense": 240000000,
        "netIncome": 762000000,
        "netIncomeRatio": 0.0465201465,
        "eps": 2.46,
        "epsdiluted": 2.43,
        "weightedAverageShsOut": 309933000,
        "weightedAverageShsOutDil": 313133000,
        "link": null,
        "finalLink": null
    },
    {
        "date": "2008-03-31",
        "symbol": "DD",
        "reportedCurrency": "USD",
        "cik": "0001666700",
        "fillingDate": "2008-03-31",
        "acceptedDate": "2008-03-31 00:00:00",
        "calendarYear": "2008",
        "period": "Q1",
        "revenue": 14824000000,
        "costOfRevenue": 12908000000,
        "grossProfit": 1916000000,
        "grossProfitRatio": 0.1292498651,
        "researchAndDevelopmentExpenses": 331000000,
        "generalAndAdministrativeExpenses": 0,
        "sellingAndMarketingExpenses": 0,
        "sellingGeneralAndAdministrativeExpenses": 498000000,
        "otherExpenses": 616000000,
        "operatingExpenses": 1445000000,
        "costAndExpenses": 14824000000,
        "interestIncome": 24000000,
        "interestExpense": 145000000,
        "depreciationAndAmortization": 574000000,
        "ebitda": 1983000000,
        "ebitdaratio": 0.1337695629,
        "operatingIncome": 1065000000,
        "operatingIncomeRatio": 0.0718429574,
        "totalOtherIncomeExpensesNet": 199000000,
        "incomeBeforeTax": 1264000000,
        "incomeBeforeTaxRatio": 0.0852671344,
        "incomeTaxExpense": 299000000,
        "netIncome": 941000000,
        "netIncomeRatio": 0.0634781436,
        "eps": 3,
        "epsdiluted": 2.97,
        "weightedAverageShsOut": 314033000,
        "weightedAverageShsOutDil": 317200000,
        "link": null,
        "finalLink": null
    },
    {
        "date": "2007-12-31",
        "symbol": "DD",
        "reportedCurrency": "USD",
        "cik": "0001666700",
        "fillingDate": "2007-12-31",
        "acceptedDate": "2007-12-31 00:00:00",
        "calendarYear": "2007",
        "period": "Q4",
        "revenue": 14227000000,
        "costOfRevenue": 12533000000,
        "grossProfit": 1694000000,
        "grossProfitRatio": 0.1190693751,
        "researchAndDevelopmentExpenses": 354000000,
        "generalAndAdministrativeExpenses": 0,
        "sellingAndMarketingExpenses": 0,
        "sellingGeneralAndAdministrativeExpenses": 493000000,
        "otherExpenses": 847000000,
        "operatingExpenses": 1694000000,
        "costAndExpenses": 14227000000,
        "interestIncome": 0,
        "interestExpense": 0,
        "depreciationAndAmortization": 589000000,
        "ebitda": 1415000000,
        "ebitdaratio": 0.0994587756,
        "operatingIncome": 826000000,
        "operatingIncomeRatio": 0.0580586209,
        "totalOtherIncomeExpensesNet": -356000000,
        "incomeBeforeTax": 470000000,
        "incomeBeforeTaxRatio": 0.033035777,
        "incomeTaxExpense": -27000000,
        "netIncome": 472000000,
        "netIncomeRatio": 0.0331763548,
        "eps": 1.49,
        "epsdiluted": 1.47,
        "weightedAverageShsOut": 317700000,
        "weightedAverageShsOutDil": 321866000,
        "link": null,
        "finalLink": null
    },
    {
        "date": "2007-09-30",
        "symbol": "DD",
        "reportedCurrency": "USD",
        "cik": "0001666700",
        "fillingDate": "2007-09-30",
        "acceptedDate": "2007-09-30 00:00:00",
        "calendarYear": "2007",
        "period": "Q3",
        "revenue": 13589000000,
        "costOfRevenue": 11864000000,
        "grossProfit": 1725000000,
        "grossProfitRatio": 0.1269409081,
        "researchAndDevelopmentExpenses": 329000000,
        "generalAndAdministrativeExpenses": 0,
        "sellingAndMarketingExpenses": 0,
        "sellingGeneralAndAdministrativeExpenses": 476000000,
        "otherExpenses": 920000000,
        "operatingExpenses": 1725000000,
        "costAndExpenses": 13589000000,
        "interestIncome": 0,
        "interestExpense": 0,
        "depreciationAndAmortization": 560000000,
        "ebitda": 1458000000,
        "ebitdaratio": 0.1072926632,
        "operatingIncome": 898000000,
        "operatingIncomeRatio": 0.0660828611,
        "totalOtherIncomeExpensesNet": 187000000,
        "incomeBeforeTax": 1085000000,
        "incomeBeforeTaxRatio": 0.0798439915,
        "incomeTaxExpense": 659000000,
        "netIncome": 403000000,
        "netIncomeRatio": 0.0296563397,
        "eps": 1.27,
        "epsdiluted": 1.26,
        "weightedAverageShsOut": 316300000,
        "weightedAverageShsOutDil": 320500000,
        "link": null,
        "finalLink": null
    },
    {
        "date": "2007-06-30",
        "symbol": "DD",
        "reportedCurrency": "USD",
        "cik": "0001666700",
        "fillingDate": "2007-06-30",
        "acceptedDate": "2007-06-30 00:00:00",
        "calendarYear": "2007",
        "period": "Q2",
        "revenue": 13265000000,
        "costOfRevenue": 11398000000,
        "grossProfit": 1867000000,
        "grossProfitRatio": 0.1407463249,
        "researchAndDevelopmentExpenses": 320000000,
        "generalAndAdministrativeExpenses": 0,
        "sellingAndMarketingExpenses": 0,
        "sellingGeneralAndAdministrativeExpenses": 477000000,
        "otherExpenses": 1070000000,
        "operatingExpenses": 1867000000,
        "costAndExpenses": 13265000000,
        "interestIncome": 0,
        "interestExpense": 0,
        "depreciationAndAmortization": 533000000,
        "ebitda": 1585000000,
        "ebitdaratio": 0.1194873728,
        "operatingIncome": 1052000000,
        "operatingIncomeRatio": 0.0793064455,
        "totalOtherIncomeExpensesNet": 289000000,
        "incomeBeforeTax": 1341000000,
        "incomeBeforeTaxRatio": 0.1010931021,
        "incomeTaxExpense": 277000000,
        "netIncome": 1039000000,
        "netIncomeRatio": 0.0783264229,
        "eps": 3.26,
        "epsdiluted": 3.22,
        "weightedAverageShsOut": 318266000,
        "weightedAverageShsOutDil": 322666000,
        "link": null,
        "finalLink": null
    },
    {
        "date": "2007-03-31",
        "symbol": "DD",
        "reportedCurrency": "USD",
        "cik": "0001666700",
        "fillingDate": "2007-03-31",
        "acceptedDate": "2007-03-31 00:00:00",
        "calendarYear": "2007",
        "period": "Q1",
        "revenue": 12432000000,
        "costOfRevenue": 10605000000,
        "grossProfit": 1827000000,
        "grossProfitRatio": 0.1469594595,
        "researchAndDevelopmentExpenses": 302000000,
        "generalAndAdministrativeExpenses": 0,
        "sellingAndMarketingExpenses": 0,
        "sellingGeneralAndAdministrativeExpenses": 418000000,
        "otherExpenses": 1107000000,
        "operatingExpenses": 1827000000,
        "costAndExpenses": 12432000000,
        "interestIncome": 0,
        "interestExpense": 0,
        "depreciationAndAmortization": 508000000,
        "ebitda": 1604000000,
        "ebitdaratio": 0.129021879,
        "operatingIncome": 1096000000,
        "operatingIncomeRatio": 0.0881595882,
        "totalOtherIncomeExpensesNet": 237000000,
        "incomeBeforeTax": 1333000000,
        "incomeBeforeTaxRatio": 0.1072232947,
        "incomeTaxExpense": 335000000,
        "netIncome": 973000000,
        "netIncomeRatio": 0.0782657658,
        "eps": 3.03,
        "epsdiluted": 2.99,
        "weightedAverageShsOut": 321066000,
        "weightedAverageShsOutDil": 325300000,
        "link": null,
        "finalLink": null
    },
    {
        "date": "2006-12-31",
        "symbol": "DD",
        "reportedCurrency": "USD",
        "cik": "0001666700",
        "fillingDate": "2006-12-31",
        "acceptedDate": "2006-12-31 00:00:00",
        "calendarYear": "2006",
        "period": "Q4",
        "revenue": 12236000000,
        "costOfRevenue": 10499000000,
        "grossProfit": 1737000000,
        "grossProfitRatio": 0.1419581563,
        "researchAndDevelopmentExpenses": 308000000,
        "generalAndAdministrativeExpenses": 0,
        "sellingAndMarketingExpenses": 0,
        "sellingGeneralAndAdministrativeExpenses": 453000000,
        "otherExpenses": 976000000,
        "operatingExpenses": 1737000000,
        "costAndExpenses": 12236000000,
        "interestIncome": 0,
        "interestExpense": 0,
        "depreciationAndAmortization": 530000000,
        "ebitda": 1493000000,
        "ebitdaratio": 0.122016999,
        "operatingIncome": 963000000,
        "operatingIncomeRatio": 0.0787021903,
        "totalOtherIncomeExpensesNet": 360000000,
        "incomeBeforeTax": 1323000000,
        "incomeBeforeTaxRatio": 0.1081235698,
        "incomeTaxExpense": 324000000,
        "netIncome": 975000000,
        "netIncomeRatio": 0.0796829029,
        "eps": 3.04,
        "epsdiluted": 3,
        "weightedAverageShsOut": 320766000,
        "weightedAverageShsOutDil": 324800000,
        "link": null,
        "finalLink": null
    },
    {
        "date": "2006-09-30",
        "symbol": "DD",
        "reportedCurrency": "USD",
        "cik": "0001666700",
        "fillingDate": "2006-09-30",
        "acceptedDate": "2006-09-30 00:00:00",
        "calendarYear": "2006",
        "period": "Q3",
        "revenue": 12359000000,
        "costOfRevenue": 10600000000,
        "grossProfit": 1759000000,
        "grossProfitRatio": 0.1423254309,
        "researchAndDevelopmentExpenses": 291000000,
        "generalAndAdministrativeExpenses": 0,
        "sellingAndMarketingExpenses": 0,
        "sellingGeneralAndAdministrativeExpenses": 420000000,
        "otherExpenses": 1048000000,
        "operatingExpenses": 1759000000,
        "costAndExpenses": 12359000000,
        "interestIncome": 0,
        "interestExpense": 0,
        "depreciationAndAmortization": 538000000,
        "ebitda": 1573000000,
        "ebitdaratio": 0.1272756696,
        "operatingIncome": 1035000000,
        "operatingIncomeRatio": 0.0837446395,
        "totalOtherIncomeExpensesNet": -365000000,
        "incomeBeforeTax": 670000000,
        "incomeBeforeTaxRatio": 0.0542115058,
        "incomeTaxExpense": 137000000,
        "netIncome": 512000000,
        "netIncomeRatio": 0.0414272999,
        "eps": 1.6,
        "epsdiluted": 1.58,
        "weightedAverageShsOut": 319700000,
        "weightedAverageShsOutDil": 323300000,
        "link": null,
        "finalLink": null
    },
    {
        "date": "2006-06-30",
        "symbol": "DD",
        "reportedCurrency": "USD",
        "cik": "0001666700",
        "fillingDate": "2006-06-30",
        "acceptedDate": "2006-06-30 00:00:00",
        "calendarYear": "2006",
        "period": "Q2",
        "revenue": 12509000000,
        "costOfRevenue": 10624000000,
        "grossProfit": 1885000000,
        "grossProfitRatio": 0.1506915021,
        "researchAndDevelopmentExpenses": 287000000,
        "generalAndAdministrativeExpenses": 0,
        "sellingAndMarketingExpenses": 0,
        "sellingGeneralAndAdministrativeExpenses": 402000000,
        "otherExpenses": 1196000000,
        "operatingExpenses": 1885000000,
        "costAndExpenses": 12509000000,
        "interestIncome": 0,
        "interestExpense": 0,
        "depreciationAndAmortization": 512000000,
        "ebitda": 1696000000,
        "ebitdaratio": 0.1355823807,
        "operatingIncome": 1184000000,
        "operatingIncomeRatio": 0.0946518507,
        "totalOtherIncomeExpensesNet": 172000000,
        "incomeBeforeTax": 1356000000,
        "incomeBeforeTaxRatio": 0.1084019506,
        "incomeTaxExpense": 310000000,
        "netIncome": 1023000000,
        "netIncomeRatio": 0.0817811176,
        "eps": 3.19,
        "epsdiluted": 3.15,
        "weightedAverageShsOut": 321166000,
        "weightedAverageShsOutDil": 325200000,
        "link": null,
        "finalLink": null
    },
    {
        "date": "2006-03-31",
        "symbol": "DD",
        "reportedCurrency": "USD",
        "cik": "0001666700",
        "fillingDate": "2006-03-31",
        "acceptedDate": "2006-03-31 00:00:00",
        "calendarYear": "2006",
        "period": "Q1",
        "revenue": 12020000000,
        "costOfRevenue": 9803000000,
        "grossProfit": 2217000000,
        "grossProfitRatio": 0.1844425957,
        "researchAndDevelopmentExpenses": 278000000,
        "generalAndAdministrativeExpenses": 0,
        "sellingAndMarketingExpenses": 0,
        "sellingGeneralAndAdministrativeExpenses": 388000000,
        "otherExpenses": 1551000000,
        "operatingExpenses": 2217000000,
        "costAndExpenses": 12020000000,
        "interestIncome": 0,
        "interestExpense": 0,
        "depreciationAndAmortization": 494000000,
        "ebitda": 2033000000,
        "ebitdaratio": 0.1691347754,
        "operatingIncome": 1539000000,
        "operatingIncomeRatio": 0.1280366057,
        "totalOtherIncomeExpensesNet": 84000000,
        "incomeBeforeTax": 1623000000,
        "incomeBeforeTaxRatio": 0.1350249584,
        "incomeTaxExpense": 384000000,
        "netIncome": 1214000000,
        "netIncomeRatio": 0.1009983361,
        "eps": 3.76,
        "epsdiluted": 3.71,
        "weightedAverageShsOut": 322633000,
        "weightedAverageShsOutDil": 326900000,
        "link": null,
        "finalLink": null
    },
    {
        "date": "2005-12-31",
        "symbol": "DD",
        "reportedCurrency": "USD",
        "cik": "0001666700",
        "fillingDate": "2005-12-31",
        "acceptedDate": "2005-12-31 00:00:00",
        "calendarYear": "2005",
        "period": "Q4",
        "revenue": 11917000000,
        "costOfRevenue": 10029000000,
        "grossProfit": 1888000000,
        "grossProfitRatio": 0.1584291348,
        "researchAndDevelopmentExpenses": 283000000,
        "generalAndAdministrativeExpenses": 0,
        "sellingAndMarketingExpenses": 0,
        "sellingGeneralAndAdministrativeExpenses": 392000000,
        "otherExpenses": 1213000000,
        "operatingExpenses": 1888000000,
        "costAndExpenses": 11917000000,
        "interestIncome": 0,
        "interestExpense": 0,
        "depreciationAndAmortization": 572000000,
        "ebitda": 1770000000,
        "ebitdaratio": 0.1485273139,
        "operatingIncome": 1198000000,
        "operatingIncomeRatio": 0.1005286565,
        "totalOtherIncomeExpensesNet": 569000000,
        "incomeBeforeTax": 1767000000,
        "incomeBeforeTaxRatio": 0.1482755727,
        "incomeTaxExpense": 629000000,
        "netIncome": 1096000000,
        "netIncomeRatio": 0.0919694554,
        "eps": 3.41,
        "epsdiluted": 3.37,
        "weightedAverageShsOut": 321066000,
        "weightedAverageShsOutDil": 325600000,
        "link": null,
        "finalLink": null
    },
    {
        "date": "2005-09-30",
        "symbol": "DD",
        "reportedCurrency": "USD",
        "cik": "0001666700",
        "fillingDate": "2005-09-30",
        "acceptedDate": "2005-09-30 00:00:00",
        "calendarYear": "2005",
        "period": "Q3",
        "revenue": 11261000000,
        "costOfRevenue": 9610000000,
        "grossProfit": 1651000000,
        "grossProfitRatio": 0.1466122014,
        "researchAndDevelopmentExpenses": 264000000,
        "generalAndAdministrativeExpenses": 0,
        "sellingAndMarketingExpenses": 0,
        "sellingGeneralAndAdministrativeExpenses": 379000000,
        "otherExpenses": 1008000000,
        "operatingExpenses": 1651000000,
        "costAndExpenses": 11261000000,
        "interestIncome": 0,
        "interestExpense": 0,
        "depreciationAndAmortization": 497000000,
        "ebitda": 1492000000,
        "ebitdaratio": 0.1324926738,
        "operatingIncome": 995000000,
        "operatingIncomeRatio": 0.0883580499,
        "totalOtherIncomeExpensesNet": 153000000,
        "incomeBeforeTax": 1148000000,
        "incomeBeforeTaxRatio": 0.1019447651,
        "incomeTaxExpense": 328000000,
        "netIncome": 801000000,
        "netIncomeRatio": 0.0711304502,
        "eps": 2.49,
        "epsdiluted": 2.46,
        "weightedAverageShsOut": 321733000,
        "weightedAverageShsOutDil": 326133000,
        "link": null,
        "finalLink": null
    },
    {
        "date": "2005-06-30",
        "symbol": "DD",
        "reportedCurrency": "USD",
        "cik": "0001666700",
        "fillingDate": "2005-06-30",
        "acceptedDate": "2005-06-30 00:00:00",
        "calendarYear": "2005",
        "period": "Q2",
        "revenue": 11450000000,
        "costOfRevenue": 9300000000,
        "grossProfit": 2150000000,
        "grossProfitRatio": 0.1877729258,
        "researchAndDevelopmentExpenses": 271000000,
        "generalAndAdministrativeExpenses": 0,
        "sellingAndMarketingExpenses": 0,
        "sellingGeneralAndAdministrativeExpenses": 383000000,
        "otherExpenses": 1496000000,
        "operatingExpenses": 2150000000,
        "costAndExpenses": 11450000000,
        "interestIncome": 0,
        "interestExpense": 0,
        "depreciationAndAmortization": 493000000,
        "ebitda": 1976000000,
        "ebitdaratio": 0.1725764192,
        "operatingIncome": 1483000000,
        "operatingIncomeRatio": 0.1295196507,
        "totalOtherIncomeExpensesNet": 120000000,
        "incomeBeforeTax": 1603000000,
        "incomeBeforeTaxRatio": 0.14,
        "incomeTaxExpense": 317000000,
        "netIncome": 1265000000,
        "netIncomeRatio": 0.1104803493,
        "eps": 3.94,
        "epsdiluted": 3.89,
        "weightedAverageShsOut": 321366000,
        "weightedAverageShsOutDil": 325400000,
        "link": null,
        "finalLink": null
    },
    {
        "date": "2005-03-31",
        "symbol": "DD",
        "reportedCurrency": "USD",
        "cik": "0001666700",
        "fillingDate": "2005-03-31",
        "acceptedDate": "2005-03-31 00:00:00",
        "calendarYear": "2005",
        "period": "Q1",
        "revenue": 11679000000,
        "costOfRevenue": 9337000000,
        "grossProfit": 2342000000,
        "grossProfitRatio": 0.2005308674,
        "researchAndDevelopmentExpenses": 255000000,
        "generalAndAdministrativeExpenses": 0,
        "sellingAndMarketingExpenses": 0,
        "sellingGeneralAndAdministrativeExpenses": 391000000,
        "otherExpenses": 1696000000,
        "operatingExpenses": 2342000000,
        "costAndExpenses": 11679000000,
        "interestIncome": 0,
        "interestExpense": 0,
        "depreciationAndAmortization": 517000000,
        "ebitda": 2199000000,
        "ebitdaratio": 0.1882866684,
        "operatingIncome": 1682000000,
        "operatingIncomeRatio": 0.1440191797,
        "totalOtherIncomeExpensesNet": 199000000,
        "incomeBeforeTax": 1881000000,
        "incomeBeforeTaxRatio": 0.1610583098,
        "incomeTaxExpense": 508000000,
        "netIncome": 1353000000,
        "netIncomeRatio": 0.1158489597,
        "eps": 4.23,
        "epsdiluted": 4.18,
        "weightedAverageShsOut": 319700000,
        "weightedAverageShsOutDil": 323900000,
        "link": null,
        "finalLink": null
    },
    {
        "date": "2004-12-31",
        "symbol": "DD",
        "reportedCurrency": "USD",
        "cik": "0001666700",
        "fillingDate": "2004-12-31",
        "acceptedDate": "2004-12-31 00:00:00",
        "calendarYear": "2004",
        "period": "Q4",
        "revenue": 10936000000,
        "costOfRevenue": 9295000000,
        "grossProfit": 1641000000,
        "grossProfitRatio": 0.1500548647,
        "researchAndDevelopmentExpenses": 261000000,
        "generalAndAdministrativeExpenses": 0,
        "sellingAndMarketingExpenses": 0,
        "sellingGeneralAndAdministrativeExpenses": 385000000,
        "otherExpenses": 995000000,
        "operatingExpenses": 1641000000,
        "costAndExpenses": 10936000000,
        "interestIncome": 0,
        "interestExpense": 0,
        "depreciationAndAmortization": 513000000,
        "ebitda": 1491000000,
        "ebitdaratio": 0.1363386979,
        "operatingIncome": 978000000,
        "operatingIncomeRatio": 0.0894294075,
        "totalOtherIncomeExpensesNet": 255000000,
        "incomeBeforeTax": 1233000000,
        "incomeBeforeTaxRatio": 0.112746891,
        "incomeTaxExpense": 175000000,
        "netIncome": 1026000000,
        "netIncomeRatio": 0.0938185808,
        "eps": 3.27,
        "epsdiluted": 3.23,
        "weightedAverageShsOut": 313366000,
        "weightedAverageShsOutDil": 317933000,
        "link": null,
        "finalLink": null
    },
    {
        "date": "2004-09-30",
        "symbol": "DD",
        "reportedCurrency": "USD",
        "cik": "0001666700",
        "fillingDate": "2004-09-30",
        "acceptedDate": "2004-09-30 00:00:00",
        "calendarYear": "2004",
        "period": "Q3",
        "revenue": 10072000000,
        "costOfRevenue": 8697000000,
        "grossProfit": 1375000000,
        "grossProfitRatio": 0.136517077,
        "researchAndDevelopmentExpenses": 248000000,
        "generalAndAdministrativeExpenses": 0,
        "sellingAndMarketingExpenses": 0,
        "sellingGeneralAndAdministrativeExpenses": 341000000,
        "otherExpenses": 786000000,
        "operatingExpenses": 1375000000,
        "costAndExpenses": 10072000000,
        "interestIncome": 0,
        "interestExpense": 0,
        "depreciationAndAmortization": 559000000,
        "ebitda": 1326000000,
        "ebitdaratio": 0.1316521048,
        "operatingIncome": 767000000,
        "operatingIncomeRatio": 0.0761517077,
        "totalOtherIncomeExpensesNet": 93000000,
        "incomeBeforeTax": 860000000,
        "incomeBeforeTaxRatio": 0.0853852264,
        "incomeTaxExpense": 214000000,
        "netIncome": 617000000,
        "netIncomeRatio": 0.0612589357,
        "eps": 1.97,
        "epsdiluted": 1.95,
        "weightedAverageShsOut": 313633000,
        "weightedAverageShsOutDil": 317133000,
        "link": null,
        "finalLink": null
    },
    {
        "date": "2004-06-30",
        "symbol": "DD",
        "reportedCurrency": "USD",
        "cik": "0001666700",
        "fillingDate": "2004-06-30",
        "acceptedDate": "2004-06-30 00:00:00",
        "calendarYear": "2004",
        "period": "Q2",
        "revenue": 9844000000,
        "costOfRevenue": 8345000000,
        "grossProfit": 1499000000,
        "grossProfitRatio": 0.1522754978,
        "researchAndDevelopmentExpenses": 262000000,
        "generalAndAdministrativeExpenses": 0,
        "sellingAndMarketingExpenses": 0,
        "sellingGeneralAndAdministrativeExpenses": 347000000,
        "otherExpenses": 890000000,
        "operatingExpenses": 1499000000,
        "costAndExpenses": 9844000000,
        "interestIncome": 0,
        "interestExpense": 0,
        "depreciationAndAmortization": 502000000,
        "ebitda": 1376000000,
        "ebitdaratio": 0.139780577,
        "operatingIncome": 874000000,
        "operatingIncomeRatio": 0.0887850467,
        "totalOtherIncomeExpensesNet": 126000000,
        "incomeBeforeTax": 1000000000,
        "incomeBeforeTaxRatio": 0.1015847217,
        "incomeTaxExpense": 284000000,
        "netIncome": 685000000,
        "netIncomeRatio": 0.0695855343,
        "eps": 2.19,
        "epsdiluted": 2.17,
        "weightedAverageShsOut": 312666000,
        "weightedAverageShsOutDil": 315966000,
        "link": null,
        "finalLink": null
    },
    {
        "date": "2004-03-31",
        "symbol": "DD",
        "reportedCurrency": "USD",
        "cik": "0001666700",
        "fillingDate": "2004-03-31",
        "acceptedDate": "2004-03-31 00:00:00",
        "calendarYear": "2004",
        "period": "Q1",
        "revenue": 9309000000,
        "costOfRevenue": 7907000000,
        "grossProfit": 1402000000,
        "grossProfitRatio": 0.1506069395,
        "researchAndDevelopmentExpenses": 251000000,
        "generalAndAdministrativeExpenses": 0,
        "sellingAndMarketingExpenses": 0,
        "sellingGeneralAndAdministrativeExpenses": 363000000,
        "otherExpenses": 788000000,
        "operatingExpenses": 1402000000,
        "costAndExpenses": 9309000000,
        "interestIncome": 0,
        "interestExpense": 0,
        "depreciationAndAmortization": 514000000,
        "ebitda": 1273000000,
        "ebitdaratio": 0.1367493823,
        "operatingIncome": 759000000,
        "operatingIncomeRatio": 0.0815339994,
        "totalOtherIncomeExpensesNet": -56000000,
        "incomeBeforeTax": 703000000,
        "incomeBeforeTaxRatio": 0.0755183156,
        "incomeTaxExpense": 204000000,
        "netIncome": 469000000,
        "netIncomeRatio": 0.0503813514,
        "eps": 1.51,
        "epsdiluted": 1.49,
        "weightedAverageShsOut": 310566000,
        "weightedAverageShsOutDil": 314400000,
        "link": null,
        "finalLink": null
    },
    {
        "date": "2003-12-31",
        "symbol": "DD",
        "reportedCurrency": "USD",
        "cik": "0001666700",
        "fillingDate": "2003-12-31",
        "acceptedDate": "2003-12-31 00:00:00",
        "calendarYear": "2003",
        "period": "Q4",
        "revenue": 8332000000,
        "costOfRevenue": 7183000000,
        "grossProfit": 1149000000,
        "grossProfitRatio": 0.1379020643,
        "researchAndDevelopmentExpenses": 251000000,
        "generalAndAdministrativeExpenses": 0,
        "sellingAndMarketingExpenses": 0,
        "sellingGeneralAndAdministrativeExpenses": 349000000,
        "otherExpenses": 549000000,
        "operatingExpenses": 1149000000,
        "costAndExpenses": 8332000000,
        "interestIncome": 0,
        "interestExpense": 0,
        "depreciationAndAmortization": 502000000,
        "ebitda": 1032000000,
        "ebitdaratio": 0.1238598176,
        "operatingIncome": 530000000,
        "operatingIncomeRatio": 0.0636101776,
        "totalOtherIncomeExpensesNet": -20000000,
        "incomeBeforeTax": 510000000,
        "incomeBeforeTaxRatio": 0.0612097936,
        "incomeTaxExpense": -442000000,
        "netIncome": 929000000,
        "netIncomeRatio": 0.1114978397,
        "eps": 3.03,
        "epsdiluted": 3.01,
        "weightedAverageShsOut": 306266000,
        "weightedAverageShsOutDil": 308700000,
        "link": null,
        "finalLink": null
    },
    {
        "date": "2003-09-30",
        "symbol": "DD",
        "reportedCurrency": "USD",
        "cik": "0001666700",
        "fillingDate": "2003-09-30",
        "acceptedDate": "2003-09-30 00:00:00",
        "calendarYear": "2003",
        "period": "Q3",
        "revenue": 7977000000,
        "costOfRevenue": 6861000000,
        "grossProfit": 1116000000,
        "grossProfitRatio": 0.1399022189,
        "researchAndDevelopmentExpenses": 247000000,
        "generalAndAdministrativeExpenses": 0,
        "sellingAndMarketingExpenses": 0,
        "sellingGeneralAndAdministrativeExpenses": 334000000,
        "otherExpenses": 535000000,
        "operatingExpenses": 1116000000,
        "costAndExpenses": 7977000000,
        "interestIncome": 0,
        "interestExpense": 0,
        "depreciationAndAmortization": 466000000,
        "ebitda": 987000000,
        "ebitdaratio": 0.1237307258,
        "operatingIncome": 521000000,
        "operatingIncomeRatio": 0.0653127742,
        "totalOtherIncomeExpensesNet": -39000000,
        "incomeBeforeTax": 482000000,
        "incomeBeforeTaxRatio": 0.0604237182,
        "incomeTaxExpense": 127000000,
        "netIncome": 332000000,
        "netIncomeRatio": 0.0416196565,
        "eps": 1.08,
        "epsdiluted": 1.08,
        "weightedAverageShsOut": 306600000,
        "weightedAverageShsOutDil": 308833000,
        "link": null,
        "finalLink": null
    },
    {
        "date": "2003-06-30",
        "symbol": "DD",
        "reportedCurrency": "USD",
        "cik": "0001666700",
        "fillingDate": "2003-06-30",
        "acceptedDate": "2003-06-30 00:00:00",
        "calendarYear": "2003",
        "period": "Q2",
        "revenue": 8242000000,
        "costOfRevenue": 6970000000,
        "grossProfit": 1272000000,
        "grossProfitRatio": 0.1543314729,
        "researchAndDevelopmentExpenses": 246000000,
        "generalAndAdministrativeExpenses": 0,
        "sellingAndMarketingExpenses": 0,
        "sellingGeneralAndAdministrativeExpenses": 354000000,
        "otherExpenses": 672000000,
        "operatingExpenses": 1272000000,
        "costAndExpenses": 8242000000,
        "interestIncome": 0,
        "interestExpense": 0,
        "depreciationAndAmortization": 465000000,
        "ebitda": 1122000000,
        "ebitdaratio": 0.1361320068,
        "operatingIncome": 657000000,
        "operatingIncomeRatio": 0.0797136617,
        "totalOtherIncomeExpensesNet": -47000000,
        "incomeBeforeTax": 610000000,
        "incomeBeforeTaxRatio": 0.0740111623,
        "incomeTaxExpense": 186000000,
        "netIncome": 393000000,
        "netIncomeRatio": 0.0476826013,
        "eps": 1.29,
        "epsdiluted": 1.28,
        "weightedAverageShsOut": 305766000,
        "weightedAverageShsOutDil": 307300000,
        "link": null,
        "finalLink": null
    },
    {
        "date": "2003-03-31",
        "symbol": "DD",
        "reportedCurrency": "USD",
        "cik": "0001666700",
        "fillingDate": "2003-03-31",
        "acceptedDate": "2003-03-31 00:00:00",
        "calendarYear": "2003",
        "period": "Q1",
        "revenue": 8081000000,
        "costOfRevenue": 7163000000,
        "grossProfit": 918000000,
        "grossProfitRatio": 0.113599802,
        "researchAndDevelopmentExpenses": 237000000,
        "generalAndAdministrativeExpenses": 0,
        "sellingAndMarketingExpenses": 0,
        "sellingGeneralAndAdministrativeExpenses": 355000000,
        "otherExpenses": 15000000,
        "operatingExpenses": 607000000,
        "costAndExpenses": 7770000000,
        "interestIncome": 0,
        "interestExpense": 0,
        "depreciationAndAmortization": 470000000,
        "ebitda": 781000000,
        "ebitdaratio": 0.0966464546,
        "operatingIncome": 311000000,
        "operatingIncomeRatio": 0.038485336,
        "totalOtherIncomeExpensesNet": -162000000,
        "incomeBeforeTax": 149000000,
        "incomeBeforeTaxRatio": 0.0184383121,
        "incomeTaxExpense": 47000000,
        "netIncome": 76000000,
        "netIncomeRatio": 0.0094047766,
        "eps": 0.25,
        "epsdiluted": 0.25,
        "weightedAverageShsOut": 304866000,
        "weightedAverageShsOutDil": 305900000,
        "link": null,
        "finalLink": null
    },
    {
        "date": "2002-12-31",
        "symbol": "DD",
        "reportedCurrency": "USD",
        "cik": "0001666700",
        "fillingDate": "2002-12-31",
        "acceptedDate": "2002-12-31 00:00:00",
        "calendarYear": "2002",
        "period": "Q4",
        "revenue": 7089000000,
        "costOfRevenue": 6461000000,
        "grossProfit": 628000000,
        "grossProfitRatio": 0.0885879532,
        "researchAndDevelopmentExpenses": 282000000,
        "generalAndAdministrativeExpenses": 0,
        "sellingAndMarketingExpenses": 0,
        "sellingGeneralAndAdministrativeExpenses": 413000000,
        "otherExpenses": 16000000,
        "operatingExpenses": 711000000,
        "costAndExpenses": 7172000000,
        "interestIncome": 0,
        "interestExpense": 0,
        "depreciationAndAmortization": 520000000,
        "ebitda": 437000000,
        "ebitdaratio": 0.0616448018,
        "operatingIncome": -83000000,
        "operatingIncomeRatio": -0.0117082804,
        "totalOtherIncomeExpensesNet": -1145000000,
        "incomeBeforeTax": -1228000000,
        "incomeBeforeTaxRatio": -0.173226125,
        "incomeTaxExpense": -482000000,
        "netIncome": -809000000,
        "netIncomeRatio": -0.1141204683,
        "eps": -2.67,
        "epsdiluted": -2.67,
        "weightedAverageShsOut": 303500000,
        "weightedAverageShsOutDil": 303500000,
        "link": null,
        "finalLink": null
    },
    {
        "date": "2002-09-30",
        "symbol": "DD",
        "reportedCurrency": "USD",
        "cik": "0001666700",
        "fillingDate": "2002-09-30",
        "acceptedDate": "2002-09-30 00:00:00",
        "calendarYear": "2002",
        "period": "Q3",
        "revenue": 7041000000,
        "costOfRevenue": 6008000000,
        "grossProfit": 1033000000,
        "grossProfitRatio": 0.1467121148,
        "researchAndDevelopmentExpenses": 262000000,
        "generalAndAdministrativeExpenses": 0,
        "sellingAndMarketingExpenses": 0,
        "sellingGeneralAndAdministrativeExpenses": 389000000,
        "otherExpenses": 382000000,
        "operatingExpenses": 1033000000,
        "costAndExpenses": 7041000000,
        "interestIncome": 0,
        "interestExpense": 0,
        "depreciationAndAmortization": 452000000,
        "ebitda": 818000000,
        "ebitdaratio": 0.1161766794,
        "operatingIncome": 366000000,
        "operatingIncomeRatio": 0.0519812527,
        "totalOtherIncomeExpensesNet": -171000000,
        "incomeBeforeTax": 195000000,
        "incomeBeforeTaxRatio": 0.0276949297,
        "incomeTaxExpense": 67000000,
        "netIncome": 128000000,
        "netIncomeRatio": 0.0181792359,
        "eps": 0.42,
        "epsdiluted": 0.42,
        "weightedAverageShsOut": 303900000,
        "weightedAverageShsOutDil": 305966000,
        "link": null,
        "finalLink": null
    },
    {
        "date": "2002-06-30",
        "symbol": "DD",
        "reportedCurrency": "USD",
        "cik": "0001666700",
        "fillingDate": "2002-06-30",
        "acceptedDate": "2002-06-30 00:00:00",
        "calendarYear": "2002",
        "period": "Q2",
        "revenue": 7217000000,
        "costOfRevenue": 5990000000,
        "grossProfit": 1227000000,
        "grossProfitRatio": 0.1700152418,
        "researchAndDevelopmentExpenses": 272000000,
        "generalAndAdministrativeExpenses": 0,
        "sellingAndMarketingExpenses": 0,
        "sellingGeneralAndAdministrativeExpenses": 405000000,
        "otherExpenses": -347000000,
        "operatingExpenses": 330000000,
        "costAndExpenses": 7217000000,
        "interestIncome": 0,
        "interestExpense": 0,
        "depreciationAndAmortization": 437000000,
        "ebitda": 968000000,
        "ebitdaratio": 0.1341277539,
        "operatingIncome": 531000000,
        "operatingIncomeRatio": 0.0735762782,
        "totalOtherIncomeExpensesNet": -182000000,
        "incomeBeforeTax": 349000000,
        "incomeBeforeTaxRatio": 0.0483580435,
        "incomeTaxExpense": 111000000,
        "netIncome": 238000000,
        "netIncomeRatio": 0.0329776916,
        "eps": 0.78,
        "epsdiluted": 0.78,
        "weightedAverageShsOut": 303566000,
        "weightedAverageShsOutDil": 306433000,
        "link": null,
        "finalLink": null
    },
    {
        "date": "2002-03-31",
        "symbol": "DD",
        "reportedCurrency": "USD",
        "cik": "0001666700",
        "fillingDate": "2002-03-31",
        "acceptedDate": "2002-03-31 00:00:00",
        "calendarYear": "2002",
        "period": "Q1",
        "revenue": 6305000000,
        "costOfRevenue": 5321000000,
        "grossProfit": 984000000,
        "grossProfitRatio": 0.1560666138,
        "researchAndDevelopmentExpenses": 250000000,
        "generalAndAdministrativeExpenses": 0,
        "sellingAndMarketingExpenses": 0,
        "sellingGeneralAndAdministrativeExpenses": 391000000,
        "otherExpenses": 14000000,
        "operatingExpenses": 655000000,
        "costAndExpenses": 5976000000,
        "interestIncome": 0,
        "interestExpense": 0,
        "depreciationAndAmortization": 416000000,
        "ebitda": 711000000,
        "ebitdaratio": 0.1127676447,
        "operatingIncome": 295000000,
        "operatingIncomeRatio": 0.0467882633,
        "totalOtherIncomeExpensesNet": -233000000,
        "incomeBeforeTax": 62000000,
        "incomeBeforeTaxRatio": 0.0098334655,
        "incomeTaxExpense": 24000000,
        "netIncome": 105000000,
        "netIncomeRatio": 0.0166534496,
        "eps": 0.36,
        "epsdiluted": 0.34,
        "weightedAverageShsOut": 302433000,
        "weightedAverageShsOutDil": 305033000,
        "link": null,
        "finalLink": null
    },
    {
        "date": "2001-12-31",
        "symbol": "DD",
        "reportedCurrency": "USD",
        "cik": "0001666700",
        "fillingDate": "2001-12-31",
        "acceptedDate": "2001-12-31 00:00:00",
        "calendarYear": "2001",
        "period": "Q4",
        "revenue": 6346000000,
        "costOfRevenue": 5420000000,
        "grossProfit": 926000000,
        "grossProfitRatio": 0.1459186889,
        "researchAndDevelopmentExpenses": 268000000,
        "generalAndAdministrativeExpenses": 0,
        "sellingAndMarketingExpenses": 0,
        "sellingGeneralAndAdministrativeExpenses": 394000000,
        "otherExpenses": 60000000,
        "operatingExpenses": 722000000,
        "costAndExpenses": 6142000000,
        "interestIncome": 0,
        "interestExpense": 0,
        "depreciationAndAmortization": 499000000,
        "ebitda": 703000000,
        "ebitdaratio": 0.1107784431,
        "operatingIncome": 204000000,
        "operatingIncomeRatio": 0.0321462338,
        "totalOtherIncomeExpensesNet": -252000000,
        "incomeBeforeTax": -48000000,
        "incomeBeforeTaxRatio": -0.0075638197,
        "incomeTaxExpense": -28000000,
        "netIncome": -37000000,
        "netIncomeRatio": -0.0058304444,
        "eps": -0.12,
        "epsdiluted": -0.11,
        "weightedAverageShsOut": 300600000,
        "weightedAverageShsOutDil": 300600000,
        "link": null,
        "finalLink": null
    },
    {
        "date": "2001-09-30",
        "symbol": "DD",
        "reportedCurrency": "USD",
        "cik": "0001666700",
        "fillingDate": "2001-09-30",
        "acceptedDate": "2001-09-30 00:00:00",
        "calendarYear": "2001",
        "period": "Q3",
        "revenue": 6729000000,
        "costOfRevenue": 5639000000,
        "grossProfit": 1090000000,
        "grossProfitRatio": 0.1619854362,
        "researchAndDevelopmentExpenses": 261000000,
        "generalAndAdministrativeExpenses": 0,
        "sellingAndMarketingExpenses": 0,
        "sellingGeneralAndAdministrativeExpenses": 433000000,
        "otherExpenses": 396000000,
        "operatingExpenses": 1090000000,
        "costAndExpenses": 6729000000,
        "interestIncome": 0,
        "interestExpense": 0,
        "depreciationAndAmortization": 453000000,
        "ebitda": 799000000,
        "ebitdaratio": 0.118739783,
        "operatingIncome": 346000000,
        "operatingIncomeRatio": 0.0514192302,
        "totalOtherIncomeExpensesNet": -266000000,
        "incomeBeforeTax": 80000000,
        "incomeBeforeTaxRatio": 0.0118888394,
        "incomeTaxExpense": 20000000,
        "netIncome": 57000000,
        "netIncomeRatio": 0.008470798,
        "eps": 0.19,
        "epsdiluted": 0.19,
        "weightedAverageShsOut": 300933000,
        "weightedAverageShsOutDil": 304533000,
        "link": null,
        "finalLink": null
    },
    {
        "date": "2001-06-30",
        "symbol": "DD",
        "reportedCurrency": "USD",
        "cik": "0001666700",
        "fillingDate": "2001-06-30",
        "acceptedDate": "2001-06-30 00:00:00",
        "calendarYear": "2001",
        "period": "Q2",
        "revenue": 7344000000,
        "costOfRevenue": 6137000000,
        "grossProfit": 1207000000,
        "grossProfitRatio": 0.1643518519,
        "researchAndDevelopmentExpenses": 271000000,
        "generalAndAdministrativeExpenses": 0,
        "sellingAndMarketingExpenses": 0,
        "sellingGeneralAndAdministrativeExpenses": 456000000,
        "otherExpenses": -311000000,
        "operatingExpenses": 416000000,
        "costAndExpenses": 7344000000,
        "interestIncome": 0,
        "interestExpense": 0,
        "depreciationAndAmortization": 429000000,
        "ebitda": 874000000,
        "ebitdaratio": 0.1190087146,
        "operatingIncome": 445000000,
        "operatingIncomeRatio": 0.0605936819,
        "totalOtherIncomeExpensesNet": -50000000,
        "incomeBeforeTax": 395000000,
        "incomeBeforeTaxRatio": 0.0537854031,
        "incomeTaxExpense": 120000000,
        "netIncome": 280000000,
        "netIncomeRatio": 0.0381263617,
        "eps": 0.93,
        "epsdiluted": 0.92,
        "weightedAverageShsOut": 300300000,
        "weightedAverageShsOutDil": 304233000,
        "link": null,
        "finalLink": null
    },
    {
        "date": "2001-03-31",
        "symbol": "DD",
        "reportedCurrency": "USD",
        "cik": "0001666700",
        "fillingDate": "2001-03-31",
        "acceptedDate": "2001-03-31 00:00:00",
        "calendarYear": "2001",
        "period": "Q1",
        "revenue": 7386000000,
        "costOfRevenue": 6456000000,
        "grossProfit": 930000000,
        "grossProfitRatio": 0.1259138911,
        "researchAndDevelopmentExpenses": 272000000,
        "generalAndAdministrativeExpenses": 0,
        "sellingAndMarketingExpenses": 0,
        "sellingGeneralAndAdministrativeExpenses": 452000000,
        "otherExpenses": 33000000,
        "operatingExpenses": 757000000,
        "costAndExpenses": 7213000000,
        "interestIncome": 0,
        "interestExpense": 120000000,
        "depreciationAndAmortization": 434000000,
        "ebitda": 607000000,
        "ebitdaratio": 0.0821825074,
        "operatingIncome": 173000000,
        "operatingIncomeRatio": 0.0234226916,
        "totalOtherIncomeExpensesNet": -1230000000,
        "incomeBeforeTax": -1057000000,
        "incomeBeforeTaxRatio": -0.1431085838,
        "incomeTaxExpense": -340000000,
        "netIncome": -685000000,
        "netIncomeRatio": -0.0927430273,
        "eps": -2.28,
        "epsdiluted": -2.28,
        "weightedAverageShsOut": 299366000,
        "weightedAverageShsOutDil": 299366000,
        "link": null,
        "finalLink": null
    },
    {
        "date": "2000-12-31",
        "symbol": "DD",
        "reportedCurrency": "USD",
        "cik": "0001666700",
        "fillingDate": "2000-12-31",
        "acceptedDate": "2000-12-31 00:00:00",
        "calendarYear": "2000",
        "period": "Q4",
        "revenue": 6483000000,
        "costOfRevenue": 5151000000,
        "grossProfit": 1332000000,
        "grossProfitRatio": 0.205460435,
        "researchAndDevelopmentExpenses": 239000000,
        "generalAndAdministrativeExpenses": 0,
        "sellingAndMarketingExpenses": 0,
        "sellingGeneralAndAdministrativeExpenses": 408000000,
        "otherExpenses": 685000000,
        "operatingExpenses": 1332000000,
        "costAndExpenses": 6483000000,
        "interestIncome": 0,
        "interestExpense": 0,
        "depreciationAndAmortization": 329000000,
        "ebitda": 685000000,
        "ebitdaratio": 0.1056609594,
        "operatingIncome": 356000000,
        "operatingIncomeRatio": 0.054912849,
        "totalOtherIncomeExpensesNet": 9000000,
        "incomeBeforeTax": 365000000,
        "incomeBeforeTaxRatio": 0.0563010952,
        "incomeTaxExpense": 122000000,
        "netIncome": 243000000,
        "netIncomeRatio": 0.0374826469,
        "eps": 1.08,
        "epsdiluted": 1.07,
        "weightedAverageShsOut": 225333000,
        "weightedAverageShsOutDil": 227666000,
        "link": null,
        "finalLink": null
    },
    {
        "date": "2000-09-30",
        "symbol": "DD",
        "reportedCurrency": "USD",
        "cik": "0001666700",
        "fillingDate": "2000-09-30",
        "acceptedDate": "2000-09-30 00:00:00",
        "calendarYear": "2000",
        "period": "Q3",
        "revenue": 7448000000,
        "costOfRevenue": 6184000000,
        "grossProfit": 1264000000,
        "grossProfitRatio": 0.1697099893,
        "researchAndDevelopmentExpenses": 273000000,
        "generalAndAdministrativeExpenses": 0,
        "sellingAndMarketingExpenses": 0,
        "sellingGeneralAndAdministrativeExpenses": 392000000,
        "otherExpenses": 599000000,
        "operatingExpenses": 1264000000,
        "costAndExpenses": 7448000000,
        "interestIncome": 0,
        "interestExpense": 0,
        "depreciationAndAmortization": 441000000,
        "ebitda": 950000000,
        "ebitdaratio": 0.1275510204,
        "operatingIncome": 509000000,
        "operatingIncomeRatio": 0.0683404941,
        "totalOtherIncomeExpensesNet": 41000000,
        "incomeBeforeTax": 550000000,
        "incomeBeforeTaxRatio": 0.0738453276,
        "incomeTaxExpense": 177000000,
        "netIncome": 357000000,
        "netIncomeRatio": 0.0479323308,
        "eps": 1.2,
        "epsdiluted": 1.2,
        "weightedAverageShsOut": 298700000,
        "weightedAverageShsOutDil": 300766000,
        "link": null,
        "finalLink": null
    },
    {
        "date": "2000-06-30",
        "symbol": "DD",
        "reportedCurrency": "USD",
        "cik": "0001666700",
        "fillingDate": "2000-06-30",
        "acceptedDate": "2000-06-30 00:00:00",
        "calendarYear": "2000",
        "period": "Q2",
        "revenue": 7586000000,
        "costOfRevenue": 5968000000,
        "grossProfit": 1618000000,
        "grossProfitRatio": 0.2132876351,
        "researchAndDevelopmentExpenses": 277000000,
        "generalAndAdministrativeExpenses": 0,
        "sellingAndMarketingExpenses": 0,
        "sellingGeneralAndAdministrativeExpenses": 372000000,
        "otherExpenses": 969000000,
        "operatingExpenses": 1618000000,
        "costAndExpenses": 7586000000,
        "interestIncome": 0,
        "interestExpense": 0,
        "depreciationAndAmortization": 431000000,
        "ebitda": 1309000000,
        "ebitdaratio": 0.172554706,
        "operatingIncome": 878000000,
        "operatingIncomeRatio": 0.1157395202,
        "totalOtherIncomeExpensesNet": 111000000,
        "incomeBeforeTax": 989000000,
        "incomeBeforeTaxRatio": 0.1303717374,
        "incomeTaxExpense": 311000000,
        "netIncome": 657000000,
        "netIncomeRatio": 0.0866069075,
        "eps": 2.19,
        "epsdiluted": 2.16,
        "weightedAverageShsOut": 298166000,
        "weightedAverageShsOutDil": 302033000,
        "link": null,
        "finalLink": null
    },
    {
        "date": "2000-03-31",
        "symbol": "DD",
        "reportedCurrency": "USD",
        "cik": "0001666700",
        "fillingDate": "2000-03-31",
        "acceptedDate": "2000-03-31 00:00:00",
        "calendarYear": "2000",
        "period": "Q1",
        "revenue": 7269000000,
        "costOfRevenue": 5424000000,
        "grossProfit": 1845000000,
        "grossProfitRatio": 0.2538175815,
        "researchAndDevelopmentExpenses": 270000000,
        "generalAndAdministrativeExpenses": 0,
        "sellingAndMarketingExpenses": 0,
        "sellingGeneralAndAdministrativeExpenses": 474000000,
        "otherExpenses": 1101000000,
        "operatingExpenses": 1845000000,
        "costAndExpenses": 7269000000,
        "interestIncome": 0,
        "interestExpense": 0,
        "depreciationAndAmortization": 418000000,
        "ebitda": 1101000000,
        "ebitdaratio": 0.1514651259,
        "operatingIncome": 642000000,
        "operatingIncomeRatio": 0.0883202641,
        "totalOtherIncomeExpensesNet": 132000000,
        "incomeBeforeTax": 774000000,
        "incomeBeforeTaxRatio": 0.1064795708,
        "incomeTaxExpense": 262000000,
        "netIncome": 512000000,
        "netIncomeRatio": 0.0704360985,
        "eps": 1.85,
        "epsdiluted": 1.83,
        "weightedAverageShsOut": 224400000,
        "weightedAverageShsOutDil": 227400000,
        "link": null,
        "finalLink": null
    },
    {
        "date": "1999-12-31",
        "symbol": "DD",
        "reportedCurrency": "USD",
        "cik": "0001666700",
        "fillingDate": "1999-12-31",
        "acceptedDate": "1999-12-31 00:00:00",
        "calendarYear": "1999",
        "period": "Q4",
        "revenue": 5200000000,
        "costOfRevenue": 3742000000,
        "grossProfit": 1458000000,
        "grossProfitRatio": 0.2803846154,
        "researchAndDevelopmentExpenses": 227000000,
        "generalAndAdministrativeExpenses": 0,
        "sellingAndMarketingExpenses": 0,
        "sellingGeneralAndAdministrativeExpenses": 385000000,
        "otherExpenses": 846000000,
        "operatingExpenses": 1458000000,
        "costAndExpenses": 5200000000,
        "interestIncome": 0,
        "interestExpense": 0,
        "depreciationAndAmortization": 367000000,
        "ebitda": 846000000,
        "ebitdaratio": 0.1626923077,
        "operatingIncome": 479000000,
        "operatingIncomeRatio": 0.0921153846,
        "totalOtherIncomeExpensesNet": -58000000,
        "incomeBeforeTax": 421000000,
        "incomeBeforeTaxRatio": 0.0809615385,
        "incomeTaxExpense": 153000000,
        "netIncome": 268000000,
        "netIncomeRatio": 0.0515384615,
        "eps": 1.22,
        "epsdiluted": 1.19,
        "weightedAverageShsOut": 220100000,
        "weightedAverageShsOutDil": 224400000,
        "link": null,
        "finalLink": null
    },
    {
        "date": "1999-09-30",
        "symbol": "DD",
        "reportedCurrency": "USD",
        "cik": "0001666700",
        "fillingDate": "1999-09-30",
        "acceptedDate": "1999-09-30 00:00:00",
        "calendarYear": "1999",
        "period": "Q3",
        "revenue": 4693000000,
        "costOfRevenue": 3306000000,
        "grossProfit": 1387000000,
        "grossProfitRatio": 0.2955465587,
        "researchAndDevelopmentExpenses": 203000000,
        "generalAndAdministrativeExpenses": 0,
        "sellingAndMarketingExpenses": 0,
        "sellingGeneralAndAdministrativeExpenses": 381000000,
        "otherExpenses": 803000000,
        "operatingExpenses": 1387000000,
        "costAndExpenses": 4693000000,
        "interestIncome": 0,
        "interestExpense": 0,
        "depreciationAndAmortization": 308000000,
        "ebitda": 803000000,
        "ebitdaratio": 0.1711059024,
        "operatingIncome": 495000000,
        "operatingIncomeRatio": 0.1054762412,
        "totalOtherIncomeExpensesNet": 8000000,
        "incomeBeforeTax": 503000000,
        "incomeBeforeTaxRatio": 0.1071809077,
        "incomeTaxExpense": 182000000,
        "netIncome": 321000000,
        "netIncomeRatio": 0.0683997443,
        "eps": 1.45,
        "epsdiluted": 1.45,
        "weightedAverageShsOut": 220805000,
        "weightedAverageShsOutDil": 220805000,
        "link": null,
        "finalLink": null
    },
    {
        "date": "1999-06-30",
        "symbol": "DD",
        "reportedCurrency": "USD",
        "cik": "0001666700",
        "fillingDate": "1999-06-30",
        "acceptedDate": "1999-06-30 00:00:00",
        "calendarYear": "1999",
        "period": "Q2",
        "revenue": 4619000000,
        "costOfRevenue": 3106000000,
        "grossProfit": 1513000000,
        "grossProfitRatio": 0.3275600779,
        "researchAndDevelopmentExpenses": 223000000,
        "generalAndAdministrativeExpenses": 0,
        "sellingAndMarketingExpenses": 0,
        "sellingGeneralAndAdministrativeExpenses": 374000000,
        "otherExpenses": 916000000,
        "operatingExpenses": 1513000000,
        "costAndExpenses": 4619000000,
        "interestIncome": 0,
        "interestExpense": 0,
        "depreciationAndAmortization": 316000000,
        "ebitda": 916000000,
        "ebitdaratio": 0.1983113228,
        "operatingIncome": 600000000,
        "operatingIncomeRatio": 0.1298982464,
        "totalOtherIncomeExpensesNet": 40000000,
        "incomeBeforeTax": 640000000,
        "incomeBeforeTaxRatio": 0.1385581295,
        "incomeTaxExpense": 228000000,
        "netIncome": 412000000,
        "netIncomeRatio": 0.0891967958,
        "eps": 1.87,
        "epsdiluted": 1.87,
        "weightedAverageShsOut": 220805000,
        "weightedAverageShsOutDil": 220805000,
        "link": null,
        "finalLink": null
    },
    {
        "date": "1999-03-31",
        "symbol": "DD",
        "reportedCurrency": "USD",
        "cik": "0001666700",
        "fillingDate": "1999-03-31",
        "acceptedDate": "1999-03-31 00:00:00",
        "calendarYear": "1999",
        "period": "Q1",
        "revenue": 4417000000,
        "costOfRevenue": 2993000000,
        "grossProfit": 1424000000,
        "grossProfitRatio": 0.322390763,
        "researchAndDevelopmentExpenses": 192000000,
        "generalAndAdministrativeExpenses": 0,
        "sellingAndMarketingExpenses": 0,
        "sellingGeneralAndAdministrativeExpenses": 390000000,
        "otherExpenses": 842000000,
        "operatingExpenses": 1424000000,
        "costAndExpenses": 4417000000,
        "interestIncome": 0,
        "interestExpense": 0,
        "depreciationAndAmortization": 310000000,
        "ebitda": 842000000,
        "ebitdaratio": 0.1906271225,
        "operatingIncome": 532000000,
        "operatingIncomeRatio": 0.1204437401,
        "totalOtherIncomeExpensesNet": 1000000,
        "incomeBeforeTax": 533000000,
        "incomeBeforeTaxRatio": 0.1206701381,
        "incomeTaxExpense": 203000000,
        "netIncome": 330000000,
        "netIncomeRatio": 0.0747113425,
        "eps": 1.49,
        "epsdiluted": 1.47,
        "weightedAverageShsOut": 220200000,
        "weightedAverageShsOutDil": 224000000,
        "link": null,
        "finalLink": null
    },
    {
        "date": "1998-12-31",
        "symbol": "DD",
        "reportedCurrency": "USD",
        "cik": "0001666700",
        "fillingDate": "1998-12-31",
        "acceptedDate": "1998-12-31 00:00:00",
        "calendarYear": "1998",
        "period": "Q4",
        "revenue": 4441000000,
        "costOfRevenue": 2946000000,
        "grossProfit": 1495000000,
        "grossProfitRatio": 0.3366358928,
        "researchAndDevelopmentExpenses": 227000000,
        "generalAndAdministrativeExpenses": 0,
        "sellingAndMarketingExpenses": 0,
        "sellingGeneralAndAdministrativeExpenses": 422000000,
        "otherExpenses": 428000000,
        "operatingExpenses": 1077000000,
        "costAndExpenses": 4023000000,
        "interestIncome": 0,
        "interestExpense": 0,
        "depreciationAndAmortization": 428000000,
        "ebitda": 846000000,
        "ebitdaratio": 0.1904976357,
        "operatingIncome": 418000000,
        "operatingIncomeRatio": 0.0941229453,
        "totalOtherIncomeExpensesNet": -215000000,
        "incomeBeforeTax": 203000000,
        "incomeBeforeTaxRatio": 0.0457104256,
        "incomeTaxExpense": 53000000,
        "netIncome": 150000000,
        "netIncomeRatio": 0.0337761765,
        "eps": 0.67,
        "epsdiluted": 0.66,
        "weightedAverageShsOut": 223500000,
        "weightedAverageShsOutDil": 227300000,
        "link": null,
        "finalLink": null
    },
    {
        "date": "1998-09-30",
        "symbol": "DD",
        "reportedCurrency": "USD",
        "cik": "0001666700",
        "fillingDate": "1998-09-30",
        "acceptedDate": "1998-09-30 00:00:00",
        "calendarYear": "1998",
        "period": "Q3",
        "revenue": 4314000000,
        "costOfRevenue": 2987000000,
        "grossProfit": 1327000000,
        "grossProfitRatio": 0.3076031525,
        "researchAndDevelopmentExpenses": 198000000,
        "generalAndAdministrativeExpenses": 0,
        "sellingAndMarketingExpenses": 0,
        "sellingGeneralAndAdministrativeExpenses": 401000000,
        "otherExpenses": -717000000,
        "operatingExpenses": -118000000,
        "costAndExpenses": 4314000000,
        "interestIncome": 0,
        "interestExpense": 0,
        "depreciationAndAmortization": 294000000,
        "ebitda": 728000000,
        "ebitdaratio": 0.1687528975,
        "operatingIncome": 434000000,
        "operatingIncomeRatio": 0.1006026889,
        "totalOtherIncomeExpensesNet": 38000000,
        "incomeBeforeTax": 472000000,
        "incomeBeforeTaxRatio": 0.1094112193,
        "incomeTaxExpense": 158000000,
        "netIncome": 314000000,
        "netIncomeRatio": 0.0727862772,
        "eps": 1.42,
        "epsdiluted": 1.42,
        "weightedAverageShsOut": 221340000,
        "weightedAverageShsOutDil": 221340000,
        "link": null,
        "finalLink": null
    },
    {
        "date": "1998-06-30",
        "symbol": "DD",
        "reportedCurrency": "USD",
        "cik": "0001666700",
        "fillingDate": "1998-06-30",
        "acceptedDate": "1998-06-30 00:00:00",
        "calendarYear": "1998",
        "period": "Q2",
        "revenue": 4857000000,
        "costOfRevenue": 3226000000,
        "grossProfit": 1631000000,
        "grossProfitRatio": 0.3358039942,
        "researchAndDevelopmentExpenses": 190000000,
        "generalAndAdministrativeExpenses": 0,
        "sellingAndMarketingExpenses": 0,
        "sellingGeneralAndAdministrativeExpenses": 440000000,
        "otherExpenses": -444000000,
        "operatingExpenses": 186000000,
        "costAndExpenses": 4857000000,
        "interestIncome": 0,
        "interestExpense": 0,
        "depreciationAndAmortization": 296000000,
        "ebitda": 1001000000,
        "ebitdaratio": 0.2060942969,
        "operatingIncome": 705000000,
        "operatingIncomeRatio": 0.145151328,
        "totalOtherIncomeExpensesNet": -46000000,
        "incomeBeforeTax": 659000000,
        "incomeBeforeTaxRatio": 0.1356804612,
        "incomeTaxExpense": 232000000,
        "netIncome": 427000000,
        "netIncomeRatio": 0.0879143504,
        "eps": 1.91,
        "epsdiluted": 1.91,
        "weightedAverageShsOut": 224119000,
        "weightedAverageShsOutDil": 224119000,
        "link": null,
        "finalLink": null
    },
    {
        "date": "1998-03-31",
        "symbol": "DD",
        "reportedCurrency": "USD",
        "cik": "0001666700",
        "fillingDate": "1998-03-31",
        "acceptedDate": "1998-03-31 00:00:00",
        "calendarYear": "1998",
        "period": "Q1",
        "revenue": 4829000000,
        "costOfRevenue": 3423000000,
        "grossProfit": 1406000000,
        "grossProfitRatio": 0.2911575896,
        "researchAndDevelopmentExpenses": 530000000,
        "generalAndAdministrativeExpenses": 0,
        "sellingAndMarketingExpenses": 0,
        "sellingGeneralAndAdministrativeExpenses": 371000000,
        "otherExpenses": 287000000,
        "operatingExpenses": 1188000000,
        "costAndExpenses": 4611000000,
        "interestIncome": 0,
        "interestExpense": 0,
        "depreciationAndAmortization": 287000000,
        "ebitda": 505000000,
        "ebitdaratio": 0.1045765169,
        "operatingIncome": 218000000,
        "operatingIncomeRatio": 0.0451439221,
        "totalOtherIncomeExpensesNet": 446000000,
        "incomeBeforeTax": 664000000,
        "incomeBeforeTaxRatio": 0.1375025885,
        "incomeTaxExpense": 242000000,
        "netIncome": 422000000,
        "netIncomeRatio": 0.0873886933,
        "eps": 1.87,
        "epsdiluted": 1.87,
        "weightedAverageShsOut": 225123000,
        "weightedAverageShsOutDil": 225123000,
        "link": null,
        "finalLink": null
    },
    {
        "date": "1997-12-31",
        "symbol": "DD",
        "reportedCurrency": "USD",
        "cik": "0001666700",
        "fillingDate": "1997-12-31",
        "acceptedDate": "1997-12-31 00:00:00",
        "calendarYear": "1997",
        "period": "Q4",
        "revenue": 4803000000,
        "costOfRevenue": 3379000000,
        "grossProfit": 1424000000,
        "grossProfitRatio": 0.2964813658,
        "researchAndDevelopmentExpenses": 202000000,
        "generalAndAdministrativeExpenses": 0,
        "sellingAndMarketingExpenses": 0,
        "sellingGeneralAndAdministrativeExpenses": 446000000,
        "otherExpenses": 776000000,
        "operatingExpenses": 1424000000,
        "costAndExpenses": 4803000000,
        "interestIncome": 0,
        "interestExpense": 0,
        "depreciationAndAmortization": 339000000,
        "ebitda": 776000000,
        "ebitdaratio": 0.1615656881,
        "operatingIncome": 437000000,
        "operatingIncomeRatio": 0.0909848012,
        "totalOtherIncomeExpensesNet": 67000000,
        "incomeBeforeTax": 504000000,
        "incomeBeforeTaxRatio": 0.104934416,
        "incomeTaxExpense": 146000000,
        "netIncome": 358000000,
        "netIncomeRatio": 0.0745367479,
        "eps": 1.55,
        "epsdiluted": 1.53,
        "weightedAverageShsOut": 230600000,
        "weightedAverageShsOutDil": 234026000,
        "link": null,
        "finalLink": null
    },
    {
        "date": "1997-09-30",
        "symbol": "DD",
        "reportedCurrency": "USD",
        "cik": "0001666700",
        "fillingDate": "1997-09-30",
        "acceptedDate": "1997-09-30 00:00:00",
        "calendarYear": "1997",
        "period": "Q3",
        "revenue": 4857000000,
        "costOfRevenue": 3243000000,
        "grossProfit": 1614000000,
        "grossProfitRatio": 0.3323038913,
        "researchAndDevelopmentExpenses": 197000000,
        "generalAndAdministrativeExpenses": 0,
        "sellingAndMarketingExpenses": 0,
        "sellingGeneralAndAdministrativeExpenses": 478000000,
        "otherExpenses": 939000000,
        "operatingExpenses": 1614000000,
        "costAndExpenses": 4857000000,
        "interestIncome": 0,
        "interestExpense": 0,
        "depreciationAndAmortization": 304000000,
        "ebitda": 939000000,
        "ebitdaratio": 0.1933292156,
        "operatingIncome": 635000000,
        "operatingIncomeRatio": 0.1307391394,
        "totalOtherIncomeExpensesNet": 25000000,
        "incomeBeforeTax": 660000000,
        "incomeBeforeTaxRatio": 0.1358863496,
        "incomeTaxExpense": 236000000,
        "netIncome": 424000000,
        "netIncomeRatio": 0.0872966852,
        "eps": 1.87,
        "epsdiluted": 1.87,
        "weightedAverageShsOut": 226756000,
        "weightedAverageShsOutDil": 226756000,
        "link": null,
        "finalLink": null
    },
    {
        "date": "1997-06-30",
        "symbol": "DD",
        "reportedCurrency": "USD",
        "cik": "0001666700",
        "fillingDate": "1997-06-30",
        "acceptedDate": "1997-06-30 00:00:00",
        "calendarYear": "1997",
        "period": "Q2",
        "revenue": 5366000000,
        "costOfRevenue": 3523000000,
        "grossProfit": 1843000000,
        "grossProfitRatio": 0.3434588148,
        "researchAndDevelopmentExpenses": 199000000,
        "generalAndAdministrativeExpenses": 0,
        "sellingAndMarketingExpenses": 0,
        "sellingGeneralAndAdministrativeExpenses": 516000000,
        "otherExpenses": 324000000,
        "operatingExpenses": 1039000000,
        "costAndExpenses": 4562000000,
        "interestIncome": 0,
        "interestExpense": 0,
        "depreciationAndAmortization": 324000000,
        "ebitda": 1128000000,
        "ebitdaratio": 0.2102124488,
        "operatingIncome": 804000000,
        "operatingIncomeRatio": 0.1498322773,
        "totalOtherIncomeExpensesNet": 138000000,
        "incomeBeforeTax": 942000000,
        "incomeBeforeTaxRatio": 0.1755497577,
        "incomeTaxExpense": 370000000,
        "netIncome": 572000000,
        "netIncomeRatio": 0.1065970928,
        "eps": 2.51,
        "epsdiluted": 2.51,
        "weightedAverageShsOut": 227973000,
        "weightedAverageShsOutDil": 227973000,
        "link": null,
        "finalLink": null
    },
    {
        "date": "1997-03-31",
        "symbol": "DD",
        "reportedCurrency": "USD",
        "cik": "0001666700",
        "fillingDate": "1997-03-31",
        "acceptedDate": "1997-03-31 00:00:00",
        "calendarYear": "1997",
        "period": "Q1",
        "revenue": 4992000000,
        "costOfRevenue": 3308000000,
        "grossProfit": 1684000000,
        "grossProfitRatio": 0.3373397436,
        "researchAndDevelopmentExpenses": 187000000,
        "generalAndAdministrativeExpenses": 0,
        "sellingAndMarketingExpenses": 0,
        "sellingGeneralAndAdministrativeExpenses": 440000000,
        "otherExpenses": -752000000,
        "operatingExpenses": -125000000,
        "costAndExpenses": 4992000000,
        "interestIncome": 0,
        "interestExpense": 0,
        "depreciationAndAmortization": 320000000,
        "ebitda": 1057000000,
        "ebitdaratio": 0.2117387821,
        "operatingIncome": 737000000,
        "operatingIncomeRatio": 0.1476362179,
        "totalOtherIncomeExpensesNet": 6000000,
        "incomeBeforeTax": 743000000,
        "incomeBeforeTaxRatio": 0.148838141,
        "incomeTaxExpense": 289000000,
        "netIncome": 454000000,
        "netIncomeRatio": 0.0909455128,
        "eps": 1.95,
        "epsdiluted": 1.95,
        "weightedAverageShsOut": 233303000,
        "weightedAverageShsOutDil": 233303000,
        "link": null,
        "finalLink": null
    },
    {
        "date": "1996-12-31",
        "symbol": "DD",
        "reportedCurrency": "USD",
        "cik": "0001666700",
        "fillingDate": "1996-12-31",
        "acceptedDate": "1996-12-31 00:00:00",
        "calendarYear": "1996",
        "period": "Q4",
        "revenue": 4903000000,
        "costOfRevenue": 3322000000,
        "grossProfit": 1581000000,
        "grossProfitRatio": 0.3224556394,
        "researchAndDevelopmentExpenses": 0,
        "generalAndAdministrativeExpenses": 0,
        "sellingAndMarketingExpenses": 0,
        "sellingGeneralAndAdministrativeExpenses": -52000000,
        "otherExpenses": 1084000000,
        "operatingExpenses": 1032000000,
        "costAndExpenses": 4354000000,
        "interestIncome": 0,
        "interestExpense": 0,
        "depreciationAndAmortization": 314000000,
        "ebitda": 863000000,
        "ebitdaratio": 0.1760146849,
        "operatingIncome": 549000000,
        "operatingIncomeRatio": 0.1119722619,
        "totalOtherIncomeExpensesNet": 96000000,
        "incomeBeforeTax": 645000000,
        "incomeBeforeTaxRatio": 0.131552111,
        "incomeTaxExpense": 234000000,
        "netIncome": 411000000,
        "netIncomeRatio": 0.0838262288,
        "eps": 1.67,
        "epsdiluted": 1.67,
        "weightedAverageShsOut": 241139000,
        "weightedAverageShsOutDil": 246300000,
        "link": null,
        "finalLink": null
    },
    {
        "date": "1996-09-30",
        "symbol": "DD",
        "reportedCurrency": "USD",
        "cik": "0001666700",
        "fillingDate": "1996-09-30",
        "acceptedDate": "1996-09-30 00:00:00",
        "calendarYear": "1996",
        "period": "Q3",
        "revenue": 4992000000,
        "costOfRevenue": 3237000000,
        "grossProfit": 1755000000,
        "grossProfitRatio": 0.3515625,
        "researchAndDevelopmentExpenses": 0,
        "generalAndAdministrativeExpenses": 0,
        "sellingAndMarketingExpenses": 0,
        "sellingGeneralAndAdministrativeExpenses": -76000000,
        "otherExpenses": 1099000000,
        "operatingExpenses": 1023000000,
        "costAndExpenses": 4260000000,
        "interestIncome": 0,
        "interestExpense": 0,
        "depreciationAndAmortization": 329000000,
        "ebitda": 1061000000,
        "ebitdaratio": 0.2125400641,
        "operatingIncome": 732000000,
        "operatingIncomeRatio": 0.1466346154,
        "totalOtherIncomeExpensesNet": 22000000,
        "incomeBeforeTax": 754000000,
        "incomeBeforeTaxRatio": 0.1510416667,
        "incomeTaxExpense": 283000000,
        "netIncome": 471000000,
        "netIncomeRatio": 0.0943509615,
        "eps": 1.94,
        "epsdiluted": 1.94,
        "weightedAverageShsOut": 242993000,
        "weightedAverageShsOutDil": 242993000,
        "link": null,
        "finalLink": null
    },
    {
        "date": "1996-06-30",
        "symbol": "DD",
        "reportedCurrency": "USD",
        "cik": "0001666700",
        "fillingDate": "1996-06-30",
        "acceptedDate": "1996-06-30 00:00:00",
        "calendarYear": "1996",
        "period": "Q2",
        "revenue": 5176000000,
        "costOfRevenue": 3223000000,
        "grossProfit": 1953000000,
        "grossProfitRatio": 0.3773183926,
        "researchAndDevelopmentExpenses": 0,
        "generalAndAdministrativeExpenses": 0,
        "sellingAndMarketingExpenses": 0,
        "sellingGeneralAndAdministrativeExpenses": -28000000,
        "otherExpenses": 1099000000,
        "operatingExpenses": 1071000000,
        "costAndExpenses": 4294000000,
        "interestIncome": 0,
        "interestExpense": 0,
        "depreciationAndAmortization": 329000000,
        "ebitda": 1211000000,
        "ebitdaratio": 0.2339644513,
        "operatingIncome": 882000000,
        "operatingIncomeRatio": 0.1704018547,
        "totalOtherIncomeExpensesNet": 9000000,
        "incomeBeforeTax": 891000000,
        "incomeBeforeTaxRatio": 0.1721406491,
        "incomeTaxExpense": 344000000,
        "netIncome": 547000000,
        "netIncomeRatio": 0.1056800618,
        "eps": 2.23,
        "epsdiluted": 2.23,
        "weightedAverageShsOut": 245298000,
        "weightedAverageShsOutDil": 245298000,
        "link": null,
        "finalLink": null
    },
    {
        "date": "1996-03-31",
        "symbol": "DD",
        "reportedCurrency": "USD",
        "cik": "0001666700",
        "fillingDate": "1996-03-31",
        "acceptedDate": "1996-03-31 00:00:00",
        "calendarYear": "1996",
        "period": "Q1",
        "revenue": 4982000000,
        "costOfRevenue": 3058000000,
        "grossProfit": 1924000000,
        "grossProfitRatio": 0.386190285,
        "researchAndDevelopmentExpenses": 0,
        "generalAndAdministrativeExpenses": 0,
        "sellingAndMarketingExpenses": 0,
        "sellingGeneralAndAdministrativeExpenses": -18000000,
        "otherExpenses": 1096000000,
        "operatingExpenses": 1078000000,
        "costAndExpenses": 4136000000,
        "interestIncome": 0,
        "interestExpense": 0,
        "depreciationAndAmortization": 326000000,
        "ebitda": 1172000000,
        "ebitdaratio": 0.2352468888,
        "operatingIncome": 846000000,
        "operatingIncomeRatio": 0.1698113208,
        "totalOtherIncomeExpensesNet": -42000000,
        "incomeBeforeTax": 804000000,
        "incomeBeforeTaxRatio": 0.1613809715,
        "incomeTaxExpense": 326000000,
        "netIncome": 478000000,
        "netIncomeRatio": 0.0959454035,
        "eps": 1.91,
        "epsdiluted": 1.91,
        "weightedAverageShsOut": 250016000,
        "weightedAverageShsOutDil": 250016000,
        "link": null,
        "finalLink": null
    },
    {
        "date": "1995-12-31",
        "symbol": "DD",
        "reportedCurrency": "USD",
        "cik": "0001666700",
        "fillingDate": "1995-12-31",
        "acceptedDate": "1995-12-31 00:00:00",
        "calendarYear": "1995",
        "period": "Q4",
        "revenue": 4594000000,
        "costOfRevenue": 2862000000,
        "grossProfit": 1732000000,
        "grossProfitRatio": 0.3770134959,
        "researchAndDevelopmentExpenses": 0,
        "generalAndAdministrativeExpenses": 0,
        "sellingAndMarketingExpenses": 0,
        "sellingGeneralAndAdministrativeExpenses": 363000000,
        "otherExpenses": 767000000,
        "operatingExpenses": 1130000000,
        "costAndExpenses": 3992000000,
        "interestIncome": 0,
        "interestExpense": 0,
        "depreciationAndAmortization": 409000000,
        "ebitda": 1011000000,
        "ebitdaratio": 0.2200696561,
        "operatingIncome": 602000000,
        "operatingIncomeRatio": 0.1310404876,
        "totalOtherIncomeExpensesNet": 58000000,
        "incomeBeforeTax": 660000000,
        "incomeBeforeTaxRatio": 0.1436656508,
        "incomeTaxExpense": 250000000,
        "netIncome": 410000000,
        "netIncomeRatio": 0.0892468437,
        "eps": 1.53,
        "epsdiluted": 1.53,
        "weightedAverageShsOut": 268200000,
        "weightedAverageShsOutDil": 268200000,
        "link": null,
        "finalLink": null
    },
    {
        "date": "1995-09-30",
        "symbol": "DD",
        "reportedCurrency": "USD",
        "cik": "0001666700",
        "fillingDate": "1995-09-30",
        "acceptedDate": "1995-09-30 00:00:00",
        "calendarYear": "1995",
        "period": "Q3",
        "revenue": 4884000000,
        "costOfRevenue": 2855000000,
        "grossProfit": 2029000000,
        "grossProfitRatio": 0.4154381654,
        "researchAndDevelopmentExpenses": 0,
        "generalAndAdministrativeExpenses": 0,
        "sellingAndMarketingExpenses": 0,
        "sellingGeneralAndAdministrativeExpenses": 371000000,
        "otherExpenses": 712000000,
        "operatingExpenses": 1083000000,
        "costAndExpenses": 3938000000,
        "interestIncome": 0,
        "interestExpense": 0,
        "depreciationAndAmortization": 354000000,
        "ebitda": 1300000000,
        "ebitdaratio": 0.2661752662,
        "operatingIncome": 946000000,
        "operatingIncomeRatio": 0.1936936937,
        "totalOtherIncomeExpensesNet": -15000000,
        "incomeBeforeTax": 931000000,
        "incomeBeforeTaxRatio": 0.1906224406,
        "incomeTaxExpense": 358000000,
        "netIncome": 573000000,
        "netIncomeRatio": 0.1173218673,
        "eps": 2.19,
        "epsdiluted": 2.19,
        "weightedAverageShsOut": 261784000,
        "weightedAverageShsOutDil": 261784000,
        "link": null,
        "finalLink": null
    },
    {
        "date": "1995-06-30",
        "symbol": "DD",
        "reportedCurrency": "USD",
        "cik": "0001666700",
        "fillingDate": "1995-06-30",
        "acceptedDate": "1995-06-30 00:00:00",
        "calendarYear": "1995",
        "period": "Q2",
        "revenue": 5517000000,
        "costOfRevenue": 3353000000,
        "grossProfit": 2164000000,
        "grossProfitRatio": 0.3922421606,
        "researchAndDevelopmentExpenses": 0,
        "generalAndAdministrativeExpenses": 0,
        "sellingAndMarketingExpenses": 0,
        "sellingGeneralAndAdministrativeExpenses": 390000000,
        "otherExpenses": 218000000,
        "operatingExpenses": 608000000,
        "costAndExpenses": 5517000000,
        "interestIncome": 0,
        "interestExpense": 0,
        "depreciationAndAmortization": 218000000,
        "ebitda": 1416000000,
        "ebitdaratio": 0.2566612289,
        "operatingIncome": 1198000000,
        "operatingIncomeRatio": 0.2171470002,
        "totalOtherIncomeExpensesNet": -443000000,
        "incomeBeforeTax": 755000000,
        "incomeBeforeTaxRatio": 0.1368497372,
        "incomeTaxExpense": 420000000,
        "netIncome": 504000000,
        "netIncomeRatio": 0.0913539967,
        "eps": 1.87,
        "epsdiluted": 1.87,
        "weightedAverageShsOut": 268971000,
        "weightedAverageShsOutDil": 268971000,
        "link": null,
        "finalLink": null
    },
    {
        "date": "1995-03-31",
        "symbol": "DD",
        "reportedCurrency": "USD",
        "cik": "0001666700",
        "fillingDate": "1995-03-31",
        "acceptedDate": "1995-03-31 00:00:00",
        "calendarYear": "1995",
        "period": "Q1",
        "revenue": 5962000000,
        "costOfRevenue": 3205000000,
        "grossProfit": 2757000000,
        "grossProfitRatio": 0.4624287152,
        "researchAndDevelopmentExpenses": 0,
        "generalAndAdministrativeExpenses": 0,
        "sellingAndMarketingExpenses": 0,
        "sellingGeneralAndAdministrativeExpenses": 797000000,
        "otherExpenses": 819000000,
        "operatingExpenses": 1616000000,
        "costAndExpenses": 4821000000,
        "interestIncome": 0,
        "interestExpense": 0,
        "depreciationAndAmortization": 461000000,
        "ebitda": 1602000000,
        "ebitdaratio": 0.2687017779,
        "operatingIncome": 1141000000,
        "operatingIncomeRatio": 0.191378732,
        "totalOtherIncomeExpensesNet": -107000000,
        "incomeBeforeTax": 1034000000,
        "incomeBeforeTaxRatio": 0.1734317343,
        "incomeTaxExpense": 450000000,
        "netIncome": 584000000,
        "netIncomeRatio": 0.0979537068,
        "eps": 2.12,
        "epsdiluted": 2.12,
        "weightedAverageShsOut": 275634000,
        "weightedAverageShsOutDil": 275634000,
        "link": null,
        "finalLink": null
    },
    {
        "date": "1994-12-31",
        "symbol": "DD",
        "reportedCurrency": "USD",
        "cik": "0001666700",
        "fillingDate": "1994-12-31",
        "acceptedDate": "1994-12-31 00:00:00",
        "calendarYear": "1994",
        "period": "Q4",
        "revenue": 5494000000,
        "costOfRevenue": 3285000000,
        "grossProfit": 2209000000,
        "grossProfitRatio": 0.4020749909,
        "researchAndDevelopmentExpenses": 0,
        "generalAndAdministrativeExpenses": 0,
        "sellingAndMarketingExpenses": 0,
        "sellingGeneralAndAdministrativeExpenses": 1113000000,
        "otherExpenses": 413000000,
        "operatingExpenses": 1526000000,
        "costAndExpenses": 4811000000,
        "interestIncome": 0,
        "interestExpense": 0,
        "depreciationAndAmortization": 413000000,
        "ebitda": 1096000000,
        "ebitdaratio": 0.1994903531,
        "operatingIncome": 683000000,
        "operatingIncomeRatio": 0.1243174372,
        "totalOtherIncomeExpensesNet": -257000000,
        "incomeBeforeTax": 426000000,
        "incomeBeforeTaxRatio": 0.0775391336,
        "incomeTaxExpense": 202000000,
        "netIncome": 224000000,
        "netIncomeRatio": 0.040771751,
        "eps": 0.78,
        "epsdiluted": 0.78,
        "weightedAverageShsOut": 276100000,
        "weightedAverageShsOutDil": 276100000,
        "link": null,
        "finalLink": null
    },
    {
        "date": "1994-09-30",
        "symbol": "DD",
        "reportedCurrency": "USD",
        "cik": "0001666700",
        "fillingDate": "1994-09-30",
        "acceptedDate": "1994-09-30 00:00:00",
        "calendarYear": "1994",
        "period": "Q3",
        "revenue": 5046000000,
        "costOfRevenue": 3006000000,
        "grossProfit": 2040000000,
        "grossProfitRatio": 0.4042806183,
        "researchAndDevelopmentExpenses": 0,
        "generalAndAdministrativeExpenses": 0,
        "sellingAndMarketingExpenses": 0,
        "sellingGeneralAndAdministrativeExpenses": 1095000000,
        "otherExpenses": 371000000,
        "operatingExpenses": 1466000000,
        "costAndExpenses": 4472000000,
        "interestIncome": 0,
        "interestExpense": 0,
        "depreciationAndAmortization": 386000000,
        "ebitda": 960000000,
        "ebitdaratio": 0.1902497027,
        "operatingIncome": 574000000,
        "operatingIncomeRatio": 0.1137534681,
        "totalOtherIncomeExpensesNet": -71000000,
        "incomeBeforeTax": 503000000,
        "incomeBeforeTaxRatio": 0.0996829172,
        "incomeTaxExpense": 213000000,
        "netIncome": 290000000,
        "netIncomeRatio": 0.0574712644,
        "eps": 1.05,
        "epsdiluted": 1.05,
        "weightedAverageShsOut": 277380000,
        "weightedAverageShsOutDil": 277380000,
        "link": null,
        "finalLink": null
    },
    {
        "date": "1994-06-30",
        "symbol": "DD",
        "reportedCurrency": "USD",
        "cik": "0001666700",
        "fillingDate": "1994-06-30",
        "acceptedDate": "1994-06-30 00:00:00",
        "calendarYear": "1994",
        "period": "Q2",
        "revenue": 4934000000,
        "costOfRevenue": 2906000000,
        "grossProfit": 2028000000,
        "grossProfitRatio": 0.4110255371,
        "researchAndDevelopmentExpenses": 0,
        "generalAndAdministrativeExpenses": 0,
        "sellingAndMarketingExpenses": 0,
        "sellingGeneralAndAdministrativeExpenses": 1063000000,
        "otherExpenses": 363000000,
        "operatingExpenses": 1426000000,
        "costAndExpenses": 4332000000,
        "interestIncome": 0,
        "interestExpense": 0,
        "depreciationAndAmortization": 370000000,
        "ebitda": 972000000,
        "ebitdaratio": 0.1970004054,
        "operatingIncome": 602000000,
        "operatingIncomeRatio": 0.1220105391,
        "totalOtherIncomeExpensesNet": -144000000,
        "incomeBeforeTax": 458000000,
        "incomeBeforeTaxRatio": 0.0928252939,
        "incomeTaxExpense": 207000000,
        "netIncome": 251000000,
        "netIncomeRatio": 0.0508715039,
        "eps": 0.91,
        "epsdiluted": 0.91,
        "weightedAverageShsOut": 275575000,
        "weightedAverageShsOutDil": 275575000,
        "link": null,
        "finalLink": null
    },
    {
        "date": "1994-03-31",
        "symbol": "DD",
        "reportedCurrency": "USD",
        "cik": "0001666700",
        "fillingDate": "1994-03-31",
        "acceptedDate": "1994-03-31 00:00:00",
        "calendarYear": "1994",
        "period": "Q1",
        "revenue": 4541000000,
        "costOfRevenue": 2674000000,
        "grossProfit": 1867000000,
        "grossProfitRatio": 0.4111429201,
        "researchAndDevelopmentExpenses": 0,
        "generalAndAdministrativeExpenses": 0,
        "sellingAndMarketingExpenses": 0,
        "sellingGeneralAndAdministrativeExpenses": 1011000000,
        "otherExpenses": 329000000,
        "operatingExpenses": 1340000000,
        "costAndExpenses": 4014000000,
        "interestIncome": 0,
        "interestExpense": 0,
        "depreciationAndAmortization": 356000000,
        "ebitda": 883000000,
        "ebitdaratio": 0.1944505616,
        "operatingIncome": 527000000,
        "operatingIncomeRatio": 0.1160537327,
        "totalOtherIncomeExpensesNet": -197000000,
        "incomeBeforeTax": 330000000,
        "incomeBeforeTaxRatio": 0.0726712178,
        "incomeTaxExpense": 157000000,
        "netIncome": 173000000,
        "netIncomeRatio": 0.0380973354,
        "eps": 0.63,
        "epsdiluted": 0.63,
        "weightedAverageShsOut": 275614000,
        "weightedAverageShsOutDil": 275614000,
        "link": null,
        "finalLink": null
    },
    {
        "date": "1993-12-31",
        "symbol": "DD",
        "reportedCurrency": "USD",
        "cik": "0001666700",
        "fillingDate": "1993-12-31",
        "acceptedDate": "1993-12-31 00:00:00",
        "calendarYear": "1993",
        "period": "Q4",
        "revenue": 4505000000,
        "costOfRevenue": 2916000000,
        "grossProfit": 1589000000,
        "grossProfitRatio": 0.3527192009,
        "researchAndDevelopmentExpenses": 0,
        "generalAndAdministrativeExpenses": 0,
        "sellingAndMarketingExpenses": 0,
        "sellingGeneralAndAdministrativeExpenses": 840000000,
        "otherExpenses": 431000000,
        "operatingExpenses": 1271000000,
        "costAndExpenses": 4187000000,
        "interestIncome": 0,
        "interestExpense": 0,
        "depreciationAndAmortization": 431000000,
        "ebitda": 749000000,
        "ebitdaratio": 0.1662597114,
        "operatingIncome": 318000000,
        "operatingIncomeRatio": 0.0705882353,
        "totalOtherIncomeExpensesNet": -282000000,
        "incomeBeforeTax": 36000000,
        "incomeBeforeTaxRatio": 0.007991121,
        "incomeTaxExpense": 82000000,
        "netIncome": -46000000,
        "netIncomeRatio": -0.0102108768,
        "eps": -0.17,
        "epsdiluted": -0.17,
        "weightedAverageShsOut": 274760000,
        "weightedAverageShsOutDil": 274760000,
        "link": null,
        "finalLink": null
    },
    {
        "date": "1993-09-30",
        "symbol": "DD",
        "reportedCurrency": "USD",
        "cik": "0001666700",
        "fillingDate": "1993-09-30",
        "acceptedDate": "1993-09-30 00:00:00",
        "calendarYear": "1993",
        "period": "Q3",
        "revenue": 4370000000,
        "costOfRevenue": 2283000000,
        "grossProfit": 2087000000,
        "grossProfitRatio": 0.4775743707,
        "researchAndDevelopmentExpenses": 0,
        "generalAndAdministrativeExpenses": 0,
        "sellingAndMarketingExpenses": 0,
        "sellingGeneralAndAdministrativeExpenses": 997000000,
        "otherExpenses": 744000000,
        "operatingExpenses": 1741000000,
        "costAndExpenses": 4024000000,
        "interestIncome": 0,
        "interestExpense": 0,
        "depreciationAndAmortization": 380000000,
        "ebitda": 546000000,
        "ebitdaratio": 0.1249427918,
        "operatingIncome": 346000000,
        "operatingIncomeRatio": 0.0791762014,
        "totalOtherIncomeExpensesNet": -118000000,
        "incomeBeforeTax": 228000000,
        "incomeBeforeTaxRatio": 0.052173913,
        "incomeTaxExpense": 89000000,
        "netIncome": 139000000,
        "netIncomeRatio": 0.0318077803,
        "eps": 0.5,
        "epsdiluted": 0.5,
        "weightedAverageShsOut": 274407000,
        "weightedAverageShsOutDil": 274407000,
        "link": null,
        "finalLink": null
    },
    {
        "date": "1993-06-30",
        "symbol": "DD",
        "reportedCurrency": "USD",
        "cik": "0001666700",
        "fillingDate": "1993-06-30",
        "acceptedDate": "1993-06-30 00:00:00",
        "calendarYear": "1993",
        "period": "Q2",
        "revenue": 4822000000,
        "costOfRevenue": 2836000000,
        "grossProfit": 1986000000,
        "grossProfitRatio": 0.4118622978,
        "researchAndDevelopmentExpenses": 0,
        "generalAndAdministrativeExpenses": 0,
        "sellingAndMarketingExpenses": 0,
        "sellingGeneralAndAdministrativeExpenses": 1041000000,
        "otherExpenses": 377000000,
        "operatingExpenses": 1418000000,
        "costAndExpenses": 4254000000,
        "interestIncome": 0,
        "interestExpense": 0,
        "depreciationAndAmortization": 377000000,
        "ebitda": 945000000,
        "ebitdaratio": 0.1959767731,
        "operatingIncome": 568000000,
        "operatingIncomeRatio": 0.1177934467,
        "totalOtherIncomeExpensesNet": -277000000,
        "incomeBeforeTax": 291000000,
        "incomeBeforeTaxRatio": 0.0603484032,
        "incomeTaxExpense": 142000000,
        "netIncome": 149000000,
        "netIncomeRatio": 0.0309000415,
        "eps": 0.54,
        "epsdiluted": 0.54,
        "weightedAverageShsOut": 273980000,
        "weightedAverageShsOutDil": 273980000,
        "link": null,
        "finalLink": null
    },
    {
        "date": "1993-03-31",
        "symbol": "DD",
        "reportedCurrency": "USD",
        "cik": "0001666700",
        "fillingDate": "1993-03-31",
        "acceptedDate": "1993-03-31 00:00:00",
        "calendarYear": "1993",
        "period": "Q1",
        "revenue": 4363000000,
        "costOfRevenue": 2566000000,
        "grossProfit": 1797000000,
        "grossProfitRatio": 0.4118725647,
        "researchAndDevelopmentExpenses": 0,
        "generalAndAdministrativeExpenses": 0,
        "sellingAndMarketingExpenses": 0,
        "sellingGeneralAndAdministrativeExpenses": 1045000000,
        "otherExpenses": 364000000,
        "operatingExpenses": 1409000000,
        "costAndExpenses": 3975000000,
        "interestIncome": 0,
        "interestExpense": 0,
        "depreciationAndAmortization": 364000000,
        "ebitda": 752000000,
        "ebitdaratio": 0.1723584689,
        "operatingIncome": 388000000,
        "operatingIncomeRatio": 0.0889296356,
        "totalOtherIncomeExpensesNet": 307000000,
        "incomeBeforeTax": 695000000,
        "incomeBeforeTaxRatio": 0.1592940637,
        "incomeTaxExpense": 293000000,
        "netIncome": 402000000,
        "netIncomeRatio": 0.0921384369,
        "eps": 1.47,
        "epsdiluted": 1.47,
        "weightedAverageShsOut": 273336000,
        "weightedAverageShsOutDil": 273336000,
        "link": null,
        "finalLink": null
    },
    {
        "date": "1992-12-31",
        "symbol": "DD",
        "reportedCurrency": "USD",
        "cik": "0001666700",
        "fillingDate": "1992-12-31",
        "acceptedDate": "1992-12-31 00:00:00",
        "calendarYear": "1992",
        "period": "Q4",
        "revenue": 4719000000,
        "costOfRevenue": 2952000000,
        "grossProfit": 1767000000,
        "grossProfitRatio": 0.3744437381,
        "researchAndDevelopmentExpenses": 0,
        "generalAndAdministrativeExpenses": 0,
        "sellingAndMarketingExpenses": 0,
        "sellingGeneralAndAdministrativeExpenses": 1647000000,
        "otherExpenses": 375000000,
        "operatingExpenses": 2022000000,
        "costAndExpenses": 4974000000,
        "interestIncome": 0,
        "interestExpense": 0,
        "depreciationAndAmortization": 375000000,
        "ebitda": 120000000,
        "ebitdaratio": 0.0254291163,
        "operatingIncome": -255000000,
        "operatingIncomeRatio": -0.0540368722,
        "totalOtherIncomeExpensesNet": -178000000,
        "incomeBeforeTax": -433000000,
        "incomeBeforeTaxRatio": -0.0917567281,
        "incomeTaxExpense": -207000000,
        "netIncome": -991000000,
        "netIncomeRatio": -0.2100021191,
        "eps": -3.63,
        "epsdiluted": -3.63,
        "weightedAverageShsOut": 272862000,
        "weightedAverageShsOutDil": 272862000,
        "link": null,
        "finalLink": null
    },
    {
        "date": "1992-09-30",
        "symbol": "DD",
        "reportedCurrency": "USD",
        "cik": "0001666700",
        "fillingDate": "1992-09-30",
        "acceptedDate": "1992-09-30 00:00:00",
        "calendarYear": "1992",
        "period": "Q3",
        "revenue": 4754000000,
        "costOfRevenue": 2842000000,
        "grossProfit": 1912000000,
        "grossProfitRatio": 0.4021876315,
        "researchAndDevelopmentExpenses": 0,
        "generalAndAdministrativeExpenses": 0,
        "sellingAndMarketingExpenses": 0,
        "sellingGeneralAndAdministrativeExpenses": 1088000000,
        "otherExpenses": 378000000,
        "operatingExpenses": 1466000000,
        "costAndExpenses": 4308000000,
        "interestIncome": 0,
        "interestExpense": 0,
        "depreciationAndAmortization": 378000000,
        "ebitda": 824000000,
        "ebitdaratio": 0.173327724,
        "operatingIncome": 446000000,
        "operatingIncomeRatio": 0.0938157341,
        "totalOtherIncomeExpensesNet": -161000000,
        "incomeBeforeTax": 285000000,
        "incomeBeforeTaxRatio": 0.0599495162,
        "incomeTaxExpense": 140000000,
        "netIncome": 145000000,
        "netIncomeRatio": 0.030500631,
        "eps": 0.53,
        "epsdiluted": 0.53,
        "weightedAverageShsOut": 273185000,
        "weightedAverageShsOutDil": 273185000,
        "link": null,
        "finalLink": null
    },
    {
        "date": "1992-06-30",
        "symbol": "DD",
        "reportedCurrency": "USD",
        "cik": "0001666700",
        "fillingDate": "1992-06-30",
        "acceptedDate": "1992-06-30 00:00:00",
        "calendarYear": "1992",
        "period": "Q2",
        "revenue": 4859000000,
        "costOfRevenue": 2775000000,
        "grossProfit": 2084000000,
        "grossProfitRatio": 0.4288948343,
        "researchAndDevelopmentExpenses": 0,
        "generalAndAdministrativeExpenses": 0,
        "sellingAndMarketingExpenses": 0,
        "sellingGeneralAndAdministrativeExpenses": 1148000000,
        "otherExpenses": 368000000,
        "operatingExpenses": 1516000000,
        "costAndExpenses": 4291000000,
        "interestIncome": 0,
        "interestExpense": 0,
        "depreciationAndAmortization": 368000000,
        "ebitda": 936000000,
        "ebitdaratio": 0.1926322289,
        "operatingIncome": 568000000,
        "operatingIncomeRatio": 0.1168964808,
        "totalOtherIncomeExpensesNet": -201000000,
        "incomeBeforeTax": 367000000,
        "incomeBeforeTaxRatio": 0.0755299444,
        "incomeTaxExpense": 181000000,
        "netIncome": 186000000,
        "netIncomeRatio": 0.0382794814,
        "eps": 0.68,
        "epsdiluted": 0.68,
        "weightedAverageShsOut": 272357000,
        "weightedAverageShsOutDil": 272357000,
        "link": null,
        "finalLink": null
    },
    {
        "date": "1992-03-31",
        "symbol": "DD",
        "reportedCurrency": "USD",
        "cik": "0001666700",
        "fillingDate": "1992-03-31",
        "acceptedDate": "1992-03-31 00:00:00",
        "calendarYear": "1992",
        "period": "Q1",
        "revenue": 4639000000,
        "costOfRevenue": 2648000000,
        "grossProfit": 1991000000,
        "grossProfitRatio": 0.4291873249,
        "researchAndDevelopmentExpenses": 0,
        "generalAndAdministrativeExpenses": 0,
        "sellingAndMarketingExpenses": 0,
        "sellingGeneralAndAdministrativeExpenses": 1094000000,
        "otherExpenses": 366000000,
        "operatingExpenses": 1460000000,
        "costAndExpenses": 4108000000,
        "interestIncome": 0,
        "interestExpense": 0,
        "depreciationAndAmortization": 366000000,
        "ebitda": 897000000,
        "ebitdaratio": 0.1933606381,
        "operatingIncome": 531000000,
        "operatingIncomeRatio": 0.1144643242,
        "totalOtherIncomeExpensesNet": -200000000,
        "incomeBeforeTax": 331000000,
        "incomeBeforeTaxRatio": 0.0713515844,
        "incomeTaxExpense": 160000000,
        "netIncome": 171000000,
        "netIncomeRatio": 0.0368613925,
        "eps": 0.63,
        "epsdiluted": 0.63,
        "weightedAverageShsOut": 271690000,
        "weightedAverageShsOutDil": 271690000,
        "link": null,
        "finalLink": null
    },
    {
        "date": "1991-12-31",
        "symbol": "DD",
        "reportedCurrency": "USD",
        "cik": "0001666700",
        "fillingDate": "1991-12-31",
        "acceptedDate": "1991-12-31 00:00:00",
        "calendarYear": "1991",
        "period": "Q4",
        "revenue": 4563000000,
        "costOfRevenue": 2629000000,
        "grossProfit": 1934000000,
        "grossProfitRatio": 0.4238439623,
        "researchAndDevelopmentExpenses": 0,
        "generalAndAdministrativeExpenses": 0,
        "sellingAndMarketingExpenses": 0,
        "sellingGeneralAndAdministrativeExpenses": 1527000000,
        "otherExpenses": 442000000,
        "operatingExpenses": 1969000000,
        "costAndExpenses": 4598000000,
        "interestIncome": 0,
        "interestExpense": 0,
        "depreciationAndAmortization": 442000000,
        "ebitda": 407000000,
        "ebitdaratio": 0.0891957046,
        "operatingIncome": -35000000,
        "operatingIncomeRatio": -0.0076703923,
        "totalOtherIncomeExpensesNet": -109000000,
        "incomeBeforeTax": -144000000,
        "incomeBeforeTaxRatio": -0.0315581854,
        "incomeTaxExpense": -52000000,
        "netIncome": -92000000,
        "netIncomeRatio": -0.020162174,
        "eps": -0.34,
        "epsdiluted": -0.34,
        "weightedAverageShsOut": 270979000,
        "weightedAverageShsOutDil": 270979000,
        "link": null,
        "finalLink": null
    },
    {
        "date": "1991-09-30",
        "symbol": "DD",
        "reportedCurrency": "USD",
        "cik": "0001666700",
        "fillingDate": "1991-09-30",
        "acceptedDate": "1991-09-30 00:00:00",
        "calendarYear": "1991",
        "period": "Q3",
        "revenue": 4502000000,
        "costOfRevenue": 2777000000,
        "grossProfit": 1725000000,
        "grossProfitRatio": 0.3831630386,
        "researchAndDevelopmentExpenses": 0,
        "generalAndAdministrativeExpenses": 0,
        "sellingAndMarketingExpenses": 0,
        "sellingGeneralAndAdministrativeExpenses": 974000000,
        "otherExpenses": 341000000,
        "operatingExpenses": 1315000000,
        "costAndExpenses": 4092000000,
        "interestIncome": 0,
        "interestExpense": 0,
        "depreciationAndAmortization": 362000000,
        "ebitda": 772000000,
        "ebitdaratio": 0.1714793425,
        "operatingIncome": 410000000,
        "operatingIncomeRatio": 0.0910706353,
        "totalOtherIncomeExpensesNet": -92000000,
        "incomeBeforeTax": 318000000,
        "incomeBeforeTaxRatio": 0.0706352732,
        "incomeTaxExpense": 95000000,
        "netIncome": 223000000,
        "netIncomeRatio": 0.0495335406,
        "eps": 0.82,
        "epsdiluted": 0.82,
        "weightedAverageShsOut": 270919000,
        "weightedAverageShsOutDil": 270919000,
        "link": null,
        "finalLink": null
    },
    {
        "date": "1991-06-30",
        "symbol": "DD",
        "reportedCurrency": "USD",
        "cik": "0001666700",
        "fillingDate": "1991-06-30",
        "acceptedDate": "1991-06-30 00:00:00",
        "calendarYear": "1991",
        "period": "Q2",
        "revenue": 4794000000,
        "costOfRevenue": 2937000000,
        "grossProfit": 1857000000,
        "grossProfitRatio": 0.387359199,
        "researchAndDevelopmentExpenses": 0,
        "generalAndAdministrativeExpenses": 0,
        "sellingAndMarketingExpenses": 0,
        "sellingGeneralAndAdministrativeExpenses": 1005000000,
        "otherExpenses": 331000000,
        "operatingExpenses": 1336000000,
        "costAndExpenses": 4273000000,
        "interestIncome": 0,
        "interestExpense": 0,
        "depreciationAndAmortization": 337000000,
        "ebitda": 858000000,
        "ebitdaratio": 0.1789737171,
        "operatingIncome": 521000000,
        "operatingIncomeRatio": 0.1086775136,
        "totalOtherIncomeExpensesNet": -110000000,
        "incomeBeforeTax": 411000000,
        "incomeBeforeTaxRatio": 0.0857321652,
        "incomeTaxExpense": 178000000,
        "netIncome": 233000000,
        "netIncomeRatio": 0.0486024197,
        "eps": 0.86,
        "epsdiluted": 0.86,
        "weightedAverageShsOut": 270436000,
        "weightedAverageShsOutDil": 270436000,
        "link": null,
        "finalLink": null
    },
    {
        "date": "1991-03-31",
        "symbol": "DD",
        "reportedCurrency": "USD",
        "cik": "0001666700",
        "fillingDate": "1991-03-31",
        "acceptedDate": "1991-03-31 00:00:00",
        "calendarYear": "1991",
        "period": "Q1",
        "revenue": 4948000000,
        "costOfRevenue": 2880000000,
        "grossProfit": 2068000000,
        "grossProfitRatio": 0.4179466451,
        "researchAndDevelopmentExpenses": 0,
        "generalAndAdministrativeExpenses": 0,
        "sellingAndMarketingExpenses": 0,
        "sellingGeneralAndAdministrativeExpenses": 959000000,
        "otherExpenses": 324000000,
        "operatingExpenses": 1283000000,
        "costAndExpenses": 4163000000,
        "interestIncome": 0,
        "interestExpense": 0,
        "depreciationAndAmortization": 324000000,
        "ebitda": 1109000000,
        "ebitdaratio": 0.224130962,
        "operatingIncome": 785000000,
        "operatingIncomeRatio": 0.1586499596,
        "totalOtherIncomeExpensesNet": 82000000,
        "incomeBeforeTax": 867000000,
        "incomeBeforeTaxRatio": 0.175222312,
        "incomeTaxExpense": 289000000,
        "netIncome": 578000000,
        "netIncomeRatio": 0.1168148747,
        "eps": 2.14,
        "epsdiluted": 2.14,
        "weightedAverageShsOut": 270235000,
        "weightedAverageShsOutDil": 270235000,
        "link": null,
        "finalLink": null
    },
    {
        "date": "1990-12-31",
        "symbol": "DD",
        "reportedCurrency": "USD",
        "cik": "0001666700",
        "fillingDate": "1990-12-31",
        "acceptedDate": "1990-12-31 00:00:00",
        "calendarYear": "1990",
        "period": "Q4",
        "revenue": 5147000000,
        "costOfRevenue": 3248000000,
        "grossProfit": 1899000000,
        "grossProfitRatio": 0.368952788,
        "researchAndDevelopmentExpenses": 0,
        "generalAndAdministrativeExpenses": 0,
        "sellingAndMarketingExpenses": 0,
        "sellingGeneralAndAdministrativeExpenses": 1057000000,
        "otherExpenses": 364000000,
        "operatingExpenses": 1421000000,
        "costAndExpenses": 4669000000,
        "interestIncome": 0,
        "interestExpense": 0,
        "depreciationAndAmortization": 347000000,
        "ebitda": 825000000,
        "ebitdaratio": 0.1602875461,
        "operatingIncome": 478000000,
        "operatingIncomeRatio": 0.0928696328,
        "totalOtherIncomeExpensesNet": -30000000,
        "incomeBeforeTax": 448000000,
        "incomeBeforeTaxRatio": 0.0870409948,
        "incomeTaxExpense": 174000000,
        "netIncome": 274000000,
        "netIncomeRatio": 0.0532348941,
        "eps": 1.01,
        "epsdiluted": 1.01,
        "weightedAverageShsOut": 270260000,
        "weightedAverageShsOutDil": 270260000,
        "link": null,
        "finalLink": null
    },
    {
        "date": "1990-09-30",
        "symbol": "DD",
        "reportedCurrency": "USD",
        "cik": "0001666700",
        "fillingDate": "1990-09-30",
        "acceptedDate": "1990-09-30 00:00:00",
        "calendarYear": "1990",
        "period": "Q3",
        "revenue": 4919000000,
        "costOfRevenue": 3006000000,
        "grossProfit": 1913000000,
        "grossProfitRatio": 0.388900183,
        "researchAndDevelopmentExpenses": 0,
        "generalAndAdministrativeExpenses": 0,
        "sellingAndMarketingExpenses": 0,
        "sellingGeneralAndAdministrativeExpenses": 907000000,
        "otherExpenses": 342000000,
        "operatingExpenses": 1249000000,
        "costAndExpenses": 4255000000,
        "interestIncome": 0,
        "interestExpense": 0,
        "depreciationAndAmortization": 364000000,
        "ebitda": 1028000000,
        "ebitdaratio": 0.2089855662,
        "operatingIncome": 664000000,
        "operatingIncomeRatio": 0.1349867859,
        "totalOtherIncomeExpensesNet": -128000000,
        "incomeBeforeTax": 536000000,
        "incomeBeforeTaxRatio": 0.1089652368,
        "incomeTaxExpense": 252000000,
        "netIncome": 284000000,
        "netIncomeRatio": 0.0577353121,
        "eps": 1.05,
        "epsdiluted": 1.05,
        "weightedAverageShsOut": 269944000,
        "weightedAverageShsOutDil": 269944000,
        "link": null,
        "finalLink": null
    },
    {
        "date": "1990-06-30",
        "symbol": "DD",
        "reportedCurrency": "USD",
        "cik": "0001666700",
        "fillingDate": "1990-06-30",
        "acceptedDate": "1990-06-30 00:00:00",
        "calendarYear": "1990",
        "period": "Q2",
        "revenue": 4807000000,
        "costOfRevenue": 2820000000,
        "grossProfit": 1987000000,
        "grossProfitRatio": 0.4133555232,
        "researchAndDevelopmentExpenses": 0,
        "generalAndAdministrativeExpenses": 0,
        "sellingAndMarketingExpenses": 0,
        "sellingGeneralAndAdministrativeExpenses": 950000000,
        "otherExpenses": 323000000,
        "operatingExpenses": 1273000000,
        "costAndExpenses": 4093000000,
        "interestIncome": 0,
        "interestExpense": 0,
        "depreciationAndAmortization": 315000000,
        "ebitda": 1029000000,
        "ebitdaratio": 0.214062825,
        "operatingIncome": 714000000,
        "operatingIncomeRatio": 0.1485333888,
        "totalOtherIncomeExpensesNet": -113000000,
        "incomeBeforeTax": 601000000,
        "incomeBeforeTaxRatio": 0.1250260037,
        "incomeTaxExpense": 237000000,
        "netIncome": 364000000,
        "netIncomeRatio": 0.0757229041,
        "eps": 1.35,
        "epsdiluted": 1.35,
        "weightedAverageShsOut": 269944000,
        "weightedAverageShsOutDil": 269944000,
        "link": null,
        "finalLink": null
    },
    {
        "date": "1990-03-31",
        "symbol": "DD",
        "reportedCurrency": "USD",
        "cik": "0001666700",
        "fillingDate": "1990-03-31",
        "acceptedDate": "1990-03-31 00:00:00",
        "calendarYear": "1990",
        "period": "Q1",
        "revenue": 4900000000,
        "costOfRevenue": 2796000000,
        "grossProfit": 2104000000,
        "grossProfitRatio": 0.4293877551,
        "researchAndDevelopmentExpenses": 0,
        "generalAndAdministrativeExpenses": 0,
        "sellingAndMarketingExpenses": 0,
        "sellingGeneralAndAdministrativeExpenses": 894000000,
        "otherExpenses": 313000000,
        "operatingExpenses": 1207000000,
        "costAndExpenses": 4003000000,
        "interestIncome": 0,
        "interestExpense": 0,
        "depreciationAndAmortization": 296000000,
        "ebitda": 1193000000,
        "ebitdaratio": 0.2434693878,
        "operatingIncome": 897000000,
        "operatingIncomeRatio": 0.1830612245,
        "totalOtherIncomeExpensesNet": -120000000,
        "incomeBeforeTax": 777000000,
        "incomeBeforeTaxRatio": 0.1585714286,
        "incomeTaxExpense": 315000000,
        "netIncome": 462000000,
        "netIncomeRatio": 0.0942857143,
        "eps": 1.71,
        "epsdiluted": 1.71,
        "weightedAverageShsOut": 269769000,
        "weightedAverageShsOutDil": 269769000,
        "link": null,
        "finalLink": null
    },
    {
        "date": "1989-12-31",
        "symbol": "DD",
        "reportedCurrency": "USD",
        "cik": "0001666700",
        "fillingDate": "1989-12-31",
        "acceptedDate": "1989-12-31 00:00:00",
        "calendarYear": "1989",
        "period": "Q4",
        "revenue": 4264000000,
        "costOfRevenue": 0,
        "grossProfit": 4264000000,
        "grossProfitRatio": 1,
        "researchAndDevelopmentExpenses": 0,
        "generalAndAdministrativeExpenses": 0,
        "sellingAndMarketingExpenses": 0,
        "sellingGeneralAndAdministrativeExpenses": -10270000000,
        "otherExpenses": 1061000000,
        "operatingExpenses": -9209000000,
        "costAndExpenses": 4264000000,
        "interestIncome": 0,
        "interestExpense": 0,
        "depreciationAndAmortization": 0,
        "ebitda": -9280000000,
        "ebitdaratio": -2.1763602251,
        "operatingIncome": -9280000000,
        "operatingIncomeRatio": -2.1763602251,
        "totalOtherIncomeExpensesNet": 9280000000,
        "incomeBeforeTax": 0,
        "incomeBeforeTaxRatio": 0,
        "incomeTaxExpense": -427000000,
        "netIncome": 427000000,
        "netIncomeRatio": 0.1001407129,
        "eps": 7.53,
        "epsdiluted": 7.53,
        "weightedAverageShsOut": 269570000,
        "weightedAverageShsOutDil": 269570000,
        "link": null,
        "finalLink": null
    },
    {
        "date": "1989-09-30",
        "symbol": "DD",
        "reportedCurrency": "USD",
        "cik": "0001666700",
        "fillingDate": "1989-09-30",
        "acceptedDate": "1989-09-30 00:00:00",
        "calendarYear": "1989",
        "period": "Q3",
        "revenue": 4250000000,
        "costOfRevenue": 0,
        "grossProfit": 4250000000,
        "grossProfitRatio": 1,
        "researchAndDevelopmentExpenses": 0,
        "generalAndAdministrativeExpenses": 0,
        "sellingAndMarketingExpenses": 0,
        "sellingGeneralAndAdministrativeExpenses": 4250000000,
        "otherExpenses": 0,
        "operatingExpenses": 4250000000,
        "costAndExpenses": 4250000000,
        "interestIncome": 0,
        "interestExpense": 0,
        "depreciationAndAmortization": 0,
        "ebitda": 4250000000,
        "ebitdaratio": 1,
        "operatingIncome": 4250000000,
        "operatingIncomeRatio": 1,
        "totalOtherIncomeExpensesNet": -4250000000,
        "incomeBeforeTax": 0,
        "incomeBeforeTaxRatio": 0,
        "incomeTaxExpense": -589000000,
        "netIncome": 589000000,
        "netIncomeRatio": 0.1385882353,
        "eps": 0.49,
        "epsdiluted": 0.49,
        "weightedAverageShsOut": 275437000,
        "weightedAverageShsOutDil": 275437000,
        "link": null,
        "finalLink": null
    },
    {
        "date": "1989-06-30",
        "symbol": "DD",
        "reportedCurrency": "USD",
        "cik": "0001666700",
        "fillingDate": "1989-06-30",
        "acceptedDate": "1989-06-30 00:00:00",
        "calendarYear": "1989",
        "period": "Q2",
        "revenue": 4601000000,
        "costOfRevenue": 0,
        "grossProfit": 4601000000,
        "grossProfitRatio": 1,
        "researchAndDevelopmentExpenses": 0,
        "generalAndAdministrativeExpenses": 0,
        "sellingAndMarketingExpenses": 0,
        "sellingGeneralAndAdministrativeExpenses": 4601000000,
        "otherExpenses": 0,
        "operatingExpenses": 4601000000,
        "costAndExpenses": 4601000000,
        "interestIncome": 0,
        "interestExpense": 0,
        "depreciationAndAmortization": 0,
        "ebitda": 4601000000,
        "ebitdaratio": 1,
        "operatingIncome": 4601000000,
        "operatingIncomeRatio": 1,
        "totalOtherIncomeExpensesNet": -4601000000,
        "incomeBeforeTax": 0,
        "incomeBeforeTaxRatio": 0,
        "incomeTaxExpense": -728000000,
        "netIncome": 728000000,
        "netIncomeRatio": 0.1582264725,
        "eps": 0.6,
        "epsdiluted": 0.6,
        "weightedAverageShsOut": 271786000,
        "weightedAverageShsOutDil": 271786000,
        "link": null,
        "finalLink": null
    },
    {
        "date": "1989-03-31",
        "symbol": "DD",
        "reportedCurrency": "USD",
        "cik": "0001666700",
        "fillingDate": "1989-03-31",
        "acceptedDate": "1989-03-31 00:00:00",
        "calendarYear": "1989",
        "period": "Q1",
        "revenue": 4485000000,
        "costOfRevenue": 0,
        "grossProfit": 4485000000,
        "grossProfitRatio": 1,
        "researchAndDevelopmentExpenses": 0,
        "generalAndAdministrativeExpenses": 0,
        "sellingAndMarketingExpenses": 0,
        "sellingGeneralAndAdministrativeExpenses": 4485000000,
        "otherExpenses": 0,
        "operatingExpenses": 4485000000,
        "costAndExpenses": 4485000000,
        "interestIncome": 0,
        "interestExpense": 0,
        "depreciationAndAmortization": 0,
        "ebitda": 4485000000,
        "ebitdaratio": 1,
        "operatingIncome": 4485000000,
        "operatingIncomeRatio": 1,
        "totalOtherIncomeExpensesNet": -4485000000,
        "incomeBeforeTax": 0,
        "incomeBeforeTaxRatio": 0,
        "incomeTaxExpense": -743000000,
        "netIncome": 743000000,
        "netIncomeRatio": 0.1656633222,
        "eps": 0.61,
        "epsdiluted": 0.61,
        "weightedAverageShsOut": 279201000,
        "weightedAverageShsOutDil": 279201000,
        "link": null,
        "finalLink": null
    },
    {
        "date": "1988-12-31",
        "symbol": "DD",
        "reportedCurrency": "USD",
        "cik": "0001666700",
        "fillingDate": "1988-12-31",
        "acceptedDate": "1988-12-31 00:00:00",
        "calendarYear": "1988",
        "period": "Q4",
        "revenue": 4299000000,
        "costOfRevenue": 0,
        "grossProfit": 4299000000,
        "grossProfitRatio": 1,
        "researchAndDevelopmentExpenses": 0,
        "generalAndAdministrativeExpenses": 0,
        "sellingAndMarketingExpenses": 0,
        "sellingGeneralAndAdministrativeExpenses": -9571000000,
        "otherExpenses": 981000000,
        "operatingExpenses": -8590000000,
        "costAndExpenses": 4299000000,
        "interestIncome": 0,
        "interestExpense": 0,
        "depreciationAndAmortization": 0,
        "ebitda": -8257000000,
        "ebitdaratio": -1.9206792277,
        "operatingIncome": -8257000000,
        "operatingIncomeRatio": -1.9206792277,
        "totalOtherIncomeExpensesNet": 8257000000,
        "incomeBeforeTax": 0,
        "incomeBeforeTaxRatio": 0,
        "incomeTaxExpense": -635000000,
        "netIncome": 635000000,
        "netIncomeRatio": 0.1477087695,
        "eps": 7.37,
        "epsdiluted": 7.37,
        "weightedAverageShsOut": 275437000,
        "weightedAverageShsOutDil": 275437000,
        "link": null,
        "finalLink": null
    },
    {
        "date": "1988-09-30",
        "symbol": "DD",
        "reportedCurrency": "USD",
        "cik": "0001666700",
        "fillingDate": "1988-09-30",
        "acceptedDate": "1988-09-30 00:00:00",
        "calendarYear": "1988",
        "period": "Q3",
        "revenue": 4150000000,
        "costOfRevenue": 0,
        "grossProfit": 4150000000,
        "grossProfitRatio": 1,
        "researchAndDevelopmentExpenses": 0,
        "generalAndAdministrativeExpenses": 0,
        "sellingAndMarketingExpenses": 0,
        "sellingGeneralAndAdministrativeExpenses": 4150000000,
        "otherExpenses": 0,
        "operatingExpenses": 4150000000,
        "costAndExpenses": 4150000000,
        "interestIncome": 0,
        "interestExpense": 0,
        "depreciationAndAmortization": 0,
        "ebitda": 4150000000,
        "ebitdaratio": 1,
        "operatingIncome": 4150000000,
        "operatingIncomeRatio": 1,
        "totalOtherIncomeExpensesNet": -4150000000,
        "incomeBeforeTax": 0,
        "incomeBeforeTaxRatio": 0,
        "incomeTaxExpense": -632000000,
        "netIncome": 632000000,
        "netIncomeRatio": 0.1522891566,
        "eps": 0.5,
        "epsdiluted": 0.5,
        "weightedAverageShsOut": 285075000,
        "weightedAverageShsOutDil": 285075000,
        "link": null,
        "finalLink": null
    },
    {
        "date": "1988-06-30",
        "symbol": "DD",
        "reportedCurrency": "USD",
        "cik": "0001666700",
        "fillingDate": "1988-06-30",
        "acceptedDate": "1988-06-30 00:00:00",
        "calendarYear": "1988",
        "period": "Q2",
        "revenue": 4252000000,
        "costOfRevenue": 0,
        "grossProfit": 4252000000,
        "grossProfitRatio": 1,
        "researchAndDevelopmentExpenses": 0,
        "generalAndAdministrativeExpenses": 0,
        "sellingAndMarketingExpenses": 0,
        "sellingGeneralAndAdministrativeExpenses": 4252000000,
        "otherExpenses": 0,
        "operatingExpenses": 4252000000,
        "costAndExpenses": 4252000000,
        "interestIncome": 0,
        "interestExpense": 0,
        "depreciationAndAmortization": 0,
        "ebitda": 4252000000,
        "ebitdaratio": 1,
        "operatingIncome": 4252000000,
        "operatingIncomeRatio": 1,
        "totalOtherIncomeExpensesNet": -4252000000,
        "incomeBeforeTax": 0,
        "incomeBeforeTaxRatio": 0,
        "incomeTaxExpense": -636000000,
        "netIncome": 636000000,
        "netIncomeRatio": 0.1495766698,
        "eps": 0.49,
        "epsdiluted": 0.49,
        "weightedAverageShsOut": 284212000,
        "weightedAverageShsOutDil": 284212000,
        "link": null,
        "finalLink": null
    },
    {
        "date": "1988-03-31",
        "symbol": "DD",
        "reportedCurrency": "USD",
        "cik": "0001666700",
        "fillingDate": "1988-03-31",
        "acceptedDate": "1988-03-31 00:00:00",
        "calendarYear": "1988",
        "period": "Q1",
        "revenue": 3981000000,
        "costOfRevenue": 0,
        "grossProfit": 3981000000,
        "grossProfitRatio": 1,
        "researchAndDevelopmentExpenses": 0,
        "generalAndAdministrativeExpenses": 0,
        "sellingAndMarketingExpenses": 0,
        "sellingGeneralAndAdministrativeExpenses": 3981000000,
        "otherExpenses": 0,
        "operatingExpenses": 3981000000,
        "costAndExpenses": 3981000000,
        "interestIncome": 0,
        "interestExpense": 0,
        "depreciationAndAmortization": 0,
        "ebitda": 3981000000,
        "ebitdaratio": 1,
        "operatingIncome": 3981000000,
        "operatingIncomeRatio": 1,
        "totalOtherIncomeExpensesNet": -3981000000,
        "incomeBeforeTax": 0,
        "incomeBeforeTaxRatio": 0,
        "incomeTaxExpense": -507000000,
        "netIncome": 507000000,
        "netIncomeRatio": 0.1273549359,
        "eps": 0.39,
        "epsdiluted": 0.39,
        "weightedAverageShsOut": 288570000,
        "weightedAverageShsOutDil": 288570000,
        "link": null,
        "finalLink": null
    },
    {
        "date": "1987-12-31",
        "symbol": "DD",
        "reportedCurrency": "USD",
        "cik": "0001666700",
        "fillingDate": "1987-12-31",
        "acceptedDate": "1987-12-31 00:00:00",
        "calendarYear": "1987",
        "period": "Q4",
        "revenue": 3597000000,
        "costOfRevenue": 0,
        "grossProfit": 3597000000,
        "grossProfitRatio": 1,
        "researchAndDevelopmentExpenses": 0,
        "generalAndAdministrativeExpenses": 0,
        "sellingAndMarketingExpenses": 0,
        "sellingGeneralAndAdministrativeExpenses": -7375000000,
        "otherExpenses": 814000000,
        "operatingExpenses": -6561000000,
        "costAndExpenses": 3597000000,
        "interestIncome": 0,
        "interestExpense": 0,
        "depreciationAndAmortization": 0,
        "ebitda": -7468000000,
        "ebitdaratio": -2.0761745899,
        "operatingIncome": -7468000000,
        "operatingIncomeRatio": -2.0761745899,
        "totalOtherIncomeExpensesNet": 7468000000,
        "incomeBeforeTax": 0,
        "incomeBeforeTaxRatio": 0,
        "incomeTaxExpense": -354000000,
        "netIncome": 354000000,
        "netIncomeRatio": 0.0984153461,
        "eps": 3.7,
        "epsdiluted": 3.7,
        "weightedAverageShsOut": 284212000,
        "weightedAverageShsOutDil": 284212000,
        "link": null,
        "finalLink": null
    },
    {
        "date": "1987-09-30",
        "symbol": "DD",
        "reportedCurrency": "USD",
        "cik": "0001666700",
        "fillingDate": "1987-09-30",
        "acceptedDate": "1987-09-30 00:00:00",
        "calendarYear": "1987",
        "period": "Q3",
        "revenue": 3357000000,
        "costOfRevenue": 0,
        "grossProfit": 3357000000,
        "grossProfitRatio": 1,
        "researchAndDevelopmentExpenses": 0,
        "generalAndAdministrativeExpenses": 0,
        "sellingAndMarketingExpenses": 0,
        "sellingGeneralAndAdministrativeExpenses": 3357000000,
        "otherExpenses": 0,
        "operatingExpenses": 3357000000,
        "costAndExpenses": 3357000000,
        "interestIncome": 0,
        "interestExpense": 0,
        "depreciationAndAmortization": 0,
        "ebitda": 3357000000,
        "ebitdaratio": 1,
        "operatingIncome": 3357000000,
        "operatingIncomeRatio": 1,
        "totalOtherIncomeExpensesNet": -3357000000,
        "incomeBeforeTax": 0,
        "incomeBeforeTaxRatio": 0,
        "incomeTaxExpense": -330000000,
        "netIncome": 330000000,
        "netIncomeRatio": 0.0983020554,
        "eps": 0.25,
        "epsdiluted": 0.25,
        "weightedAverageShsOut": 288570000,
        "weightedAverageShsOutDil": 288570000,
        "link": null,
        "finalLink": null
    },
    {
        "date": "1987-06-30",
        "symbol": "DD",
        "reportedCurrency": "USD",
        "cik": "0001666700",
        "fillingDate": "1987-06-30",
        "acceptedDate": "1987-06-30 00:00:00",
        "calendarYear": "1987",
        "period": "Q2",
        "revenue": 3408000000,
        "costOfRevenue": 0,
        "grossProfit": 3408000000,
        "grossProfitRatio": 1,
        "researchAndDevelopmentExpenses": 0,
        "generalAndAdministrativeExpenses": 0,
        "sellingAndMarketingExpenses": 0,
        "sellingGeneralAndAdministrativeExpenses": 3408000000,
        "otherExpenses": 0,
        "operatingExpenses": 3408000000,
        "costAndExpenses": 3408000000,
        "interestIncome": 0,
        "interestExpense": 0,
        "depreciationAndAmortization": 0,
        "ebitda": 3408000000,
        "ebitdaratio": 1,
        "operatingIncome": 3408000000,
        "operatingIncomeRatio": 1,
        "totalOtherIncomeExpensesNet": -3408000000,
        "incomeBeforeTax": 0,
        "incomeBeforeTaxRatio": 0,
        "incomeTaxExpense": -315000000,
        "netIncome": 315000000,
        "netIncomeRatio": 0.0924295775,
        "eps": 0.24,
        "epsdiluted": 0.24,
        "weightedAverageShsOut": 287030000,
        "weightedAverageShsOutDil": 287030000,
        "link": null,
        "finalLink": null
    },
    {
        "date": "1987-03-31",
        "symbol": "DD",
        "reportedCurrency": "USD",
        "cik": "0001666700",
        "fillingDate": "1987-03-31",
        "acceptedDate": "1987-03-31 00:00:00",
        "calendarYear": "1987",
        "period": "Q1",
        "revenue": 3015000000,
        "costOfRevenue": 0,
        "grossProfit": 3015000000,
        "grossProfitRatio": 1,
        "researchAndDevelopmentExpenses": 0,
        "generalAndAdministrativeExpenses": 0,
        "sellingAndMarketingExpenses": 0,
        "sellingGeneralAndAdministrativeExpenses": 3015000000,
        "otherExpenses": 0,
        "operatingExpenses": 3015000000,
        "costAndExpenses": 3015000000,
        "interestIncome": 0,
        "interestExpense": 0,
        "depreciationAndAmortization": 0,
        "ebitda": 3015000000,
        "ebitdaratio": 1,
        "operatingIncome": 3015000000,
        "operatingIncomeRatio": 1,
        "totalOtherIncomeExpensesNet": -3015000000,
        "incomeBeforeTax": 0,
        "incomeBeforeTaxRatio": 0,
        "incomeTaxExpense": -246000000,
        "netIncome": 246000000,
        "netIncomeRatio": 0.0815920398,
        "eps": 0.19,
        "epsdiluted": 0.19,
        "weightedAverageShsOut": 287359000,
        "weightedAverageShsOutDil": 287359000,
        "link": null,
        "finalLink": null
    },
    {
        "date": "1986-12-31",
        "symbol": "DD",
        "reportedCurrency": "USD",
        "cik": "0001666700",
        "fillingDate": "1986-12-31",
        "acceptedDate": "1986-12-31 00:00:00",
        "calendarYear": "1986",
        "period": "Q4",
        "revenue": 2791000000,
        "costOfRevenue": 0,
        "grossProfit": 2791000000,
        "grossProfitRatio": 1,
        "researchAndDevelopmentExpenses": 0,
        "generalAndAdministrativeExpenses": 0,
        "sellingAndMarketingExpenses": 0,
        "sellingGeneralAndAdministrativeExpenses": -6826000000,
        "otherExpenses": 744000000,
        "operatingExpenses": -6082000000,
        "costAndExpenses": 2791000000,
        "interestIncome": 0,
        "interestExpense": 0,
        "depreciationAndAmortization": 0,
        "ebitda": -7037000000,
        "ebitdaratio": -2.5213185238,
        "operatingIncome": -7037000000,
        "operatingIncomeRatio": -2.5213185238,
        "totalOtherIncomeExpensesNet": 7037000000,
        "incomeBeforeTax": 0,
        "incomeBeforeTaxRatio": 0,
        "incomeTaxExpense": -169000000,
        "netIncome": 169000000,
        "netIncomeRatio": 0.0605517736,
        "eps": 2.15,
        "epsdiluted": 2.15,
        "weightedAverageShsOut": 287030000,
        "weightedAverageShsOutDil": 287030000,
        "link": null,
        "finalLink": null
    },
    {
        "date": "1986-09-30",
        "symbol": "DD",
        "reportedCurrency": "USD",
        "cik": "0001666700",
        "fillingDate": "1986-09-30",
        "acceptedDate": "1986-09-30 00:00:00",
        "calendarYear": "1986",
        "period": "Q3",
        "revenue": 2743000000,
        "costOfRevenue": 0,
        "grossProfit": 2743000000,
        "grossProfitRatio": 1,
        "researchAndDevelopmentExpenses": 0,
        "generalAndAdministrativeExpenses": 0,
        "sellingAndMarketingExpenses": 0,
        "sellingGeneralAndAdministrativeExpenses": 2743000000,
        "otherExpenses": 0,
        "operatingExpenses": 2743000000,
        "costAndExpenses": 2743000000,
        "interestIncome": 0,
        "interestExpense": 0,
        "depreciationAndAmortization": 0,
        "ebitda": 2743000000,
        "ebitdaratio": 1,
        "operatingIncome": 2743000000,
        "operatingIncomeRatio": 1,
        "totalOtherIncomeExpensesNet": -2743000000,
        "incomeBeforeTax": 0,
        "incomeBeforeTaxRatio": 0,
        "incomeTaxExpense": -170000000,
        "netIncome": 170000000,
        "netIncomeRatio": 0.0619759388,
        "eps": 0.13,
        "epsdiluted": 0.13,
        "weightedAverageShsOut": 288390000,
        "weightedAverageShsOutDil": 288390000,
        "link": null,
        "finalLink": null
    },
    {
        "date": "1986-06-30",
        "symbol": "DD",
        "reportedCurrency": "USD",
        "cik": "0001666700",
        "fillingDate": "1986-06-30",
        "acceptedDate": "1986-06-30 00:00:00",
        "calendarYear": "1986",
        "period": "Q2",
        "revenue": 2844000000,
        "costOfRevenue": 0,
        "grossProfit": 2844000000,
        "grossProfitRatio": 1,
        "researchAndDevelopmentExpenses": 0,
        "generalAndAdministrativeExpenses": 0,
        "sellingAndMarketingExpenses": 0,
        "sellingGeneralAndAdministrativeExpenses": 2844000000,
        "otherExpenses": 0,
        "operatingExpenses": 2844000000,
        "costAndExpenses": 2844000000,
        "interestIncome": 0,
        "interestExpense": 0,
        "depreciationAndAmortization": 0,
        "ebitda": 2844000000,
        "ebitdaratio": 1,
        "operatingIncome": 2844000000,
        "operatingIncomeRatio": 1,
        "totalOtherIncomeExpensesNet": -2844000000,
        "incomeBeforeTax": 0,
        "incomeBeforeTaxRatio": 0,
        "incomeTaxExpense": -227000000,
        "netIncome": 227000000,
        "netIncomeRatio": 0.0798171589,
        "eps": 0.17,
        "epsdiluted": 0.17,
        "weightedAverageShsOut": 285382000,
        "weightedAverageShsOutDil": 285382000,
        "link": null,
        "finalLink": null
    },
    {
        "date": "1986-03-31",
        "symbol": "DD",
        "reportedCurrency": "USD",
        "cik": "0001666700",
        "fillingDate": "1986-03-31",
        "acceptedDate": "1986-03-31 00:00:00",
        "calendarYear": "1986",
        "period": "Q1",
        "revenue": 2735000000,
        "costOfRevenue": 0,
        "grossProfit": 2735000000,
        "grossProfitRatio": 1,
        "researchAndDevelopmentExpenses": 0,
        "generalAndAdministrativeExpenses": 0,
        "sellingAndMarketingExpenses": 0,
        "sellingGeneralAndAdministrativeExpenses": 2735000000,
        "otherExpenses": 0,
        "operatingExpenses": 2735000000,
        "costAndExpenses": 2735000000,
        "interestIncome": 0,
        "interestExpense": 0,
        "depreciationAndAmortization": 0,
        "ebitda": 2735000000,
        "ebitdaratio": 1,
        "operatingIncome": 2735000000,
        "operatingIncomeRatio": 1,
        "totalOtherIncomeExpensesNet": -2735000000,
        "incomeBeforeTax": 0,
        "incomeBeforeTaxRatio": 0,
        "incomeTaxExpense": -175000000,
        "netIncome": 175000000,
        "netIncomeRatio": 0.0639853748,
        "eps": 0.13,
        "epsdiluted": 0.13,
        "weightedAverageShsOut": 285382000,
        "weightedAverageShsOutDil": 285382000,
        "link": null,
        "finalLink": null
    },
    {
        "date": "1985-12-31",
        "symbol": "DD",
        "reportedCurrency": "USD",
        "cik": "0001666700",
        "fillingDate": "1985-12-31",
        "acceptedDate": "1985-12-31 00:00:00",
        "calendarYear": "1985",
        "period": "Q4",
        "revenue": 2909000000,
        "costOfRevenue": 0,
        "grossProfit": 2909000000,
        "grossProfitRatio": 1,
        "researchAndDevelopmentExpenses": 0,
        "generalAndAdministrativeExpenses": 0,
        "sellingAndMarketingExpenses": 0,
        "sellingGeneralAndAdministrativeExpenses": -13809000000,
        "otherExpenses": 2909000000,
        "operatingExpenses": -10900000000,
        "costAndExpenses": 2909000000,
        "interestIncome": 0,
        "interestExpense": 0,
        "depreciationAndAmortization": 0,
        "ebitda": -7991000000,
        "ebitdaratio": -2.7469920935,
        "operatingIncome": -7991000000,
        "operatingIncomeRatio": -2.7469920935,
        "totalOtherIncomeExpensesNet": 7991000000,
        "incomeBeforeTax": 0,
        "incomeBeforeTaxRatio": 0,
        "incomeTaxExpense": 314000000,
        "netIncome": -314000000,
        "netIncomeRatio": -0.1079408732,
        "eps": -1.1002796252,
        "epsdiluted": -1.1002796252,
        "weightedAverageShsOut": 285382000,
        "weightedAverageShsOutDil": 285382000,
        "link": null,
        "finalLink": null
    },
    {
        "date": "1985-09-30",
        "symbol": "DD",
        "reportedCurrency": "USD",
        "cik": "0001666700",
        "fillingDate": "1985-09-30",
        "acceptedDate": "1985-09-30 00:00:00",
        "calendarYear": "1985",
        "period": "Q3",
        "revenue": 2873000000,
        "costOfRevenue": 0,
        "grossProfit": 2873000000,
        "grossProfitRatio": 1,
        "researchAndDevelopmentExpenses": 0,
        "generalAndAdministrativeExpenses": 0,
        "sellingAndMarketingExpenses": 0,
        "sellingGeneralAndAdministrativeExpenses": 2873000000,
        "otherExpenses": 0,
        "operatingExpenses": 2873000000,
        "costAndExpenses": 2873000000,
        "interestIncome": 0,
        "interestExpense": 0,
        "depreciationAndAmortization": 0,
        "ebitda": 2873000000,
        "ebitdaratio": 1,
        "operatingIncome": 2873000000,
        "operatingIncomeRatio": 1,
        "totalOtherIncomeExpensesNet": -2873000000,
        "incomeBeforeTax": 0,
        "incomeBeforeTaxRatio": 0,
        "incomeTaxExpense": -107000000,
        "netIncome": 107000000,
        "netIncomeRatio": 0.0372432997,
        "eps": 0.08,
        "epsdiluted": 0.08,
        "weightedAverageShsOut": 286065000,
        "weightedAverageShsOutDil": 286065000,
        "link": null,
        "finalLink": null
    }
]