[
    {
        "date": "2025-08-02",
        "symbol": "DDS",
        "reportedCurrency": "USD",
        "cik": "0000028917",
        "fillingDate": "2025-09-05",
        "acceptedDate": "2025-09-05 16:41:32",
        "calendarYear": "2025",
        "period": "Q2",
        "revenue": 1536000000,
        "costOfRevenue": 1004000000,
        "grossProfit": 532000000,
        "grossProfitRatio": 0.3463541667,
        "researchAndDevelopmentExpenses": 0,
        "generalAndAdministrativeExpenses": 434200000,
        "sellingAndMarketingExpenses": 0,
        "sellingGeneralAndAdministrativeExpenses": 434200000,
        "otherExpenses": 4500000,
        "operatingExpenses": 438700000,
        "costAndExpenses": 1442700000,
        "interestIncome": -800000,
        "interestExpense": -2300000,
        "depreciationAndAmortization": 44600000,
        "ebitda": 139300000,
        "ebitdaratio": 0.0906901042,
        "operatingIncome": 93300000,
        "operatingIncomeRatio": 0.0607421875,
        "totalOtherIncomeExpensesNet": 1300000,
        "incomeBeforeTax": 94600000,
        "incomeBeforeTaxRatio": 0.0615885417,
        "incomeTaxExpense": 21700000,
        "netIncome": 72900000,
        "netIncomeRatio": 0.0474609375,
        "eps": 4.66,
        "epsdiluted": 4.66,
        "weightedAverageShsOut": 15700000,
        "weightedAverageShsOutDil": 15700000,
        "link": "https://www.sec.gov/Archives/edgar/data/28917/000002891725000025/0000028917-25-000025-index.htm",
        "finalLink": "https://www.sec.gov/Archives/edgar/data/28917/000002891725000025/dds-20250802x10q.htm"
    },
    {
        "date": "2025-05-03",
        "symbol": "DDS",
        "reportedCurrency": "USD",
        "cik": "0000028917",
        "fillingDate": "2025-06-06",
        "acceptedDate": "2025-06-06 16:17:41",
        "calendarYear": "2025",
        "period": "Q1",
        "revenue": 1546971000,
        "costOfRevenue": 857691000,
        "grossProfit": 689280000,
        "grossProfitRatio": 0.4455674993,
        "researchAndDevelopmentExpenses": 0,
        "generalAndAdministrativeExpenses": 426286000,
        "sellingAndMarketingExpenses": 0,
        "sellingGeneralAndAdministrativeExpenses": 426286000,
        "otherExpenses": 44485000,
        "operatingExpenses": 470771000,
        "costAndExpenses": 1328462000,
        "interestIncome": 822000,
        "interestExpense": 0,
        "depreciationAndAmortization": 44853000,
        "ebitda": 263362000,
        "ebitdaratio": 0.1702436568,
        "operatingIncome": 218509000,
        "operatingIncomeRatio": 0.1412495774,
        "totalOtherIncomeExpensesNet": -4812000,
        "incomeBeforeTax": 213697000,
        "incomeBeforeTaxRatio": 0.1381389826,
        "incomeTaxExpense": 49900000,
        "netIncome": 163800000,
        "netIncomeRatio": 0.1058843378,
        "eps": 10.39,
        "epsdiluted": 10.39,
        "weightedAverageShsOut": 15800000,
        "weightedAverageShsOutDil": 15800000,
        "link": "https://www.sec.gov/Archives/edgar/data/28917/000002891725000019/0000028917-25-000019-index.htm",
        "finalLink": "https://www.sec.gov/Archives/edgar/data/28917/000002891725000019/dds-20250503x10q.htm"
    },
    {
        "date": "2025-01-31",
        "symbol": "DDS",
        "reportedCurrency": "USD",
        "cik": "0000028917",
        "fillingDate": "2025-03-28",
        "acceptedDate": "2025-03-28 16:05:25",
        "calendarYear": "2024",
        "period": "Q4",
        "revenue": 2051616000,
        "costOfRevenue": 1312080000,
        "grossProfit": 739536000,
        "grossProfitRatio": 0.3604651163,
        "researchAndDevelopmentExpenses": 0,
        "generalAndAdministrativeExpenses": 458553000,
        "sellingAndMarketingExpenses": 0,
        "sellingGeneralAndAdministrativeExpenses": 458553000,
        "otherExpenses": 41327000,
        "operatingExpenses": 499880000,
        "costAndExpenses": 1811960000,
        "interestIncome": 1800000,
        "interestExpense": 0,
        "depreciationAndAmortization": 41705000,
        "ebitda": 310774000,
        "ebitdaratio": 0.1514776644,
        "operatingIncome": 239656000,
        "operatingIncomeRatio": 0.1168132828,
        "totalOtherIncomeExpensesNet": -4382000,
        "incomeBeforeTax": 235274000,
        "incomeBeforeTaxRatio": 0.1146774055,
        "incomeTaxExpense": 20915000,
        "netIncome": 214359000,
        "netIncomeRatio": 0.1044830027,
        "eps": 13.48,
        "epsdiluted": 13.48,
        "weightedAverageShsOut": 15900000,
        "weightedAverageShsOutDil": 15900000,
        "link": "https://www.sec.gov/Archives/edgar/data/28917/000002891725000004/0000028917-25-000004-index.htm",
        "finalLink": "https://www.sec.gov/Archives/edgar/data/28917/000002891725000004/dds-20250201x10k.htm"
    },
    {
        "date": "2024-11-02",
        "symbol": "DDS",
        "reportedCurrency": "USD",
        "cik": "0000028917",
        "fillingDate": "2024-12-06",
        "acceptedDate": "2024-12-06 16:19:59",
        "calendarYear": "2024",
        "period": "Q3",
        "revenue": 1451160000,
        "costOfRevenue": 819313000,
        "grossProfit": 631847000,
        "grossProfitRatio": 0.4354082251,
        "researchAndDevelopmentExpenses": 0,
        "generalAndAdministrativeExpenses": 423787000,
        "sellingAndMarketingExpenses": 0,
        "sellingGeneralAndAdministrativeExpenses": 423787000,
        "otherExpenses": 44045000,
        "operatingExpenses": 467832000,
        "costAndExpenses": 1287145000,
        "interestIncome": 4478000,
        "interestExpense": 0,
        "depreciationAndAmortization": 44430000,
        "ebitda": 208445000,
        "ebitdaratio": 0.1436402602,
        "operatingIncome": 164015000,
        "operatingIncomeRatio": 0.1130233744,
        "totalOtherIncomeExpensesNet": -1509000,
        "incomeBeforeTax": 162506000,
        "incomeBeforeTaxRatio": 0.1119835166,
        "incomeTaxExpense": 37900000,
        "netIncome": 124600000,
        "netIncomeRatio": 0.0858623446,
        "eps": 7.74,
        "epsdiluted": 7.74,
        "weightedAverageShsOut": 16100000,
        "weightedAverageShsOutDil": 16100000,
        "link": "https://www.sec.gov/Archives/edgar/data/28917/000002891724000030/0000028917-24-000030-index.htm",
        "finalLink": "https://www.sec.gov/Archives/edgar/data/28917/000002891724000030/dds-20241102x10q.htm"
    },
    {
        "date": "2024-08-03",
        "symbol": "DDS",
        "reportedCurrency": "USD",
        "cik": "0000028917",
        "fillingDate": "2024-09-06",
        "acceptedDate": "2024-09-06 16:20:29",
        "calendarYear": "2024",
        "period": "Q2",
        "revenue": 1514646000,
        "costOfRevenue": 930331000,
        "grossProfit": 584315000,
        "grossProfitRatio": 0.3857766105,
        "researchAndDevelopmentExpenses": 0,
        "generalAndAdministrativeExpenses": 438615000,
        "sellingAndMarketingExpenses": 0,
        "sellingGeneralAndAdministrativeExpenses": 438615000,
        "otherExpenses": 46376000,
        "operatingExpenses": 484991000,
        "costAndExpenses": 1415322000,
        "interestIncome": 3934000,
        "interestExpense": 0,
        "depreciationAndAmortization": 46871000,
        "ebitda": 146195000,
        "ebitdaratio": 0.0965209032,
        "operatingIncome": 99324000,
        "operatingIncomeRatio": 0.0655757187,
        "totalOtherIncomeExpensesNet": -2211000,
        "incomeBeforeTax": 97113000,
        "incomeBeforeTaxRatio": 0.0641159717,
        "incomeTaxExpense": 22630000,
        "netIncome": 74483000,
        "netIncomeRatio": 0.0491751868,
        "eps": 4.59,
        "epsdiluted": 4.59,
        "weightedAverageShsOut": 16233000,
        "weightedAverageShsOutDil": 16233000,
        "link": "https://www.sec.gov/Archives/edgar/data/28917/000002891724000026/0000028917-24-000026-index.htm",
        "finalLink": "https://www.sec.gov/Archives/edgar/data/28917/000002891724000026/dds-20240803x10q.htm"
    },
    {
        "date": "2024-05-04",
        "symbol": "DDS",
        "reportedCurrency": "USD",
        "cik": "0000028917",
        "fillingDate": "2024-06-07",
        "acceptedDate": "2024-06-07 16:18:29",
        "calendarYear": "2024",
        "period": "Q1",
        "revenue": 1572809000,
        "costOfRevenue": 857825000,
        "grossProfit": 714984000,
        "grossProfitRatio": 0.4545904811,
        "researchAndDevelopmentExpenses": 0,
        "generalAndAdministrativeExpenses": 431698000,
        "sellingAndMarketingExpenses": 0,
        "sellingGeneralAndAdministrativeExpenses": 431698000,
        "otherExpenses": 46119000,
        "operatingExpenses": 477817000,
        "costAndExpenses": 1335642000,
        "interestIncome": 3532000,
        "interestExpense": 0,
        "depreciationAndAmortization": 46516000,
        "ebitda": 283683000,
        "ebitdaratio": 0.1803671012,
        "operatingIncome": 237167000,
        "operatingIncomeRatio": 0.1507919906,
        "totalOtherIncomeExpensesNet": -2359000,
        "incomeBeforeTax": 234808000,
        "incomeBeforeTaxRatio": 0.1492921264,
        "incomeTaxExpense": 54770000,
        "netIncome": 180038000,
        "netIncomeRatio": 0.1144690805,
        "eps": 11.09,
        "epsdiluted": 11.09,
        "weightedAverageShsOut": 16230000,
        "weightedAverageShsOutDil": 16230000,
        "link": "https://www.sec.gov/Archives/edgar/data/28917/000002891724000022/0000028917-24-000022-index.htm",
        "finalLink": "https://www.sec.gov/Archives/edgar/data/28917/000002891724000022/dds-20240504x10q.htm"
    },
    {
        "date": "2024-01-31",
        "symbol": "DDS",
        "reportedCurrency": "USD",
        "cik": "0000028917",
        "fillingDate": "2024-03-29",
        "acceptedDate": "2024-03-29 15:25:10",
        "calendarYear": "2023",
        "period": "Q4",
        "revenue": 2158861000,
        "costOfRevenue": 1346475000,
        "grossProfit": 812386000,
        "grossProfitRatio": 0.3763030598,
        "researchAndDevelopmentExpenses": 0,
        "generalAndAdministrativeExpenses": 483967000,
        "sellingAndMarketingExpenses": 0,
        "sellingGeneralAndAdministrativeExpenses": 483967000,
        "otherExpenses": 44301000,
        "operatingExpenses": 528268000,
        "costAndExpenses": 1874743000,
        "interestIncome": 3100000,
        "interestExpense": 0,
        "depreciationAndAmortization": 44700000,
        "ebitda": 361320000,
        "ebitdaratio": 0.1673660324,
        "operatingIncome": 284118000,
        "operatingIncomeRatio": 0.1316055086,
        "totalOtherIncomeExpensesNet": -1586000,
        "incomeBeforeTax": 282532000,
        "incomeBeforeTaxRatio": 0.130870862,
        "incomeTaxExpense": 32000000,
        "netIncome": 250502000,
        "netIncomeRatio": 0.1160343348,
        "eps": 15.46,
        "epsdiluted": 15.46,
        "weightedAverageShsOut": 16200000,
        "weightedAverageShsOutDil": 16200000,
        "link": "https://www.sec.gov/Archives/edgar/data/28917/000002891724000011/0000028917-24-000011-index.htm",
        "finalLink": "https://www.sec.gov/Archives/edgar/data/28917/000002891724000011/dds-20240203x10k.htm"
    },
    {
        "date": "2023-10-28",
        "symbol": "DDS",
        "reportedCurrency": "USD",
        "cik": "0000028917",
        "fillingDate": "2023-12-07",
        "acceptedDate": "2023-12-07 16:26:33",
        "calendarYear": "2023",
        "period": "Q3",
        "revenue": 1504234000,
        "costOfRevenue": 834537000,
        "grossProfit": 669697000,
        "grossProfitRatio": 0.4452079929,
        "researchAndDevelopmentExpenses": 0,
        "generalAndAdministrativeExpenses": 426757000,
        "sellingAndMarketingExpenses": 0,
        "sellingGeneralAndAdministrativeExpenses": 426757000,
        "otherExpenses": 44707000,
        "operatingExpenses": 471464000,
        "costAndExpenses": 1306001000,
        "interestIncome": 1790000,
        "interestExpense": 0,
        "depreciationAndAmortization": 45106000,
        "ebitda": 243339000,
        "ebitdaratio": 0.161769379,
        "operatingIncome": 198233000,
        "operatingIncomeRatio": 0.1317833529,
        "totalOtherIncomeExpensesNet": 1146000,
        "incomeBeforeTax": 199379000,
        "incomeBeforeTaxRatio": 0.1325452024,
        "incomeTaxExpense": 44100000,
        "netIncome": 155339000,
        "netIncomeRatio": 0.1032678426,
        "eps": 9.49,
        "epsdiluted": 9.49,
        "weightedAverageShsOut": 16377000,
        "weightedAverageShsOutDil": 16377000,
        "link": "https://www.sec.gov/Archives/edgar/data/28917/000002891723000034/0000028917-23-000034-index.htm",
        "finalLink": "https://www.sec.gov/Archives/edgar/data/28917/000002891723000034/dds-20231028x10q.htm"
    },
    {
        "date": "2023-07-29",
        "symbol": "DDS",
        "reportedCurrency": "USD",
        "cik": "0000028917",
        "fillingDate": "2023-09-01",
        "acceptedDate": "2023-09-01 16:18:52",
        "calendarYear": "2023",
        "period": "Q2",
        "revenue": 1597418000,
        "costOfRevenue": 958835000,
        "grossProfit": 638583000,
        "grossProfitRatio": 0.3997594869,
        "researchAndDevelopmentExpenses": 0,
        "generalAndAdministrativeExpenses": 417504000,
        "sellingAndMarketingExpenses": 0,
        "sellingGeneralAndAdministrativeExpenses": 417504000,
        "otherExpenses": 44818000,
        "operatingExpenses": 462322000,
        "costAndExpenses": 1421157000,
        "interestIncome": 143000,
        "interestExpense": 275000,
        "depreciationAndAmortization": 45221000,
        "ebitda": 217087000,
        "ebitdaratio": 0.1358986815,
        "operatingIncome": 176261000,
        "operatingIncomeRatio": 0.1103411881,
        "totalOtherIncomeExpensesNet": -4670000,
        "incomeBeforeTax": 171591000,
        "incomeBeforeTaxRatio": 0.1074177203,
        "incomeTaxExpense": 40100000,
        "netIncome": 131511000,
        "netIncomeRatio": 0.0823272306,
        "eps": 7.98,
        "epsdiluted": 7.98,
        "weightedAverageShsOut": 16480000,
        "weightedAverageShsOutDil": 16480000,
        "link": "https://www.sec.gov/Archives/edgar/data/28917/000002891723000029/0000028917-23-000029-index.htm",
        "finalLink": "https://www.sec.gov/Archives/edgar/data/28917/000002891723000029/dds-20230729x10q.htm"
    },
    {
        "date": "2023-04-29",
        "symbol": "DDS",
        "reportedCurrency": "USD",
        "cik": "0000028917",
        "fillingDate": "2023-06-02",
        "acceptedDate": "2023-06-02 16:41:44",
        "calendarYear": "2023",
        "period": "Q1",
        "revenue": 1613907000,
        "costOfRevenue": 891261000,
        "grossProfit": 722646000,
        "grossProfitRatio": 0.4477618599,
        "researchAndDevelopmentExpenses": 0,
        "generalAndAdministrativeExpenses": 410756000,
        "sellingAndMarketingExpenses": 0,
        "sellingGeneralAndAdministrativeExpenses": 410756000,
        "otherExpenses": 45747000,
        "operatingExpenses": 456503000,
        "costAndExpenses": 1347764000,
        "interestIncome": 105000,
        "interestExpense": 228000,
        "depreciationAndAmortization": 46155000,
        "ebitda": 309498000,
        "ebitdaratio": 0.1917694142,
        "operatingIncome": 266143000,
        "operatingIncomeRatio": 0.1649060324,
        "totalOtherIncomeExpensesNet": -3028000,
        "incomeBeforeTax": 263115000,
        "incomeBeforeTaxRatio": 0.16302984,
        "incomeTaxExpense": 61620000,
        "netIncome": 201495000,
        "netIncomeRatio": 0.1248492013,
        "eps": 11.85,
        "epsdiluted": 11.85,
        "weightedAverageShsOut": 17004000,
        "weightedAverageShsOutDil": 17004000,
        "link": "https://www.sec.gov/Archives/edgar/data/28917/000002891723000023/0000028917-23-000023-index.htm",
        "finalLink": "https://www.sec.gov/Archives/edgar/data/28917/000002891723000023/dds-20230429x10q.htm"
    },
    {
        "date": "2023-01-31",
        "symbol": "DDS",
        "reportedCurrency": "USD",
        "cik": "0000028917",
        "fillingDate": "2023-03-27",
        "acceptedDate": "2023-03-27 17:16:24",
        "calendarYear": "2022",
        "period": "Q4",
        "revenue": 2162474000,
        "costOfRevenue": 1325267000,
        "grossProfit": 837207000,
        "grossProfitRatio": 0.3871524004,
        "researchAndDevelopmentExpenses": 0,
        "generalAndAdministrativeExpenses": 465876000,
        "sellingAndMarketingExpenses": 0,
        "sellingGeneralAndAdministrativeExpenses": 465876000,
        "otherExpenses": 47647000,
        "operatingExpenses": 513523000,
        "costAndExpenses": 1838790000,
        "interestIncome": 7027000,
        "interestExpense": 10446000,
        "depreciationAndAmortization": 48052000,
        "ebitda": 390634000,
        "ebitdaratio": 0.1806421719,
        "operatingIncome": 323684000,
        "operatingIncomeRatio": 0.1496822621,
        "totalOtherIncomeExpensesNet": 8452000,
        "incomeBeforeTax": 332136000,
        "incomeBeforeTaxRatio": 0.1535907484,
        "incomeTaxExpense": 42950000,
        "netIncome": 289186000,
        "netIncomeRatio": 0.1337292379,
        "eps": 16.91,
        "epsdiluted": 16.91,
        "weightedAverageShsOut": 17100000,
        "weightedAverageShsOutDil": 17100000,
        "link": "https://www.sec.gov/Archives/edgar/data/28917/000002891723000007/0000028917-23-000007-index.htm",
        "finalLink": "https://www.sec.gov/Archives/edgar/data/28917/000002891723000007/dds-20230128x10k.htm"
    },
    {
        "date": "2022-10-29",
        "symbol": "DDS",
        "reportedCurrency": "USD",
        "cik": "0000028917",
        "fillingDate": "2022-12-02",
        "acceptedDate": "2022-12-02 16:45:47",
        "calendarYear": "2022",
        "period": "Q3",
        "revenue": 1573072000,
        "costOfRevenue": 855677000,
        "grossProfit": 717395000,
        "grossProfitRatio": 0.4560471485,
        "researchAndDevelopmentExpenses": 0,
        "generalAndAdministrativeExpenses": 419110000,
        "sellingAndMarketingExpenses": 0,
        "sellingGeneralAndAdministrativeExpenses": 419110000,
        "otherExpenses": 46665000,
        "operatingExpenses": 465775000,
        "costAndExpenses": 1321452000,
        "interestIncome": 27000,
        "interestExpense": 6984000,
        "depreciationAndAmortization": 47056000,
        "ebitda": 296769000,
        "ebitdaratio": 0.1886557004,
        "operatingIncome": 251620000,
        "operatingIncomeRatio": 0.1599545348,
        "totalOtherIncomeExpensesNet": -8891000,
        "incomeBeforeTax": 242729000,
        "incomeBeforeTaxRatio": 0.1543025367,
        "incomeTaxExpense": 54820000,
        "netIncome": 187909000,
        "netIncomeRatio": 0.1194535279,
        "eps": 10.96,
        "epsdiluted": 10.96,
        "weightedAverageShsOut": 17100000,
        "weightedAverageShsOutDil": 17100000,
        "link": "https://www.sec.gov/Archives/edgar/data/28917/000002891722000020/0000028917-22-000020-index.htm",
        "finalLink": "https://www.sec.gov/Archives/edgar/data/28917/000002891722000020/dds-20221029x10q.htm"
    },
    {
        "date": "2022-07-30",
        "symbol": "DDS",
        "reportedCurrency": "USD",
        "cik": "0000028917",
        "fillingDate": "2022-09-01",
        "acceptedDate": "2022-09-01 17:11:59",
        "calendarYear": "2022",
        "period": "Q2",
        "revenue": 1617887000,
        "costOfRevenue": 941217000,
        "grossProfit": 676670000,
        "grossProfitRatio": 0.4182430541,
        "researchAndDevelopmentExpenses": 0,
        "generalAndAdministrativeExpenses": 406648000,
        "sellingAndMarketingExpenses": 0,
        "sellingGeneralAndAdministrativeExpenses": 406648000,
        "otherExpenses": 47919000,
        "operatingExpenses": 454567000,
        "costAndExpenses": 1395784000,
        "interestIncome": 12000,
        "interestExpense": 9601000,
        "depreciationAndAmortization": 48316000,
        "ebitda": 268496000,
        "ebitdaratio": 0.1659547298,
        "operatingIncome": 222103000,
        "operatingIncomeRatio": 0.137279674,
        "totalOtherIncomeExpensesNet": -11524000,
        "incomeBeforeTax": 210579000,
        "incomeBeforeTaxRatio": 0.1301568033,
        "incomeTaxExpense": 47130000,
        "netIncome": 163400000,
        "netIncomeRatio": 0.1009959286,
        "eps": 9.3,
        "epsdiluted": 9.3,
        "weightedAverageShsOut": 17583000,
        "weightedAverageShsOutDil": 17583000,
        "link": "https://www.sec.gov/Archives/edgar/data/28917/000002891722000014/0000028917-22-000014-index.htm",
        "finalLink": "https://www.sec.gov/Archives/edgar/data/28917/000002891722000014/dds-20220730x10q.htm"
    },
    {
        "date": "2022-04-30",
        "symbol": "DDS",
        "reportedCurrency": "USD",
        "cik": "0000028917",
        "fillingDate": "2022-06-03",
        "acceptedDate": "2022-06-03 17:04:53",
        "calendarYear": "2022",
        "period": "Q1",
        "revenue": 1642782000,
        "costOfRevenue": 861437000,
        "grossProfit": 781345000,
        "grossProfitRatio": 0.4756230589,
        "researchAndDevelopmentExpenses": 0,
        "generalAndAdministrativeExpenses": 405852000,
        "sellingAndMarketingExpenses": 0,
        "sellingGeneralAndAdministrativeExpenses": 405852000,
        "otherExpenses": 46209000,
        "operatingExpenses": 452061000,
        "costAndExpenses": 1313498000,
        "interestIncome": 7000,
        "interestExpense": 10569000,
        "depreciationAndAmortization": 46606000,
        "ebitda": 381198000,
        "ebitdaratio": 0.2320441787,
        "operatingIncome": 329284000,
        "operatingIncomeRatio": 0.2004429072,
        "totalOtherIncomeExpensesNet": -5261000,
        "incomeBeforeTax": 324023000,
        "incomeBeforeTaxRatio": 0.1972404129,
        "incomeTaxExpense": 72900000,
        "netIncome": 251100000,
        "netIncomeRatio": 0.1528504695,
        "eps": 13.68,
        "epsdiluted": 13.68,
        "weightedAverageShsOut": 18351000,
        "weightedAverageShsOutDil": 18351000,
        "link": "https://www.sec.gov/Archives/edgar/data/28917/000155837022009716/0001558370-22-009716-index.htm",
        "finalLink": "https://www.sec.gov/Archives/edgar/data/28917/000155837022009716/dds-20220430x10q.htm"
    },
    {
        "date": "2022-01-31",
        "symbol": "DDS",
        "reportedCurrency": "USD",
        "cik": "0000028917",
        "fillingDate": "2022-03-29",
        "acceptedDate": "2022-03-29 16:59:33",
        "calendarYear": "2021",
        "period": "Q4",
        "revenue": 2153388000,
        "costOfRevenue": 1250090000,
        "grossProfit": 903298000,
        "grossProfitRatio": 0.419477586,
        "researchAndDevelopmentExpenses": 0,
        "generalAndAdministrativeExpenses": 448318000,
        "sellingAndMarketingExpenses": 0,
        "sellingGeneralAndAdministrativeExpenses": 448318000,
        "otherExpenses": 52682000,
        "operatingExpenses": 501000000,
        "costAndExpenses": 1751090000,
        "interestIncome": 0,
        "interestExpense": 10236000,
        "depreciationAndAmortization": 53116000,
        "ebitda": 470583000,
        "ebitdaratio": 0.218531449,
        "operatingIncome": 402298000,
        "operatingIncomeRatio": 0.1868209538,
        "totalOtherIncomeExpensesNet": -12368000,
        "incomeBeforeTax": 389930000,
        "incomeBeforeTaxRatio": 0.1810774463,
        "incomeTaxExpense": 68700000,
        "netIncome": 321200000,
        "netIncomeRatio": 0.1491603,
        "eps": 16.61,
        "epsdiluted": 16.61,
        "weightedAverageShsOut": 19300000,
        "weightedAverageShsOutDil": 19300000,
        "link": "https://www.sec.gov/Archives/edgar/data/28917/000002891722000009/0000028917-22-000009-index.htm",
        "finalLink": "https://www.sec.gov/Archives/edgar/data/28917/000002891722000009/dds-20220129.htm"
    },
    {
        "date": "2021-10-30",
        "symbol": "DDS",
        "reportedCurrency": "USD",
        "cik": "0000028917",
        "fillingDate": "2021-12-03",
        "acceptedDate": "2021-12-03 16:30:15",
        "calendarYear": "2021",
        "period": "Q3",
        "revenue": 1511912000,
        "costOfRevenue": 796276000,
        "grossProfit": 715636000,
        "grossProfitRatio": 0.4733317812,
        "researchAndDevelopmentExpenses": 0,
        "generalAndAdministrativeExpenses": 398138000,
        "sellingAndMarketingExpenses": 0,
        "sellingGeneralAndAdministrativeExpenses": 398138000,
        "otherExpenses": 50188000,
        "operatingExpenses": 448326000,
        "costAndExpenses": 1244602000,
        "interestIncome": 500000,
        "interestExpense": 11050000,
        "depreciationAndAmortization": 50624000,
        "ebitda": 316304000,
        "ebitdaratio": 0.2092079433,
        "operatingIncome": 267310000,
        "operatingIncomeRatio": 0.1768026181,
        "totalOtherIncomeExpensesNet": -12680000,
        "incomeBeforeTax": 254630000,
        "incomeBeforeTaxRatio": 0.1684158866,
        "incomeTaxExpense": 57300000,
        "netIncome": 197300000,
        "netIncomeRatio": 0.1304970131,
        "eps": 9.81,
        "epsdiluted": 9.81,
        "weightedAverageShsOut": 20109000,
        "weightedAverageShsOutDil": 20109000,
        "link": "https://www.sec.gov/Archives/edgar/data/28917/000002891721000246/0000028917-21-000246-index.htm",
        "finalLink": "https://www.sec.gov/Archives/edgar/data/28917/000002891721000246/dds-20211030.htm"
    },
    {
        "date": "2021-07-31",
        "symbol": "DDS",
        "reportedCurrency": "USD",
        "cik": "0000028917",
        "fillingDate": "2021-09-03",
        "acceptedDate": "2021-09-03 16:28:09",
        "calendarYear": "2021",
        "period": "Q2",
        "revenue": 1601432000,
        "costOfRevenue": 927210000,
        "grossProfit": 674222000,
        "grossProfitRatio": 0.4210119443,
        "researchAndDevelopmentExpenses": 0,
        "generalAndAdministrativeExpenses": 370967000,
        "sellingAndMarketingExpenses": 0,
        "sellingGeneralAndAdministrativeExpenses": 370967000,
        "otherExpenses": 50043000,
        "operatingExpenses": 421010000,
        "costAndExpenses": 1348220000,
        "interestIncome": 0,
        "interestExpense": 10771000,
        "depreciationAndAmortization": 50454000,
        "ebitda": 303666000,
        "ebitdaratio": 0.1896215387,
        "operatingIncome": 253212000,
        "operatingIncomeRatio": 0.1581159862,
        "totalOtherIncomeExpensesNet": -12896000,
        "incomeBeforeTax": 240316000,
        "incomeBeforeTaxRatio": 0.1500631934,
        "incomeTaxExpense": 54600000,
        "netIncome": 185700000,
        "netIncomeRatio": 0.1159587169,
        "eps": 8.81,
        "epsdiluted": 8.81,
        "weightedAverageShsOut": 21079000,
        "weightedAverageShsOutDil": 21079000,
        "link": "https://www.sec.gov/Archives/edgar/data/28917/000002891721000196/0000028917-21-000196-index.htm",
        "finalLink": "https://www.sec.gov/Archives/edgar/data/28917/000002891721000196/dds-20210731.htm"
    },
    {
        "date": "2021-05-01",
        "symbol": "DDS",
        "reportedCurrency": "USD",
        "cik": "0000028917",
        "fillingDate": "2021-06-09",
        "acceptedDate": "2021-06-09 16:34:16",
        "calendarYear": "2021",
        "period": "Q1",
        "revenue": 1357535000,
        "costOfRevenue": 774089000,
        "grossProfit": 583446000,
        "grossProfitRatio": 0.4297833942,
        "researchAndDevelopmentExpenses": 0,
        "generalAndAdministrativeExpenses": 341725000,
        "sellingAndMarketingExpenses": 0,
        "sellingGeneralAndAdministrativeExpenses": 341725000,
        "otherExpenses": 46408000,
        "operatingExpenses": 388133000,
        "costAndExpenses": 1162222000,
        "interestIncome": 0,
        "interestExpense": 11535000,
        "depreciationAndAmortization": 47241000,
        "ebitda": 242554000,
        "ebitdaratio": 0.1786723731,
        "operatingIncome": 195313000,
        "operatingIncomeRatio": 0.1438732703,
        "totalOtherIncomeExpensesNet": 8174000,
        "incomeBeforeTax": 203487000,
        "incomeBeforeTaxRatio": 0.1498944779,
        "incomeTaxExpense": 45200000,
        "netIncome": 158200000,
        "netIncomeRatio": 0.1165347486,
        "eps": 7.25,
        "epsdiluted": 7.25,
        "weightedAverageShsOut": 21837000,
        "weightedAverageShsOutDil": 21837000,
        "link": "https://www.sec.gov/Archives/edgar/data/28917/000002891721000146/0000028917-21-000146-index.htm",
        "finalLink": "https://www.sec.gov/Archives/edgar/data/28917/000002891721000146/dds-20210501.htm"
    },
    {
        "date": "2021-01-31",
        "symbol": "DDS",
        "reportedCurrency": "USD",
        "cik": "0000028917",
        "fillingDate": "2021-03-29",
        "acceptedDate": "2021-03-29 17:14:08",
        "calendarYear": "2020",
        "period": "Q4",
        "revenue": 1614314000,
        "costOfRevenue": 1082063000,
        "grossProfit": 532251000,
        "grossProfitRatio": 0.3297072317,
        "researchAndDevelopmentExpenses": 0,
        "generalAndAdministrativeExpenses": 341627000,
        "sellingAndMarketingExpenses": 0,
        "sellingGeneralAndAdministrativeExpenses": 341627000,
        "otherExpenses": 58149000,
        "operatingExpenses": 399776000,
        "costAndExpenses": 1481839000,
        "interestIncome": 0,
        "interestExpense": 11803000,
        "depreciationAndAmortization": 58980000,
        "ebitda": 170577000,
        "ebitdaratio": 0.1056653167,
        "operatingIncome": 132475000,
        "operatingIncomeRatio": 0.0820627214,
        "totalOtherIncomeExpensesNet": -24638000,
        "incomeBeforeTax": 107837000,
        "incomeBeforeTaxRatio": 0.0668005109,
        "incomeTaxExpense": 40800000,
        "netIncome": 67000000,
        "netIncomeRatio": 0.0415036975,
        "eps": 3.05,
        "epsdiluted": 3.05,
        "weightedAverageShsOut": 21998000,
        "weightedAverageShsOutDil": 22000000,
        "link": "https://www.sec.gov/Archives/edgar/data/28917/000002891721000066/0000028917-21-000066-index.htm",
        "finalLink": "https://www.sec.gov/Archives/edgar/data/28917/000002891721000066/dds-20210130.htm"
    },
    {
        "date": "2020-10-31",
        "symbol": "DDS",
        "reportedCurrency": "USD",
        "cik": "0000028917",
        "fillingDate": "2020-12-04",
        "acceptedDate": "2020-12-04 17:01:56",
        "calendarYear": "2020",
        "period": "Q3",
        "revenue": 1052112000,
        "costOfRevenue": 658684000,
        "grossProfit": 393428000,
        "grossProfitRatio": 0.3739411774,
        "researchAndDevelopmentExpenses": 0,
        "generalAndAdministrativeExpenses": 323333000,
        "sellingAndMarketingExpenses": 0,
        "sellingGeneralAndAdministrativeExpenses": 323333000,
        "otherExpenses": 53377000,
        "operatingExpenses": 376710000,
        "costAndExpenses": 1035394000,
        "interestIncome": 0,
        "interestExpense": 12162000,
        "depreciationAndAmortization": 54195000,
        "ebitda": 70913000,
        "ebitdaratio": 0.0674006189,
        "operatingIncome": 16718000,
        "operatingIncomeRatio": 0.0158899433,
        "totalOtherIncomeExpensesNet": -16488000,
        "incomeBeforeTax": 230000,
        "incomeBeforeTaxRatio": 0.0002186079,
        "incomeTaxExpense": -31620000,
        "netIncome": 31900000,
        "netIncomeRatio": 0.0303199659,
        "eps": 1.43,
        "epsdiluted": 1.43,
        "weightedAverageShsOut": 22264000,
        "weightedAverageShsOutDil": 22300000,
        "link": "https://www.sec.gov/Archives/edgar/data/28917/000002891720000348/0000028917-20-000348-index.htm",
        "finalLink": "https://www.sec.gov/Archives/edgar/data/28917/000002891720000348/dds-20201031.htm"
    },
    {
        "date": "2020-08-01",
        "symbol": "DDS",
        "reportedCurrency": "USD",
        "cik": "0000028917",
        "fillingDate": "2020-09-04",
        "acceptedDate": "2020-09-04 17:09:24",
        "calendarYear": "2020",
        "period": "Q2",
        "revenue": 945183000,
        "costOfRevenue": 639847000,
        "grossProfit": 305336000,
        "grossProfitRatio": 0.3230443205,
        "researchAndDevelopmentExpenses": 0,
        "generalAndAdministrativeExpenses": 272701000,
        "sellingAndMarketingExpenses": 0,
        "sellingGeneralAndAdministrativeExpenses": 272701000,
        "otherExpenses": 50951000,
        "operatingExpenses": 323652000,
        "costAndExpenses": 963499000,
        "interestIncome": 0,
        "interestExpense": 12873000,
        "depreciationAndAmortization": 51759000,
        "ebitda": 33443000,
        "ebitdaratio": 0.0353825661,
        "operatingIncome": -18316000,
        "operatingIncomeRatio": -0.019378258,
        "totalOtherIncomeExpensesNet": -15010000,
        "incomeBeforeTax": -33326000,
        "incomeBeforeTaxRatio": -0.0352587806,
        "incomeTaxExpense": -24760000,
        "netIncome": -8566000,
        "netIncomeRatio": -0.0090627952,
        "eps": -0.37,
        "epsdiluted": -0.37,
        "weightedAverageShsOut": 23174000,
        "weightedAverageShsOutDil": 23200000,
        "link": "https://www.sec.gov/Archives/edgar/data/28917/000002891720000221/0000028917-20-000221-index.htm",
        "finalLink": "https://www.sec.gov/Archives/edgar/data/28917/000002891720000221/dds-20200801.htm"
    },
    {
        "date": "2020-05-02",
        "symbol": "DDS",
        "reportedCurrency": "USD",
        "cik": "0000028917",
        "fillingDate": "2020-06-05",
        "acceptedDate": "2020-06-05 17:17:35",
        "calendarYear": "2020",
        "period": "Q1",
        "revenue": 821576000,
        "costOfRevenue": 688469000,
        "grossProfit": 133107000,
        "grossProfitRatio": 0.1620142263,
        "researchAndDevelopmentExpenses": 0,
        "generalAndAdministrativeExpenses": 295996000,
        "sellingAndMarketingExpenses": 0,
        "sellingGeneralAndAdministrativeExpenses": 295996000,
        "otherExpenses": 50901000,
        "operatingExpenses": 346897000,
        "costAndExpenses": 1035366000,
        "interestIncome": 0,
        "interestExpense": 12270000,
        "depreciationAndAmortization": 51381000,
        "ebitda": -162409000,
        "ebitdaratio": -0.1976798251,
        "operatingIncome": -213790000,
        "operatingIncomeRatio": -0.2602193832,
        "totalOtherIncomeExpensesNet": -14355000,
        "incomeBeforeTax": -228145000,
        "incomeBeforeTaxRatio": -0.2776918995,
        "incomeTaxExpense": -66170000,
        "netIncome": -161975000,
        "netIncomeRatio": -0.1971515721,
        "eps": -6.94,
        "epsdiluted": -6.94,
        "weightedAverageShsOut": 23354000,
        "weightedAverageShsOutDil": 23400000,
        "link": "https://www.sec.gov/Archives/edgar/data/28917/000002891720000127/0000028917-20-000127-index.htm",
        "finalLink": "https://www.sec.gov/Archives/edgar/data/28917/000002891720000127/dds-05022020x10q.htm"
    },
    {
        "date": "2020-01-31",
        "symbol": "DDS",
        "reportedCurrency": "USD",
        "cik": "0000028917",
        "fillingDate": "2020-03-31",
        "acceptedDate": "2020-03-31 16:22:02",
        "calendarYear": "2019",
        "period": "Q4",
        "revenue": 1962772000,
        "costOfRevenue": 1349415000,
        "grossProfit": 613357000,
        "grossProfitRatio": 0.3124952873,
        "researchAndDevelopmentExpenses": 0,
        "generalAndAdministrativeExpenses": 466704000,
        "sellingAndMarketingExpenses": 0,
        "sellingGeneralAndAdministrativeExpenses": 466704000,
        "otherExpenses": 59459000,
        "operatingExpenses": 526163000,
        "costAndExpenses": 1875578000,
        "interestIncome": 0,
        "interestExpense": 11206000,
        "depreciationAndAmortization": 59936000,
        "ebitda": 161015000,
        "ebitdaratio": 0.08203449,
        "operatingIncome": 87194000,
        "operatingIncomeRatio": 0.0444239066,
        "totalOtherIncomeExpensesNet": -4826000,
        "incomeBeforeTax": 82368000,
        "incomeBeforeTaxRatio": 0.0419651391,
        "incomeTaxExpense": 14700000,
        "netIncome": 67700000,
        "netIncomeRatio": 0.0344920347,
        "eps": 2.75,
        "epsdiluted": 2.75,
        "weightedAverageShsOut": 24600000,
        "weightedAverageShsOutDil": 24600000,
        "link": "https://www.sec.gov/Archives/edgar/data/28917/000002891720000041/0000028917-20-000041-index.htm",
        "finalLink": "https://www.sec.gov/Archives/edgar/data/28917/000002891720000041/dds-02012020x10k.htm"
    },
    {
        "date": "2019-11-02",
        "symbol": "DDS",
        "reportedCurrency": "USD",
        "cik": "0000028917",
        "fillingDate": "2019-12-11",
        "acceptedDate": "2019-12-11 16:17:14",
        "calendarYear": "2019",
        "period": "Q3",
        "revenue": 1423659000,
        "costOfRevenue": 926782000,
        "grossProfit": 496877000,
        "grossProfitRatio": 0.3490140546,
        "researchAndDevelopmentExpenses": 0,
        "generalAndAdministrativeExpenses": 424076000,
        "sellingAndMarketingExpenses": 0,
        "sellingGeneralAndAdministrativeExpenses": 424076000,
        "otherExpenses": 56143000,
        "operatingExpenses": 480219000,
        "costAndExpenses": 1407001000,
        "interestIncome": 0,
        "interestExpense": 11536000,
        "depreciationAndAmortization": 56633000,
        "ebitda": 73291000,
        "ebitdaratio": 0.0514807268,
        "operatingIncome": 16658000,
        "operatingIncomeRatio": 0.0117008357,
        "totalOtherIncomeExpensesNet": -13756000,
        "incomeBeforeTax": 2902000,
        "incomeBeforeTaxRatio": 0.0020384095,
        "incomeTaxExpense": -2560000,
        "netIncome": 5462000,
        "netIncomeRatio": 0.0038365929,
        "eps": 0.22,
        "epsdiluted": 0.22,
        "weightedAverageShsOut": 24900000,
        "weightedAverageShsOutDil": 24900000,
        "link": "https://www.sec.gov/Archives/edgar/data/28917/000002891719000462/0000028917-19-000462-index.htm",
        "finalLink": "https://www.sec.gov/Archives/edgar/data/28917/000002891719000462/dds-110219x10q.htm"
    },
    {
        "date": "2019-08-03",
        "symbol": "DDS",
        "reportedCurrency": "USD",
        "cik": "0000028917",
        "fillingDate": "2019-09-11",
        "acceptedDate": "2019-09-11 17:06:41",
        "calendarYear": "2019",
        "period": "Q2",
        "revenue": 1458845000,
        "costOfRevenue": 1032014000,
        "grossProfit": 426831000,
        "grossProfitRatio": 0.29258146,
        "researchAndDevelopmentExpenses": 0,
        "generalAndAdministrativeExpenses": 415334000,
        "sellingAndMarketingExpenses": 0,
        "sellingGeneralAndAdministrativeExpenses": 415334000,
        "otherExpenses": 54383000,
        "operatingExpenses": 469717000,
        "costAndExpenses": 1501731000,
        "interestIncome": 0,
        "interestExpense": 12248000,
        "depreciationAndAmortization": 55207000,
        "ebitda": 12321000,
        "ebitdaratio": 0.0084457225,
        "operatingIncome": -42886000,
        "operatingIncomeRatio": -0.0293972286,
        "totalOtherIncomeExpensesNet": -9265000,
        "incomeBeforeTax": -52151000,
        "incomeBeforeTaxRatio": -0.0357481432,
        "incomeTaxExpense": -11480000,
        "netIncome": -40671000,
        "netIncomeRatio": -0.0278789042,
        "eps": -1.59,
        "epsdiluted": -1.59,
        "weightedAverageShsOut": 25584000,
        "weightedAverageShsOutDil": 25600000,
        "link": "https://www.sec.gov/Archives/edgar/data/28917/000002891719000317/0000028917-19-000317-index.htm",
        "finalLink": "https://www.sec.gov/Archives/edgar/data/28917/000002891719000317/dds-080319x10q.htm"
    },
    {
        "date": "2019-05-04",
        "symbol": "DDS",
        "reportedCurrency": "USD",
        "cik": "0000028917",
        "fillingDate": "2019-06-07",
        "acceptedDate": "2019-06-07 17:17:01",
        "calendarYear": "2019",
        "period": "Q1",
        "revenue": 1497935000,
        "costOfRevenue": 927767000,
        "grossProfit": 570168000,
        "grossProfitRatio": 0.3806360089,
        "researchAndDevelopmentExpenses": 0,
        "generalAndAdministrativeExpenses": 411278000,
        "sellingAndMarketingExpenses": 0,
        "sellingGeneralAndAdministrativeExpenses": 411278000,
        "otherExpenses": 52364000,
        "operatingExpenses": 463642000,
        "costAndExpenses": 1391409000,
        "interestIncome": 0,
        "interestExpense": 11237000,
        "depreciationAndAmortization": 52533000,
        "ebitda": 159059000,
        "ebitdaratio": 0.1061855154,
        "operatingIncome": 106526000,
        "operatingIncomeRatio": 0.0711152353,
        "totalOtherIncomeExpensesNet": -5754000,
        "incomeBeforeTax": 100772000,
        "incomeBeforeTaxRatio": 0.0672739471,
        "incomeTaxExpense": 22200000,
        "netIncome": 78600000,
        "netIncomeRatio": 0.0524722368,
        "eps": 2.99,
        "epsdiluted": 2.99,
        "weightedAverageShsOut": 26300000,
        "weightedAverageShsOutDil": 26300000,
        "link": "https://www.sec.gov/Archives/edgar/data/28917/000002891719000190/0000028917-19-000190-index.htm",
        "finalLink": "https://www.sec.gov/Archives/edgar/data/28917/000002891719000190/dds-050419x10q.htm"
    },
    {
        "date": "2019-01-31",
        "symbol": "DDS",
        "reportedCurrency": "USD",
        "cik": "0000028917",
        "fillingDate": "2019-03-29",
        "acceptedDate": "2019-03-29 17:23:25",
        "calendarYear": "2018",
        "period": "Q4",
        "revenue": 2056257000,
        "costOfRevenue": 1415665000,
        "grossProfit": 640592000,
        "grossProfitRatio": 0.3115330428,
        "researchAndDevelopmentExpenses": 0,
        "generalAndAdministrativeExpenses": 467015000,
        "sellingAndMarketingExpenses": 0,
        "sellingGeneralAndAdministrativeExpenses": 467015000,
        "otherExpenses": 55829000,
        "operatingExpenses": 522844000,
        "costAndExpenses": 1938509000,
        "interestIncome": 0,
        "interestExpense": 12071000,
        "depreciationAndAmortization": 56437000,
        "ebitda": 167507000,
        "ebitdaratio": 0.0814620935,
        "operatingIncome": 117748000,
        "operatingIncomeRatio": 0.0572632701,
        "totalOtherIncomeExpensesNet": -13971000,
        "incomeBeforeTax": 103777000,
        "incomeBeforeTaxRatio": 0.0504688859,
        "incomeTaxExpense": 18700000,
        "netIncome": 85100000,
        "netIncomeRatio": 0.0413858773,
        "eps": 3.22,
        "epsdiluted": 3.22,
        "weightedAverageShsOut": 26500000,
        "weightedAverageShsOutDil": 26500000,
        "link": "https://www.sec.gov/Archives/edgar/data/28917/000002891719000078/0000028917-19-000078-index.htm",
        "finalLink": "https://www.sec.gov/Archives/edgar/data/28917/000002891719000078/dds-02022019x10k.htm"
    },
    {
        "date": "2018-11-03",
        "symbol": "DDS",
        "reportedCurrency": "USD",
        "cik": "0000028917",
        "fillingDate": "2018-12-06",
        "acceptedDate": "2018-12-06 16:52:15",
        "calendarYear": "2018",
        "period": "Q3",
        "revenue": 1454965000,
        "costOfRevenue": 954937000,
        "grossProfit": 500028000,
        "grossProfitRatio": 0.3436701226,
        "researchAndDevelopmentExpenses": 0,
        "generalAndAdministrativeExpenses": 425474000,
        "sellingAndMarketingExpenses": 0,
        "sellingGeneralAndAdministrativeExpenses": 425474000,
        "otherExpenses": 55762000,
        "operatingExpenses": 481236000,
        "costAndExpenses": 1436173000,
        "interestIncome": 0,
        "interestExpense": 12104000,
        "depreciationAndAmortization": 56238000,
        "ebitda": 75030000,
        "ebitdaratio": 0.0515682508,
        "operatingIncome": 18792000,
        "operatingIncomeRatio": 0.0129157746,
        "totalOtherIncomeExpensesNet": -14017000,
        "incomeBeforeTax": 4775000,
        "incomeBeforeTaxRatio": 0.0032818659,
        "incomeTaxExpense": -2650000,
        "netIncome": 7400000,
        "netIncomeRatio": 0.005086033,
        "eps": 0.27,
        "epsdiluted": 0.27,
        "weightedAverageShsOut": 27300000,
        "weightedAverageShsOutDil": 27300000,
        "link": "https://www.sec.gov/Archives/edgar/data/28917/000002891718000521/0000028917-18-000521-index.htm",
        "finalLink": "https://www.sec.gov/Archives/edgar/data/28917/000002891718000521/dds-110318x10q.htm"
    },
    {
        "date": "2018-08-04",
        "symbol": "DDS",
        "reportedCurrency": "USD",
        "cik": "0000028917",
        "fillingDate": "2018-09-07",
        "acceptedDate": "2018-09-07 16:26:46",
        "calendarYear": "2018",
        "period": "Q2",
        "revenue": 1500707000,
        "costOfRevenue": 1017177000,
        "grossProfit": 483530000,
        "grossProfitRatio": 0.322201469,
        "researchAndDevelopmentExpenses": 0,
        "generalAndAdministrativeExpenses": 414918000,
        "sellingAndMarketingExpenses": 0,
        "sellingGeneralAndAdministrativeExpenses": 414918000,
        "otherExpenses": 56221000,
        "operatingExpenses": 471139000,
        "costAndExpenses": 1488316000,
        "interestIncome": 0,
        "interestExpense": 14321000,
        "depreciationAndAmortization": 56703000,
        "ebitda": 69094000,
        "ebitdaratio": 0.046040966,
        "operatingIncome": 12391000,
        "operatingIncomeRatio": 0.008256775,
        "totalOtherIncomeExpensesNet": -16219000,
        "incomeBeforeTax": -3828000,
        "incomeBeforeTaxRatio": -0.0025507977,
        "incomeTaxExpense": -960000,
        "netIncome": -2868000,
        "netIncomeRatio": -0.0019110992,
        "eps": -0.1,
        "epsdiluted": -0.1,
        "weightedAverageShsOut": 27600000,
        "weightedAverageShsOutDil": 27600000,
        "link": "https://www.sec.gov/Archives/edgar/data/28917/000002891718000385/0000028917-18-000385-index.htm",
        "finalLink": "https://www.sec.gov/Archives/edgar/data/28917/000002891718000385/dds-080418x10q.htm"
    },
    {
        "date": "2018-05-05",
        "symbol": "DDS",
        "reportedCurrency": "USD",
        "cik": "0000028917",
        "fillingDate": "2018-06-08",
        "acceptedDate": "2018-06-08 17:03:10",
        "calendarYear": "2018",
        "period": "Q1",
        "revenue": 1491420000,
        "costOfRevenue": 903741000,
        "grossProfit": 587679000,
        "grossProfitRatio": 0.3940399083,
        "researchAndDevelopmentExpenses": 0,
        "generalAndAdministrativeExpenses": 412419000,
        "sellingAndMarketingExpenses": 0,
        "sellingGeneralAndAdministrativeExpenses": 412419000,
        "otherExpenses": 56003000,
        "operatingExpenses": 468422000,
        "costAndExpenses": 1372163000,
        "interestIncome": 0,
        "interestExpense": 14022000,
        "depreciationAndAmortization": 56471000,
        "ebitda": 175728000,
        "ebitdaratio": 0.1178259645,
        "operatingIncome": 119257000,
        "operatingIncomeRatio": 0.0799620496,
        "totalOtherIncomeExpensesNet": -16019000,
        "incomeBeforeTax": 103238000,
        "incomeBeforeTaxRatio": 0.069221279,
        "incomeTaxExpense": 22700000,
        "netIncome": 80500000,
        "netIncomeRatio": 0.053975406,
        "eps": 2.89,
        "epsdiluted": 2.89,
        "weightedAverageShsOut": 27800000,
        "weightedAverageShsOutDil": 27800000,
        "link": "https://www.sec.gov/Archives/edgar/data/28917/000002891718000262/0000028917-18-000262-index.htm",
        "finalLink": "https://www.sec.gov/Archives/edgar/data/28917/000002891718000262/dds-050518x10q.htm"
    },
    {
        "date": "2018-01-31",
        "symbol": "DDS",
        "reportedCurrency": "USD",
        "cik": "0000028917",
        "fillingDate": "2018-03-30",
        "acceptedDate": "2018-03-30 16:54:35",
        "calendarYear": "2017",
        "period": "Q4",
        "revenue": 2109173000,
        "costOfRevenue": 1432503000,
        "grossProfit": 676670000,
        "grossProfitRatio": 0.3208224266,
        "researchAndDevelopmentExpenses": 0,
        "generalAndAdministrativeExpenses": 489922000,
        "sellingAndMarketingExpenses": 0,
        "sellingGeneralAndAdministrativeExpenses": 489922000,
        "otherExpenses": 54676000,
        "operatingExpenses": 544598000,
        "costAndExpenses": 1977101000,
        "interestIncome": 0,
        "interestExpense": 16962000,
        "depreciationAndAmortization": 55155000,
        "ebitda": 192132000,
        "ebitdaratio": 0.0910935234,
        "operatingIncome": 132072000,
        "operatingIncomeRatio": 0.0626179076,
        "totalOtherIncomeExpensesNet": -16115000,
        "incomeBeforeTax": 115957000,
        "incomeBeforeTaxRatio": 0.0549774722,
        "incomeTaxExpense": -40805000,
        "netIncome": 157600000,
        "netIncomeRatio": 0.0747212296,
        "eps": 5.55,
        "epsdiluted": 5.55,
        "weightedAverageShsOut": 28400000,
        "weightedAverageShsOutDil": 28400000,
        "link": "https://www.sec.gov/Archives/edgar/data/28917/000002891718000159/0000028917-18-000159-index.htm",
        "finalLink": "https://www.sec.gov/Archives/edgar/data/28917/000002891718000159/dds-02032018x10k.htm"
    },
    {
        "date": "2017-10-28",
        "symbol": "DDS",
        "reportedCurrency": "USD",
        "cik": "0000028917",
        "fillingDate": "2017-11-30",
        "acceptedDate": "2017-11-30 16:58:53",
        "calendarYear": "2017",
        "period": "Q3",
        "revenue": 1396819000,
        "costOfRevenue": 890076000,
        "grossProfit": 506743000,
        "grossProfitRatio": 0.3627835818,
        "researchAndDevelopmentExpenses": 0,
        "generalAndAdministrativeExpenses": 415620000,
        "sellingAndMarketingExpenses": 0,
        "sellingGeneralAndAdministrativeExpenses": 415620000,
        "otherExpenses": 57040000,
        "operatingExpenses": 472660000,
        "costAndExpenses": 1362736000,
        "interestIncome": 0,
        "interestExpense": 14980000,
        "depreciationAndAmortization": 57495000,
        "ebitda": 91578000,
        "ebitdaratio": 0.065561823,
        "operatingIncome": 34083000,
        "operatingIncomeRatio": 0.0244004413,
        "totalOtherIncomeExpensesNet": -12771000,
        "incomeBeforeTax": 21312000,
        "incomeBeforeTaxRatio": 0.0152575244,
        "incomeTaxExpense": 6800000,
        "netIncome": 14500000,
        "netIncomeRatio": 0.0103807294,
        "eps": 0.5,
        "epsdiluted": 0.5,
        "weightedAverageShsOut": 28900000,
        "weightedAverageShsOutDil": 28900000,
        "link": "https://www.sec.gov/Archives/edgar/data/28917/000002891717000371/0000028917-17-000371-index.htm",
        "finalLink": "https://www.sec.gov/Archives/edgar/data/28917/000002891717000371/dds-102817x10q.htm"
    },
    {
        "date": "2017-07-29",
        "symbol": "DDS",
        "reportedCurrency": "USD",
        "cik": "0000028917",
        "fillingDate": "2017-08-31",
        "acceptedDate": "2017-08-31 17:27:12",
        "calendarYear": "2017",
        "period": "Q2",
        "revenue": 1463810000,
        "costOfRevenue": 1007054000,
        "grossProfit": 456756000,
        "grossProfitRatio": 0.3120322993,
        "researchAndDevelopmentExpenses": 0,
        "generalAndAdministrativeExpenses": 406346000,
        "sellingAndMarketingExpenses": 0,
        "sellingGeneralAndAdministrativeExpenses": 406346000,
        "otherExpenses": 59868000,
        "operatingExpenses": 466214000,
        "costAndExpenses": 1473268000,
        "interestIncome": 0,
        "interestExpense": 15798000,
        "depreciationAndAmortization": 60448000,
        "ebitda": 50990000,
        "ebitdaratio": 0.0348337557,
        "operatingIncome": -9458000,
        "operatingIncomeRatio": -0.0064612211,
        "totalOtherIncomeExpensesNet": -17583000,
        "incomeBeforeTax": -27041000,
        "incomeBeforeTaxRatio": -0.0184730259,
        "incomeTaxExpense": -9950000,
        "netIncome": -17080000,
        "netIncomeRatio": -0.011668181,
        "eps": -0.58,
        "epsdiluted": -0.58,
        "weightedAverageShsOut": 29363000,
        "weightedAverageShsOutDil": 29400000,
        "link": "https://www.sec.gov/Archives/edgar/data/28917/000002891717000228/0000028917-17-000228-index.htm",
        "finalLink": "https://www.sec.gov/Archives/edgar/data/28917/000002891717000228/dds-072917x10q.htm"
    },
    {
        "date": "2017-04-29",
        "symbol": "DDS",
        "reportedCurrency": "USD",
        "cik": "0000028917",
        "fillingDate": "2017-06-06",
        "acceptedDate": "2017-06-06 17:12:47",
        "calendarYear": "2017",
        "period": "Q1",
        "revenue": 1452761000,
        "costOfRevenue": 869972000,
        "grossProfit": 582789000,
        "grossProfitRatio": 0.4011595851,
        "researchAndDevelopmentExpenses": 0,
        "generalAndAdministrativeExpenses": 402847000,
        "sellingAndMarketingExpenses": 0,
        "sellingGeneralAndAdministrativeExpenses": 402847000,
        "otherExpenses": 60011000,
        "operatingExpenses": 462858000,
        "costAndExpenses": 1332830000,
        "interestIncome": 0,
        "interestExpense": 15682000,
        "depreciationAndAmortization": 60585000,
        "ebitda": 180516000,
        "ebitdaratio": 0.1242571903,
        "operatingIncome": 119931000,
        "operatingIncomeRatio": 0.0825538406,
        "totalOtherIncomeExpensesNet": -17470000,
        "incomeBeforeTax": 102461000,
        "incomeBeforeTaxRatio": 0.0705284627,
        "incomeTaxExpense": 36200000,
        "netIncome": 66300000,
        "netIncomeRatio": 0.0456372383,
        "eps": 2.12,
        "epsdiluted": 2.12,
        "weightedAverageShsOut": 31257000,
        "weightedAverageShsOutDil": 31300000,
        "link": "https://www.sec.gov/Archives/edgar/data/28917/000002891717000128/0000028917-17-000128-index.htm",
        "finalLink": "https://www.sec.gov/Archives/edgar/data/28917/000002891717000128/dds-4292017x10q.htm"
    },
    {
        "date": "2017-01-31",
        "symbol": "DDS",
        "reportedCurrency": "USD",
        "cik": "0000028917",
        "fillingDate": "2017-03-24",
        "acceptedDate": "2017-03-24 17:11:04",
        "calendarYear": "2016",
        "period": "Q4",
        "revenue": 1983967000,
        "costOfRevenue": 1355608000,
        "grossProfit": 628359000,
        "grossProfitRatio": 0.3167184736,
        "researchAndDevelopmentExpenses": 0,
        "generalAndAdministrativeExpenses": 460023000,
        "sellingAndMarketingExpenses": 0,
        "sellingGeneralAndAdministrativeExpenses": 460023000,
        "otherExpenses": 61724000,
        "operatingExpenses": 521747000,
        "costAndExpenses": 1877355000,
        "interestIncome": 0,
        "interestExpense": 16410000,
        "depreciationAndAmortization": 62374000,
        "ebitda": 164054000,
        "ebitdaratio": 0.0826898835,
        "operatingIncome": 106612000,
        "operatingIncomeRatio": 0.0537367809,
        "totalOtherIncomeExpensesNet": -22195000,
        "incomeBeforeTax": 84417000,
        "incomeBeforeTaxRatio": 0.0425495989,
        "incomeTaxExpense": 27500000,
        "netIncome": 56900000,
        "netIncomeRatio": 0.0286799125,
        "eps": 1.72,
        "epsdiluted": 1.72,
        "weightedAverageShsOut": 33100000,
        "weightedAverageShsOutDil": 33100000,
        "link": "https://www.sec.gov/Archives/edgar/data/28917/000002891717000058/0000028917-17-000058-index.htm",
        "finalLink": "https://www.sec.gov/Archives/edgar/data/28917/000002891717000058/dds-01282017x10k.htm"
    },
    {
        "date": "2016-10-29",
        "symbol": "DDS",
        "reportedCurrency": "USD",
        "cik": "0000028917",
        "fillingDate": "2016-12-01",
        "acceptedDate": "2016-12-01 17:24:30",
        "calendarYear": "2016",
        "period": "Q3",
        "revenue": 1406495000,
        "costOfRevenue": 878865000,
        "grossProfit": 527630000,
        "grossProfitRatio": 0.3751381981,
        "researchAndDevelopmentExpenses": 0,
        "generalAndAdministrativeExpenses": 416231000,
        "sellingAndMarketingExpenses": 0,
        "sellingGeneralAndAdministrativeExpenses": 416231000,
        "otherExpenses": 60681000,
        "operatingExpenses": 476912000,
        "costAndExpenses": 1355777000,
        "interestIncome": 0,
        "interestExpense": 15619000,
        "depreciationAndAmortization": 61195000,
        "ebitda": 111913000,
        "ebitdaratio": 0.0795687151,
        "operatingIncome": 50718000,
        "operatingIncomeRatio": 0.0360598509,
        "totalOtherIncomeExpensesNet": -15642000,
        "incomeBeforeTax": 35076000,
        "incomeBeforeTaxRatio": 0.0249385885,
        "incomeTaxExpense": 12300000,
        "netIncome": 22800000,
        "netIncomeRatio": 0.0162105091,
        "eps": 0.67,
        "epsdiluted": 0.67,
        "weightedAverageShsOut": 33962000,
        "weightedAverageShsOutDil": 34000000,
        "link": "https://www.sec.gov/Archives/edgar/data/28917/000002891716000420/0000028917-16-000420-index.htm",
        "finalLink": "https://www.sec.gov/Archives/edgar/data/28917/000002891716000420/dds-10292016x10q.htm"
    },
    {
        "date": "2016-07-30",
        "symbol": "DDS",
        "reportedCurrency": "USD",
        "cik": "0000028917",
        "fillingDate": "2016-09-01",
        "acceptedDate": "2016-09-01 16:33:53",
        "calendarYear": "2016",
        "period": "Q2",
        "revenue": 1488750000,
        "costOfRevenue": 993359000,
        "grossProfit": 495391000,
        "grossProfitRatio": 0.3327563392,
        "researchAndDevelopmentExpenses": 0,
        "generalAndAdministrativeExpenses": 401024000,
        "sellingAndMarketingExpenses": 0,
        "sellingGeneralAndAdministrativeExpenses": 401024000,
        "otherExpenses": 60607000,
        "operatingExpenses": 461631000,
        "costAndExpenses": 1454990000,
        "interestIncome": 0,
        "interestExpense": 15979000,
        "depreciationAndAmortization": 61166000,
        "ebitda": 94926000,
        "ebitdaratio": 0.0637622166,
        "operatingIncome": 33760000,
        "operatingIncomeRatio": 0.0226767422,
        "totalOtherIncomeExpensesNet": -15198000,
        "incomeBeforeTax": 18562000,
        "incomeBeforeTaxRatio": 0.012468178,
        "incomeTaxExpense": 6500000,
        "netIncome": 12100000,
        "netIncomeRatio": 0.0081276238,
        "eps": 0.35,
        "epsdiluted": 0.35,
        "weightedAverageShsOut": 34500000,
        "weightedAverageShsOutDil": 34500000,
        "link": "https://www.sec.gov/Archives/edgar/data/28917/000002891716000368/0000028917-16-000368-index.htm",
        "finalLink": "https://www.sec.gov/Archives/edgar/data/28917/000002891716000368/dds-07302016x10q.htm"
    },
    {
        "date": "2016-04-30",
        "symbol": "DDS",
        "reportedCurrency": "USD",
        "cik": "0000028917",
        "fillingDate": "2016-06-02",
        "acceptedDate": "2016-06-02 16:54:13",
        "calendarYear": "2016",
        "period": "Q1",
        "revenue": 1538797000,
        "costOfRevenue": 938579000,
        "grossProfit": 600218000,
        "grossProfitRatio": 0.3900566481,
        "researchAndDevelopmentExpenses": 0,
        "generalAndAdministrativeExpenses": 404334000,
        "sellingAndMarketingExpenses": 0,
        "sellingGeneralAndAdministrativeExpenses": 404334000,
        "otherExpenses": 60645000,
        "operatingExpenses": 464979000,
        "costAndExpenses": 1403558000,
        "interestIncome": 0,
        "interestExpense": 15714000,
        "depreciationAndAmortization": 61188000,
        "ebitda": 196427000,
        "ebitdaratio": 0.127649716,
        "operatingIncome": 135239000,
        "operatingIncomeRatio": 0.0878861864,
        "totalOtherIncomeExpensesNet": -15619000,
        "incomeBeforeTax": 119620000,
        "incomeBeforeTaxRatio": 0.0777360497,
        "incomeTaxExpense": 42200000,
        "netIncome": 77400000,
        "netIncomeRatio": 0.0502990323,
        "eps": 2.17,
        "epsdiluted": 2.17,
        "weightedAverageShsOut": 35652000,
        "weightedAverageShsOutDil": 35700000,
        "link": "https://www.sec.gov/Archives/edgar/data/28917/000002891716000318/0000028917-16-000318-index.htm",
        "finalLink": "https://www.sec.gov/Archives/edgar/data/28917/000002891716000318/dds-04302016x10q.htm"
    },
    {
        "date": "2016-01-31",
        "symbol": "DDS",
        "reportedCurrency": "USD",
        "cik": "0000028917",
        "fillingDate": "2016-03-23",
        "acceptedDate": "2016-03-23 16:50:28",
        "calendarYear": "2015",
        "period": "Q4",
        "revenue": 2117429000,
        "costOfRevenue": 1457135000,
        "grossProfit": 660294000,
        "grossProfitRatio": 0.3118376106,
        "researchAndDevelopmentExpenses": 0,
        "generalAndAdministrativeExpenses": 458815000,
        "sellingAndMarketingExpenses": 0,
        "sellingGeneralAndAdministrativeExpenses": 458815000,
        "otherExpenses": 62758000,
        "operatingExpenses": 521573000,
        "costAndExpenses": 1978708000,
        "interestIncome": 0,
        "interestExpense": 17364000,
        "depreciationAndAmortization": 63300000,
        "ebitda": 215952000,
        "ebitdaratio": 0.1019878352,
        "operatingIncome": 138721000,
        "operatingIncomeRatio": 0.065513885,
        "totalOtherIncomeExpensesNet": -12928000,
        "incomeBeforeTax": 125793000,
        "incomeBeforeTaxRatio": 0.0594083674,
        "incomeTaxExpense": 42100000,
        "netIncome": 84000000,
        "netIncomeRatio": 0.0396707517,
        "eps": 2.31,
        "epsdiluted": 2.31,
        "weightedAverageShsOut": 36400000,
        "weightedAverageShsOutDil": 36400000,
        "link": "https://www.sec.gov/Archives/edgar/data/28917/000002891716000262/0000028917-16-000262-index.htm",
        "finalLink": "https://www.sec.gov/Archives/edgar/data/28917/000002891716000262/dds-01302016x10k.htm"
    },
    {
        "date": "2015-10-31",
        "symbol": "DDS",
        "reportedCurrency": "USD",
        "cik": "0000028917",
        "fillingDate": "2015-12-04",
        "acceptedDate": "2015-12-03 18:50:54",
        "calendarYear": "2015",
        "period": "Q3",
        "revenue": 1472854000,
        "costOfRevenue": 912920000,
        "grossProfit": 559934000,
        "grossProfitRatio": 0.3801693854,
        "researchAndDevelopmentExpenses": 0,
        "generalAndAdministrativeExpenses": 418519000,
        "sellingAndMarketingExpenses": 0,
        "sellingGeneralAndAdministrativeExpenses": 418519000,
        "otherExpenses": 65600000,
        "operatingExpenses": 484119000,
        "costAndExpenses": 1397039000,
        "interestIncome": 0,
        "interestExpense": 14872000,
        "depreciationAndAmortization": 66150000,
        "ebitda": 141965000,
        "ebitdaratio": 0.0963876936,
        "operatingIncome": 75815000,
        "operatingIncomeRatio": 0.0514748916,
        "totalOtherIncomeExpensesNet": -5472000,
        "incomeBeforeTax": 70343000,
        "incomeBeforeTaxRatio": 0.0477596557,
        "incomeTaxExpense": 25000000,
        "netIncome": 45700000,
        "netIncomeRatio": 0.0310281942,
        "eps": 1.19,
        "epsdiluted": 1.19,
        "weightedAverageShsOut": 38300000,
        "weightedAverageShsOutDil": 38300000,
        "link": "https://www.sec.gov/Archives/edgar/data/28917/000002891715000210/0000028917-15-000210-index.htm",
        "finalLink": "https://www.sec.gov/Archives/edgar/data/28917/000002891715000210/dds-10312015x10q.htm"
    },
    {
        "date": "2015-08-01",
        "symbol": "DDS",
        "reportedCurrency": "USD",
        "cik": "0000028917",
        "fillingDate": "2015-09-03",
        "acceptedDate": "2015-09-03 16:38:32",
        "calendarYear": "2015",
        "period": "Q2",
        "revenue": 1550844000,
        "costOfRevenue": 1020331000,
        "grossProfit": 530513000,
        "grossProfitRatio": 0.3420801834,
        "researchAndDevelopmentExpenses": 0,
        "generalAndAdministrativeExpenses": 409997000,
        "sellingAndMarketingExpenses": 0,
        "sellingGeneralAndAdministrativeExpenses": 409997000,
        "otherExpenses": 60500000,
        "operatingExpenses": 470497000,
        "costAndExpenses": 1490828000,
        "interestIncome": 0,
        "interestExpense": 14765000,
        "depreciationAndAmortization": 61040000,
        "ebitda": 121056000,
        "ebitdaratio": 0.0780581412,
        "operatingIncome": 60016000,
        "operatingIncomeRatio": 0.0386989278,
        "totalOtherIncomeExpensesNet": -14713000,
        "incomeBeforeTax": 45303000,
        "incomeBeforeTaxRatio": 0.0292118356,
        "incomeTaxExpense": 15700000,
        "netIncome": 29900000,
        "netIncomeRatio": 0.0192798244,
        "eps": 0.75,
        "epsdiluted": 0.75,
        "weightedAverageShsOut": 40096000,
        "weightedAverageShsOutDil": 40100000,
        "link": "https://www.sec.gov/Archives/edgar/data/28917/000002891715000157/0000028917-15-000157-index.htm",
        "finalLink": "https://www.sec.gov/Archives/edgar/data/28917/000002891715000157/dds-08012015x10q.htm"
    },
    {
        "date": "2015-05-02",
        "symbol": "DDS",
        "reportedCurrency": "USD",
        "cik": "0000028917",
        "fillingDate": "2015-06-03",
        "acceptedDate": "2015-06-03 16:20:58",
        "calendarYear": "2015",
        "period": "Q1",
        "revenue": 1613418000,
        "costOfRevenue": 960419000,
        "grossProfit": 652999000,
        "grossProfitRatio": 0.4047302063,
        "researchAndDevelopmentExpenses": 0,
        "generalAndAdministrativeExpenses": 409317000,
        "sellingAndMarketingExpenses": 0,
        "sellingGeneralAndAdministrativeExpenses": 409317000,
        "otherExpenses": 61153000,
        "operatingExpenses": 470470000,
        "costAndExpenses": 1430889000,
        "interestIncome": 0,
        "interestExpense": 15227000,
        "depreciationAndAmortization": 61657000,
        "ebitda": 244186000,
        "ebitdaratio": 0.1513470161,
        "operatingIncome": 182529000,
        "operatingIncomeRatio": 0.1131318728,
        "totalOtherIncomeExpensesNet": -15184000,
        "incomeBeforeTax": 167345000,
        "incomeBeforeTaxRatio": 0.1037207965,
        "incomeTaxExpense": 58000000,
        "netIncome": 109600000,
        "netIncomeRatio": 0.0679303194,
        "eps": 2.66,
        "epsdiluted": 2.66,
        "weightedAverageShsOut": 41192000,
        "weightedAverageShsOutDil": 41200000,
        "link": "https://www.sec.gov/Archives/edgar/data/28917/000002891715000101/0000028917-15-000101-index.htm",
        "finalLink": "https://www.sec.gov/Archives/edgar/data/28917/000002891715000101/dds-05022015x10q.htm"
    },
    {
        "date": "2015-01-31",
        "symbol": "DDS",
        "reportedCurrency": "USD",
        "cik": "0000028917",
        "fillingDate": "2015-03-25",
        "acceptedDate": "2015-03-25 16:35:28",
        "calendarYear": "2014",
        "period": "Q4",
        "revenue": 2179556000,
        "costOfRevenue": 1432669000,
        "grossProfit": 746887000,
        "grossProfitRatio": 0.3426785088,
        "researchAndDevelopmentExpenses": 0,
        "generalAndAdministrativeExpenses": 467012000,
        "sellingAndMarketingExpenses": 0,
        "sellingGeneralAndAdministrativeExpenses": 467012000,
        "otherExpenses": 63952000,
        "operatingExpenses": 530964000,
        "costAndExpenses": 1963633000,
        "interestIncome": 0,
        "interestExpense": 16898000,
        "depreciationAndAmortization": 64427000,
        "ebitda": 287653000,
        "ebitdaratio": 0.1319777973,
        "operatingIncome": 215923000,
        "operatingIncomeRatio": 0.0990674247,
        "totalOtherIncomeExpensesNet": -15957000,
        "incomeBeforeTax": 199966000,
        "incomeBeforeTaxRatio": 0.0917462089,
        "incomeTaxExpense": 69500000,
        "netIncome": 130500000,
        "netIncomeRatio": 0.05987458,
        "eps": 3.17,
        "epsdiluted": 3.17,
        "weightedAverageShsOut": 41200000,
        "weightedAverageShsOutDil": 41200000,
        "link": "https://www.sec.gov/Archives/edgar/data/28917/000002891715000046/0000028917-15-000046-index.htm",
        "finalLink": "https://www.sec.gov/Archives/edgar/data/28917/000002891715000046/dds-01312015x10k.htm"
    },
    {
        "date": "2014-11-01",
        "symbol": "DDS",
        "reportedCurrency": "USD",
        "cik": "0000028917",
        "fillingDate": "2014-12-01",
        "acceptedDate": "2014-12-01 16:26:28",
        "calendarYear": "2014",
        "period": "Q3",
        "revenue": 1499144000,
        "costOfRevenue": 924443000,
        "grossProfit": 574701000,
        "grossProfitRatio": 0.3833527666,
        "researchAndDevelopmentExpenses": 0,
        "generalAndAdministrativeExpenses": 418039000,
        "sellingAndMarketingExpenses": 0,
        "sellingGeneralAndAdministrativeExpenses": 418039000,
        "otherExpenses": 62714000,
        "operatingExpenses": 480753000,
        "costAndExpenses": 1405196000,
        "interestIncome": 0,
        "interestExpense": 14598000,
        "depreciationAndAmortization": 63116000,
        "ebitda": 157064000,
        "ebitdaratio": 0.1047691216,
        "operatingIncome": 93948000,
        "operatingIncomeRatio": 0.0626677624,
        "totalOtherIncomeExpensesNet": -8675000,
        "incomeBeforeTax": 85273000,
        "incomeBeforeTaxRatio": 0.0568811268,
        "incomeTaxExpense": 30100000,
        "netIncome": 55200000,
        "netIncomeRatio": 0.0368210125,
        "eps": 1.3,
        "epsdiluted": 1.3,
        "weightedAverageShsOut": 42369000,
        "weightedAverageShsOutDil": 42400000,
        "link": "https://www.sec.gov/Archives/edgar/data/28917/000002891714000211/0000028917-14-000211-index.htm",
        "finalLink": "https://www.sec.gov/Archives/edgar/data/28917/000002891714000211/dds-11012014x10q.htm"
    },
    {
        "date": "2014-08-02",
        "symbol": "DDS",
        "reportedCurrency": "USD",
        "cik": "0000028917",
        "fillingDate": "2014-09-04",
        "acceptedDate": "2014-09-04 16:24:06",
        "calendarYear": "2014",
        "period": "Q2",
        "revenue": 1512888000,
        "costOfRevenue": 976269000,
        "grossProfit": 536619000,
        "grossProfitRatio": 0.3546984311,
        "researchAndDevelopmentExpenses": 0,
        "generalAndAdministrativeExpenses": 406319000,
        "sellingAndMarketingExpenses": 0,
        "sellingGeneralAndAdministrativeExpenses": 406319000,
        "otherExpenses": 62058000,
        "operatingExpenses": 468377000,
        "costAndExpenses": 1444646000,
        "interestIncome": 0,
        "interestExpense": 15203000,
        "depreciationAndAmortization": 62447000,
        "ebitda": 130689000,
        "ebitdaratio": 0.0863837905,
        "operatingIncome": 68242000,
        "operatingIncomeRatio": 0.0451071064,
        "totalOtherIncomeExpensesNet": -15153000,
        "incomeBeforeTax": 53089000,
        "incomeBeforeTaxRatio": 0.0350911634,
        "incomeTaxExpense": 18900000,
        "netIncome": 34500000,
        "netIncomeRatio": 0.0228040675,
        "eps": 0.8,
        "epsdiluted": 0.8,
        "weightedAverageShsOut": 43200000,
        "weightedAverageShsOutDil": 43200000,
        "link": "https://www.sec.gov/Archives/edgar/data/28917/000002891714000153/0000028917-14-000153-index.htm",
        "finalLink": "https://www.sec.gov/Archives/edgar/data/28917/000002891714000153/dds-08022014x10q.htm"
    },
    {
        "date": "2014-05-03",
        "symbol": "DDS",
        "reportedCurrency": "USD",
        "cik": "0000028917",
        "fillingDate": "2014-06-05",
        "acceptedDate": "2014-06-05 09:01:59",
        "calendarYear": "2014",
        "period": "Q1",
        "revenue": 1588541000,
        "costOfRevenue": 939224000,
        "grossProfit": 649317000,
        "grossProfitRatio": 0.4087505453,
        "researchAndDevelopmentExpenses": 0,
        "generalAndAdministrativeExpenses": 399466000,
        "sellingAndMarketingExpenses": 0,
        "sellingGeneralAndAdministrativeExpenses": 399466000,
        "otherExpenses": 61959000,
        "operatingExpenses": 461425000,
        "costAndExpenses": 1400649000,
        "interestIncome": 0,
        "interestExpense": 15841000,
        "depreciationAndAmortization": 62344000,
        "ebitda": 250236000,
        "ebitdaratio": 0.1575256792,
        "operatingIncome": 187892000,
        "operatingIncomeRatio": 0.1182796037,
        "totalOtherIncomeExpensesNet": -15452000,
        "incomeBeforeTax": 172440000,
        "incomeBeforeTaxRatio": 0.108552439,
        "incomeTaxExpense": 61000000,
        "netIncome": 111700000,
        "netIncomeRatio": 0.0703160951,
        "eps": 2.56,
        "epsdiluted": 2.56,
        "weightedAverageShsOut": 43651000,
        "weightedAverageShsOutDil": 43700000,
        "link": "https://www.sec.gov/Archives/edgar/data/28917/000002891714000094/0000028917-14-000094-index.htm",
        "finalLink": "https://www.sec.gov/Archives/edgar/data/28917/000002891714000094/dds-05032014x10q.htm"
    },
    {
        "date": "2014-01-31",
        "symbol": "DDS",
        "reportedCurrency": "USD",
        "cik": "0000028917",
        "fillingDate": "2014-03-27",
        "acceptedDate": "2014-03-27 16:21:16",
        "calendarYear": "2013",
        "period": "Q4",
        "revenue": 2078675000,
        "costOfRevenue": 1371701000,
        "grossProfit": 706974000,
        "grossProfitRatio": 0.3401080015,
        "researchAndDevelopmentExpenses": 0,
        "generalAndAdministrativeExpenses": 449000000,
        "sellingAndMarketingExpenses": 0,
        "sellingGeneralAndAdministrativeExpenses": 449000000,
        "otherExpenses": 61188000,
        "operatingExpenses": 510188000,
        "costAndExpenses": 1881889000,
        "interestIncome": 0,
        "interestExpense": 17182000,
        "depreciationAndAmortization": 61573000,
        "ebitda": 266407000,
        "ebitdaratio": 0.1281619301,
        "operatingIncome": 196786000,
        "operatingIncomeRatio": 0.0946689598,
        "totalOtherIncomeExpensesNet": -14978000,
        "incomeBeforeTax": 181808000,
        "incomeBeforeTaxRatio": 0.0874634082,
        "incomeTaxExpense": 62700000,
        "netIncome": 119100000,
        "netIncomeRatio": 0.0572961141,
        "eps": 2.71,
        "epsdiluted": 2.71,
        "weightedAverageShsOut": 43900000,
        "weightedAverageShsOutDil": 43900000,
        "link": "https://www.sec.gov/Archives/edgar/data/28917/000002891714000049/0000028917-14-000049-index.htm",
        "finalLink": "https://www.sec.gov/Archives/edgar/data/28917/000002891714000049/dds-02012014x10k.htm"
    },
    {
        "date": "2013-11-02",
        "symbol": "DDS",
        "reportedCurrency": "USD",
        "cik": "0000028917",
        "fillingDate": "2013-12-04",
        "acceptedDate": "2013-12-04 16:22:13",
        "calendarYear": "2013",
        "period": "Q3",
        "revenue": 1506925000,
        "costOfRevenue": 937407000,
        "grossProfit": 569518000,
        "grossProfitRatio": 0.377933872,
        "researchAndDevelopmentExpenses": 0,
        "generalAndAdministrativeExpenses": 410352000,
        "sellingAndMarketingExpenses": 0,
        "sellingGeneralAndAdministrativeExpenses": 410352000,
        "otherExpenses": 64942000,
        "operatingExpenses": 475294000,
        "costAndExpenses": 1412701000,
        "interestIncome": 0,
        "interestExpense": 15789000,
        "depreciationAndAmortization": 65321000,
        "ebitda": 159545000,
        "ebitdaratio": 0.1058745458,
        "operatingIncome": 94224000,
        "operatingIncomeRatio": 0.0625273321,
        "totalOtherIncomeExpensesNet": -15787000,
        "incomeBeforeTax": 78437000,
        "incomeBeforeTaxRatio": 0.0520510311,
        "incomeTaxExpense": 27600000,
        "netIncome": 50900000,
        "netIncomeRatio": 0.0337773944,
        "eps": 1.13,
        "epsdiluted": 1.13,
        "weightedAverageShsOut": 45155000,
        "weightedAverageShsOutDil": 45200000,
        "link": "https://www.sec.gov/Archives/edgar/data/28917/000002891713000162/0000028917-13-000162-index.htm",
        "finalLink": "https://www.sec.gov/Archives/edgar/data/28917/000002891713000162/dds-11022013x10q.htm"
    },
    {
        "date": "2013-08-03",
        "symbol": "DDS",
        "reportedCurrency": "USD",
        "cik": "0000028917",
        "fillingDate": "2013-09-03",
        "acceptedDate": "2013-09-03 17:05:38",
        "calendarYear": "2013",
        "period": "Q2",
        "revenue": 1516796000,
        "costOfRevenue": 976822000,
        "grossProfit": 539974000,
        "grossProfitRatio": 0.3559964557,
        "researchAndDevelopmentExpenses": 0,
        "generalAndAdministrativeExpenses": 403750000,
        "sellingAndMarketingExpenses": 0,
        "sellingGeneralAndAdministrativeExpenses": 403750000,
        "otherExpenses": 64244000,
        "operatingExpenses": 467994000,
        "costAndExpenses": 1444816000,
        "interestIncome": 0,
        "interestExpense": 16246000,
        "depreciationAndAmortization": 64735000,
        "ebitda": 136715000,
        "ebitdaratio": 0.0901340721,
        "operatingIncome": 71980000,
        "operatingIncomeRatio": 0.0474552939,
        "totalOtherIncomeExpensesNet": -16222000,
        "incomeBeforeTax": 55758000,
        "incomeBeforeTaxRatio": 0.0367603818,
        "incomeTaxExpense": 19700000,
        "netIncome": 36500000,
        "netIncomeRatio": 0.024063882,
        "eps": 0.79,
        "epsdiluted": 0.79,
        "weightedAverageShsOut": 46300000,
        "weightedAverageShsOutDil": 46300000,
        "link": "https://www.sec.gov/Archives/edgar/data/28917/000110465913067773/0001104659-13-067773-index.htm",
        "finalLink": "https://www.sec.gov/Archives/edgar/data/28917/000110465913067773/a13-18168_110q.htm"
    },
    {
        "date": "2013-05-04",
        "symbol": "DDS",
        "reportedCurrency": "USD",
        "cik": "0000028917",
        "fillingDate": "2013-06-05",
        "acceptedDate": "2013-06-05 16:55:25",
        "calendarYear": "2013",
        "period": "Q1",
        "revenue": 1589381000,
        "costOfRevenue": 937785000,
        "grossProfit": 651596000,
        "grossProfitRatio": 0.4099684091,
        "researchAndDevelopmentExpenses": 0,
        "generalAndAdministrativeExpenses": 395767000,
        "sellingAndMarketingExpenses": 0,
        "sellingGeneralAndAdministrativeExpenses": 395767000,
        "otherExpenses": 65116000,
        "operatingExpenses": 460883000,
        "costAndExpenses": 1398668000,
        "interestIncome": 0,
        "interestExpense": 16310000,
        "depreciationAndAmortization": 65608000,
        "ebitda": 256321000,
        "ebitdaratio": 0.1612709602,
        "operatingIncome": 190713000,
        "operatingIncomeRatio": 0.1199919969,
        "totalOtherIncomeExpensesNet": -10492000,
        "incomeBeforeTax": 180221000,
        "incomeBeforeTaxRatio": 0.1133906848,
        "incomeTaxExpense": 63400000,
        "netIncome": 117200000,
        "netIncomeRatio": 0.0737393992,
        "eps": 2.5,
        "epsdiluted": 2.5,
        "weightedAverageShsOut": 46900000,
        "weightedAverageShsOutDil": 46900000,
        "link": "https://www.sec.gov/Archives/edgar/data/28917/000110465913047178/0001104659-13-047178-index.htm",
        "finalLink": "https://www.sec.gov/Archives/edgar/data/28917/000110465913047178/a13-10294_110q.htm"
    },
    {
        "date": "2013-01-31",
        "symbol": "DDS",
        "reportedCurrency": "USD",
        "cik": "0000028917",
        "fillingDate": "2013-03-28",
        "acceptedDate": "2013-03-28 16:53:03",
        "calendarYear": "2012",
        "period": "Q4",
        "revenue": 2154056000,
        "costOfRevenue": 1382770000,
        "grossProfit": 771286000,
        "grossProfitRatio": 0.3580621859,
        "researchAndDevelopmentExpenses": 0,
        "generalAndAdministrativeExpenses": 485171000,
        "sellingAndMarketingExpenses": 0,
        "sellingGeneralAndAdministrativeExpenses": 485171000,
        "otherExpenses": 65588000,
        "operatingExpenses": 550759000,
        "costAndExpenses": 1933529000,
        "interestIncome": 0,
        "interestExpense": 18874000,
        "depreciationAndAmortization": 66083000,
        "ebitda": 298871000,
        "ebitdaratio": 0.1387480177,
        "operatingIncome": 220527000,
        "operatingIncomeRatio": 0.1023775612,
        "totalOtherIncomeExpensesNet": -8824000,
        "incomeBeforeTax": 211703000,
        "incomeBeforeTaxRatio": 0.0982811032,
        "incomeTaxExpense": 50500000,
        "netIncome": 161400000,
        "netIncomeRatio": 0.0749284141,
        "eps": 3.38,
        "epsdiluted": 3.36,
        "weightedAverageShsOut": 47700000,
        "weightedAverageShsOutDil": 48000000,
        "link": "https://www.sec.gov/Archives/edgar/data/28917/000104746913003588/0001047469-13-003588-index.htm",
        "finalLink": "https://www.sec.gov/Archives/edgar/data/28917/000104746913003588/a2212208z10-k.htm"
    },
    {
        "date": "2012-10-27",
        "symbol": "DDS",
        "reportedCurrency": "USD",
        "cik": "0000028917",
        "fillingDate": "2012-11-28",
        "acceptedDate": "2012-11-28 17:13:43",
        "calendarYear": "2012",
        "period": "Q3",
        "revenue": 1486345000,
        "costOfRevenue": 919623000,
        "grossProfit": 566722000,
        "grossProfitRatio": 0.3812856369,
        "researchAndDevelopmentExpenses": 0,
        "generalAndAdministrativeExpenses": 412261000,
        "sellingAndMarketingExpenses": 0,
        "sellingGeneralAndAdministrativeExpenses": 412261000,
        "otherExpenses": 65798000,
        "operatingExpenses": 478059000,
        "costAndExpenses": 1397682000,
        "interestIncome": 0,
        "interestExpense": 17011000,
        "depreciationAndAmortization": 66292000,
        "ebitda": 154955000,
        "ebitdaratio": 0.1042523775,
        "operatingIncome": 88663000,
        "operatingIncomeRatio": 0.0596516959,
        "totalOtherIncomeExpensesNet": -15939000,
        "incomeBeforeTax": 72724000,
        "incomeBeforeTaxRatio": 0.0489280752,
        "incomeTaxExpense": 24200000,
        "netIncome": 48500000,
        "netIncomeRatio": 0.0326303785,
        "eps": 1.03,
        "epsdiluted": 1.01,
        "weightedAverageShsOut": 47100000,
        "weightedAverageShsOutDil": 48100000,
        "link": "https://www.sec.gov/Archives/edgar/data/28917/000110465912080554/0001104659-12-080554-index.htm",
        "finalLink": "https://www.sec.gov/Archives/edgar/data/28917/000110465912080554/a12-24553_110q.htm"
    },
    {
        "date": "2012-07-28",
        "symbol": "DDS",
        "reportedCurrency": "USD",
        "cik": "0000028917",
        "fillingDate": "2012-08-29",
        "acceptedDate": "2012-08-29 11:01:52",
        "calendarYear": "2012",
        "period": "Q2",
        "revenue": 1525182000,
        "costOfRevenue": 987802000,
        "grossProfit": 537380000,
        "grossProfitRatio": 0.3523382783,
        "researchAndDevelopmentExpenses": 0,
        "generalAndAdministrativeExpenses": 407429000,
        "sellingAndMarketingExpenses": 0,
        "sellingGeneralAndAdministrativeExpenses": 407429000,
        "otherExpenses": 64215000,
        "operatingExpenses": 471644000,
        "costAndExpenses": 1459446000,
        "interestIncome": 0,
        "interestExpense": 17673000,
        "depreciationAndAmortization": 64709000,
        "ebitda": 130445000,
        "ebitdaratio": 0.0855274977,
        "operatingIncome": 65736000,
        "operatingIncomeRatio": 0.04310043,
        "totalOtherIncomeExpensesNet": -17531000,
        "incomeBeforeTax": 48205000,
        "incomeBeforeTaxRatio": 0.0316060641,
        "incomeTaxExpense": 17300000,
        "netIncome": 31000000,
        "netIncomeRatio": 0.0203254431,
        "eps": 0.64,
        "epsdiluted": 0.63,
        "weightedAverageShsOut": 48300000,
        "weightedAverageShsOutDil": 49200000,
        "link": "https://www.sec.gov/Archives/edgar/data/28917/000110465912060573/0001104659-12-060573-index.htm",
        "finalLink": "https://www.sec.gov/Archives/edgar/data/28917/000110465912060573/a12-14154_110q.htm"
    },
    {
        "date": "2012-04-28",
        "symbol": "DDS",
        "reportedCurrency": "USD",
        "cik": "0000028917",
        "fillingDate": "2012-05-30",
        "acceptedDate": "2012-05-30 15:45:12",
        "calendarYear": "2012",
        "period": "Q1",
        "revenue": 1586012000,
        "costOfRevenue": 956913000,
        "grossProfit": 629099000,
        "grossProfitRatio": 0.3966546281,
        "researchAndDevelopmentExpenses": 0,
        "generalAndAdministrativeExpenses": 401503000,
        "sellingAndMarketingExpenses": 0,
        "sellingGeneralAndAdministrativeExpenses": 401503000,
        "otherExpenses": 64020000,
        "operatingExpenses": 465523000,
        "costAndExpenses": 1422436000,
        "interestIncome": 0,
        "interestExpense": 17455000,
        "depreciationAndAmortization": 64488000,
        "ebitda": 228064000,
        "ebitdaratio": 0.1437971466,
        "operatingIncome": 163576000,
        "operatingIncomeRatio": 0.1031366724,
        "totalOtherIncomeExpensesNet": -16458000,
        "incomeBeforeTax": 147118000,
        "incomeBeforeTaxRatio": 0.0927597017,
        "incomeTaxExpense": 52900000,
        "netIncome": 95000000,
        "netIncomeRatio": 0.0598986641,
        "eps": 1.92,
        "epsdiluted": 1.89,
        "weightedAverageShsOut": 49400000,
        "weightedAverageShsOutDil": 50300000,
        "link": "https://www.sec.gov/Archives/edgar/data/28917/000110465912040736/0001104659-12-040736-index.htm",
        "finalLink": "https://www.sec.gov/Archives/edgar/data/28917/000110465912040736/a12-9188_110q.htm"
    },
    {
        "date": "2012-01-31",
        "symbol": "DDS",
        "reportedCurrency": "USD",
        "cik": "0000028917",
        "fillingDate": "2012-03-22",
        "acceptedDate": "2012-03-22 17:10:47",
        "calendarYear": "2011",
        "period": "Q4",
        "revenue": 2009418000,
        "costOfRevenue": 1300268000,
        "grossProfit": 709150000,
        "grossProfitRatio": 0.3529131321,
        "researchAndDevelopmentExpenses": 0,
        "generalAndAdministrativeExpenses": 454149000,
        "sellingAndMarketingExpenses": 0,
        "sellingGeneralAndAdministrativeExpenses": 454149000,
        "otherExpenses": 68670000,
        "operatingExpenses": 522819000,
        "costAndExpenses": 1823087000,
        "interestIncome": 0,
        "interestExpense": 19443000,
        "depreciationAndAmortization": 65195000,
        "ebitda": 301772000,
        "ebitdaratio": 0.150178808,
        "operatingIncome": 186331000,
        "operatingIncomeRatio": 0.0927288399,
        "totalOtherIncomeExpensesNet": 30803000,
        "incomeBeforeTax": 217134000,
        "incomeBeforeTaxRatio": 0.1080581542,
        "incomeTaxExpense": 76100000,
        "netIncome": 141500000,
        "netIncomeRatio": 0.0704183998,
        "eps": 2.82,
        "epsdiluted": 2.77,
        "weightedAverageShsOut": 50200000,
        "weightedAverageShsOutDil": 51100000,
        "link": "https://www.sec.gov/Archives/edgar/data/28917/000104746912003143/0001047469-12-003143-index.htm",
        "finalLink": "https://www.sec.gov/Archives/edgar/data/28917/000104746912003143/a2208236z10-k.htm"
    },
    {
        "date": "2011-10-29",
        "symbol": "DDS",
        "reportedCurrency": "USD",
        "cik": "0000028917",
        "fillingDate": "2011-12-06",
        "acceptedDate": "2011-12-06 17:12:24",
        "calendarYear": "2011",
        "period": "Q3",
        "revenue": 1417620000,
        "costOfRevenue": 881079000,
        "grossProfit": 536541000,
        "grossProfitRatio": 0.3784801287,
        "researchAndDevelopmentExpenses": 0,
        "generalAndAdministrativeExpenses": 415995000,
        "sellingAndMarketingExpenses": 0,
        "sellingGeneralAndAdministrativeExpenses": 415995000,
        "otherExpenses": 64734000,
        "operatingExpenses": 480729000,
        "costAndExpenses": 1361808000,
        "interestIncome": 0,
        "interestExpense": 17750000,
        "depreciationAndAmortization": 65218000,
        "ebitda": 121030000,
        "ebitdaratio": 0.0853754885,
        "operatingIncome": 55812000,
        "operatingIncomeRatio": 0.039370212,
        "totalOtherIncomeExpensesNet": -16294000,
        "incomeBeforeTax": 39518000,
        "incomeBeforeTaxRatio": 0.0278762997,
        "incomeTaxExpense": -188360000,
        "netIncome": 228171000,
        "netIncomeRatio": 0.1609535701,
        "eps": 0.51,
        "epsdiluted": 0.5,
        "weightedAverageShsOut": 52100000,
        "weightedAverageShsOutDil": 52900000,
        "link": "https://www.sec.gov/Archives/edgar/data/28917/000110465911067903/0001104659-11-067903-index.htm",
        "finalLink": "https://www.sec.gov/Archives/edgar/data/28917/000110465911067903/a11-29553_110q.htm"
    },
    {
        "date": "2011-07-30",
        "symbol": "DDS",
        "reportedCurrency": "USD",
        "cik": "0000028917",
        "fillingDate": "2011-09-02",
        "acceptedDate": "2011-09-02 06:32:21",
        "calendarYear": "2011",
        "period": "Q2",
        "revenue": 1476177000,
        "costOfRevenue": 963523000,
        "grossProfit": 512654000,
        "grossProfitRatio": 0.3472849123,
        "researchAndDevelopmentExpenses": 0,
        "generalAndAdministrativeExpenses": 408176000,
        "sellingAndMarketingExpenses": 0,
        "sellingGeneralAndAdministrativeExpenses": 408176000,
        "otherExpenses": 64097000,
        "operatingExpenses": 472273000,
        "costAndExpenses": 1435796000,
        "interestIncome": 0,
        "interestExpense": 18422000,
        "depreciationAndAmortization": 64569000,
        "ebitda": 104950000,
        "ebitdaratio": 0.0710958103,
        "operatingIncome": 40381000,
        "operatingIncomeRatio": 0.0273551207,
        "totalOtherIncomeExpensesNet": -16059000,
        "incomeBeforeTax": 24322000,
        "incomeBeforeTaxRatio": 0.016476344,
        "incomeTaxExpense": 7000000,
        "netIncome": 17600000,
        "netIncomeRatio": 0.0119226895,
        "eps": 0.3,
        "epsdiluted": 0.3,
        "weightedAverageShsOut": 54300000,
        "weightedAverageShsOutDil": 55200000,
        "link": "https://www.sec.gov/Archives/edgar/data/28917/000110465911050025/0001104659-11-050025-index.htm",
        "finalLink": "https://www.sec.gov/Archives/edgar/data/28917/000110465911050025/a11-24738_110q.htm"
    },
    {
        "date": "2011-04-30",
        "symbol": "DDS",
        "reportedCurrency": "USD",
        "cik": "0000028917",
        "fillingDate": "2011-06-03",
        "acceptedDate": "2011-06-03 15:32:22",
        "calendarYear": "2011",
        "period": "Q1",
        "revenue": 1498756000,
        "costOfRevenue": 898886000,
        "grossProfit": 599870000,
        "grossProfitRatio": 0.4002452701,
        "researchAndDevelopmentExpenses": 0,
        "generalAndAdministrativeExpenses": 400697000,
        "sellingAndMarketingExpenses": 0,
        "sellingGeneralAndAdministrativeExpenses": 400697000,
        "otherExpenses": 64031000,
        "operatingExpenses": 464728000,
        "costAndExpenses": 1363614000,
        "interestIncome": 0,
        "interestExpense": 18275000,
        "depreciationAndAmortization": 64485000,
        "ebitda": 199627000,
        "ebitdaratio": 0.1331951298,
        "operatingIncome": 135142000,
        "operatingIncomeRatio": 0.0901694472,
        "totalOtherIncomeExpensesNet": -19447000,
        "incomeBeforeTax": 115695000,
        "incomeBeforeTaxRatio": 0.0771940196,
        "incomeTaxExpense": 42700000,
        "netIncome": 76700000,
        "netIncomeRatio": 0.0511757751,
        "eps": 1.33,
        "epsdiluted": 1.31,
        "weightedAverageShsOut": 57500000,
        "weightedAverageShsOutDil": 58500000,
        "link": "https://www.sec.gov/Archives/edgar/data/28917/000110465911033162/0001104659-11-033162-index.htm",
        "finalLink": "https://www.sec.gov/Archives/edgar/data/28917/000110465911033162/a11-11986_110q.htm"
    },
    {
        "date": "2011-01-31",
        "symbol": "DDS",
        "reportedCurrency": "USD",
        "cik": "0000028917",
        "fillingDate": "2011-03-23",
        "acceptedDate": "2011-03-23 15:32:53",
        "calendarYear": "2010",
        "period": "Q4",
        "revenue": 1977047000,
        "costOfRevenue": 1273892000,
        "grossProfit": 703155000,
        "grossProfitRatio": 0.3556592231,
        "researchAndDevelopmentExpenses": 0,
        "generalAndAdministrativeExpenses": 456050000,
        "sellingAndMarketingExpenses": 0,
        "sellingGeneralAndAdministrativeExpenses": 456050000,
        "otherExpenses": 66086000,
        "operatingExpenses": 522136000,
        "costAndExpenses": 1796028000,
        "interestIncome": 0,
        "interestExpense": 18431000,
        "depreciationAndAmortization": 68875000,
        "ebitda": 249894000,
        "ebitdaratio": 0.1263976021,
        "operatingIncome": 181019000,
        "operatingIncomeRatio": 0.0915602917,
        "totalOtherIncomeExpensesNet": -18431000,
        "incomeBeforeTax": 162588000,
        "incomeBeforeTaxRatio": 0.0822378021,
        "incomeTaxExpense": 51375000,
        "netIncome": 109577000,
        "netIncomeRatio": 0.0554245802,
        "eps": 1.77,
        "epsdiluted": 1.77,
        "weightedAverageShsOut": 61783000,
        "weightedAverageShsOutDil": 61800000,
        "link": "https://www.sec.gov/Archives/edgar/data/28917/000104746911002536/0001047469-11-002536-index.htm",
        "finalLink": "https://www.sec.gov/Archives/edgar/data/28917/000104746911002536/a2202861z10-k.htm"
    },
    {
        "date": "2010-10-30",
        "symbol": "DDS",
        "reportedCurrency": "USD",
        "cik": "0000028917",
        "fillingDate": "2010-12-03",
        "acceptedDate": "2010-12-03 14:36:41",
        "calendarYear": "2010",
        "period": "Q3",
        "revenue": 1373037000,
        "costOfRevenue": 857474000,
        "grossProfit": 515563000,
        "grossProfitRatio": 0.3754909737,
        "researchAndDevelopmentExpenses": 0,
        "generalAndAdministrativeExpenses": 410135000,
        "sellingAndMarketingExpenses": 0,
        "sellingGeneralAndAdministrativeExpenses": 410135000,
        "otherExpenses": 65887000,
        "operatingExpenses": 476022000,
        "costAndExpenses": 1333496000,
        "interestIncome": 0,
        "interestExpense": 18043000,
        "depreciationAndAmortization": 65417000,
        "ebitda": 104958000,
        "ebitdaratio": 0.0764422226,
        "operatingIncome": 39541000,
        "operatingIncomeRatio": 0.0287982043,
        "totalOtherIncomeExpensesNet": -18043000,
        "incomeBeforeTax": 21498000,
        "incomeBeforeTaxRatio": 0.015657262,
        "incomeTaxExpense": 6000000,
        "netIncome": 14400000,
        "netIncomeRatio": 0.0104876999,
        "eps": 0.22,
        "epsdiluted": 0.22,
        "weightedAverageShsOut": 65900000,
        "weightedAverageShsOutDil": 65900000,
        "link": "https://www.sec.gov/Archives/edgar/data/28917/000110465910061077/0001104659-10-061077-index.htm",
        "finalLink": "https://www.sec.gov/Archives/edgar/data/28917/000110465910061077/a10-20419_110q.htm"
    },
    {
        "date": "2010-07-31",
        "symbol": "DDS",
        "reportedCurrency": "USD",
        "cik": "0000028917",
        "fillingDate": "2010-09-02",
        "acceptedDate": "2010-09-02 15:51:36",
        "calendarYear": "2010",
        "period": "Q2",
        "revenue": 1420790000,
        "costOfRevenue": 930436000,
        "grossProfit": 490354000,
        "grossProfitRatio": 0.3451277106,
        "researchAndDevelopmentExpenses": 0,
        "generalAndAdministrativeExpenses": 403997000,
        "sellingAndMarketingExpenses": 0,
        "sellingGeneralAndAdministrativeExpenses": 403997000,
        "otherExpenses": 64455000,
        "operatingExpenses": 468452000,
        "costAndExpenses": 1398888000,
        "interestIncome": 0,
        "interestExpense": 18462000,
        "depreciationAndAmortization": 64921000,
        "ebitda": 90945000,
        "ebitdaratio": 0.0640101634,
        "operatingIncome": 21902000,
        "operatingIncomeRatio": 0.0154153675,
        "totalOtherIncomeExpensesNet": -14340000,
        "incomeBeforeTax": 7562000,
        "incomeBeforeTaxRatio": 0.0053223911,
        "incomeTaxExpense": -200000,
        "netIncome": 6800000,
        "netIncomeRatio": 0.0047860697,
        "eps": 0.1,
        "epsdiluted": 0.1,
        "weightedAverageShsOut": 67700000,
        "weightedAverageShsOutDil": 67700000,
        "link": "https://www.sec.gov/Archives/edgar/data/28917/000110465910047126/0001104659-10-047126-index.htm",
        "finalLink": "https://www.sec.gov/Archives/edgar/data/28917/000110465910047126/a10-14720_110q.htm"
    },
    {
        "date": "2010-05-01",
        "symbol": "DDS",
        "reportedCurrency": "USD",
        "cik": "0000028917",
        "fillingDate": "2010-06-04",
        "acceptedDate": "2010-06-04 12:04:48",
        "calendarYear": "2010",
        "period": "Q1",
        "revenue": 1482661000,
        "costOfRevenue": 914261000,
        "grossProfit": 568400000,
        "grossProfitRatio": 0.3833647746,
        "researchAndDevelopmentExpenses": 0,
        "generalAndAdministrativeExpenses": 406656000,
        "sellingAndMarketingExpenses": 0,
        "sellingGeneralAndAdministrativeExpenses": 406656000,
        "otherExpenses": 63612000,
        "operatingExpenses": 470268000,
        "costAndExpenses": 1384529000,
        "interestIncome": 0,
        "interestExpense": 18856000,
        "depreciationAndAmortization": 64182000,
        "ebitda": 160106000,
        "ebitdaratio": 0.1079855746,
        "operatingIncome": 98132000,
        "operatingIncomeRatio": 0.066186404,
        "totalOtherIncomeExpensesNet": -21064000,
        "incomeBeforeTax": 77068000,
        "incomeBeforeTaxRatio": 0.0519795152,
        "incomeTaxExpense": 27300000,
        "netIncome": 48800000,
        "netIncomeRatio": 0.0329137949,
        "eps": 0.68,
        "epsdiluted": 0.68,
        "weightedAverageShsOut": 72300000,
        "weightedAverageShsOutDil": 72300000,
        "link": "https://www.sec.gov/Archives/edgar/data/28917/000110465910032392/0001104659-10-032392-index.htm",
        "finalLink": "https://www.sec.gov/Archives/edgar/data/28917/000110465910032392/a10-10135_110q.htm"
    },
    {
        "date": "2010-01-31",
        "symbol": "DDS",
        "reportedCurrency": "USD",
        "cik": "0000028917",
        "fillingDate": "2010-03-26",
        "acceptedDate": "2010-03-26 16:31:22",
        "calendarYear": "2009",
        "period": "Q4",
        "revenue": 1875447000,
        "costOfRevenue": 1229294000,
        "grossProfit": 646153000,
        "grossProfitRatio": 0.3445327967,
        "researchAndDevelopmentExpenses": 0,
        "generalAndAdministrativeExpenses": 446928000,
        "sellingAndMarketingExpenses": 0,
        "sellingGeneralAndAdministrativeExpenses": 446928000,
        "otherExpenses": 62393000,
        "operatingExpenses": 509321000,
        "costAndExpenses": 1738615000,
        "interestIncome": 0,
        "interestExpense": 18227000,
        "depreciationAndAmortization": 65288000,
        "ebitda": 199036000,
        "ebitdaratio": 0.1061272326,
        "operatingIncome": 136832000,
        "operatingIncomeRatio": 0.0729596731,
        "totalOtherIncomeExpensesNet": -21311000,
        "incomeBeforeTax": 115521000,
        "incomeBeforeTaxRatio": 0.0615965154,
        "incomeTaxExpense": 35640000,
        "netIncome": 79514000,
        "netIncomeRatio": 0.0423973591,
        "eps": 1.08,
        "epsdiluted": 1.08,
        "weightedAverageShsOut": 73832000,
        "weightedAverageShsOutDil": 73900000,
        "link": "https://www.sec.gov/Archives/edgar/data/28917/000104746910002784/0001047469-10-002784-index.htm",
        "finalLink": "https://www.sec.gov/Archives/edgar/data/28917/000104746910002784/a2197591z10-k.htm"
    },
    {
        "date": "2009-10-31",
        "symbol": "DDS",
        "reportedCurrency": "USD",
        "cik": "0000028917",
        "fillingDate": "2009-12-03",
        "acceptedDate": "2009-12-03 16:14:52",
        "calendarYear": "2009",
        "period": "Q3",
        "revenue": 1390716000,
        "costOfRevenue": 893008000,
        "grossProfit": 497708000,
        "grossProfitRatio": 0.3578789631,
        "researchAndDevelopmentExpenses": 0,
        "generalAndAdministrativeExpenses": 416085000,
        "sellingAndMarketingExpenses": 0,
        "sellingGeneralAndAdministrativeExpenses": 416085000,
        "otherExpenses": 66019000,
        "operatingExpenses": 482104000,
        "costAndExpenses": 1375112000,
        "interestIncome": 0,
        "interestExpense": 18357000,
        "depreciationAndAmortization": 66605000,
        "ebitda": 82209000,
        "ebitdaratio": 0.059112716,
        "operatingIncome": 15604000,
        "operatingIncomeRatio": 0.0112201197,
        "totalOtherIncomeExpensesNet": -18357000,
        "incomeBeforeTax": -2753000,
        "incomeBeforeTaxRatio": -0.0019795559,
        "incomeTaxExpense": -12560000,
        "netIncome": 8000000,
        "netIncomeRatio": 0.0057524326,
        "eps": 0.11,
        "epsdiluted": 0.11,
        "weightedAverageShsOut": 73800000,
        "weightedAverageShsOutDil": 73800000,
        "link": "https://www.sec.gov/Archives/edgar/data/28917/000119312509246724/0001193125-09-246724-index.htm",
        "finalLink": "https://www.sec.gov/Archives/edgar/data/28917/000119312509246724/d10q.htm"
    },
    {
        "date": "2009-08-01",
        "symbol": "DDS",
        "reportedCurrency": "USD",
        "cik": "0000028917",
        "fillingDate": "2009-08-28",
        "acceptedDate": "2009-08-28 16:34:44",
        "calendarYear": "2009",
        "period": "Q2",
        "revenue": 1455169000,
        "costOfRevenue": 1001011000,
        "grossProfit": 454158000,
        "grossProfitRatio": 0.3120998317,
        "researchAndDevelopmentExpenses": 0,
        "generalAndAdministrativeExpenses": 410657000,
        "sellingAndMarketingExpenses": 0,
        "sellingGeneralAndAdministrativeExpenses": 410657000,
        "otherExpenses": 65802000,
        "operatingExpenses": 476459000,
        "costAndExpenses": 1477470000,
        "interestIncome": 0,
        "interestExpense": 19011000,
        "depreciationAndAmortization": 66865000,
        "ebitda": 44564000,
        "ebitdaratio": 0.0306246216,
        "operatingIncome": -22301000,
        "operatingIncomeRatio": -0.0153253677,
        "totalOtherIncomeExpensesNet": -19011000,
        "incomeBeforeTax": -41312000,
        "incomeBeforeTaxRatio": -0.0283898296,
        "incomeTaxExpense": -15040000,
        "netIncome": -26657000,
        "netIncomeRatio": -0.0183188344,
        "eps": -0.36,
        "epsdiluted": -0.36,
        "weightedAverageShsOut": 73827000,
        "weightedAverageShsOutDil": 73827000,
        "link": "https://www.sec.gov/Archives/edgar/data/28917/000119312509183909/0001193125-09-183909-index.htm",
        "finalLink": "https://www.sec.gov/Archives/edgar/data/28917/000119312509183909/d10q.htm"
    },
    {
        "date": "2009-05-02",
        "symbol": "DDS",
        "reportedCurrency": "USD",
        "cik": "0000028917",
        "fillingDate": "2009-06-08",
        "acceptedDate": "2009-06-05 18:06:32",
        "calendarYear": "2009",
        "period": "Q1",
        "revenue": 1505296000,
        "costOfRevenue": 979579000,
        "grossProfit": 1505296000,
        "grossProfitRatio": 1,
        "researchAndDevelopmentExpenses": 0,
        "generalAndAdministrativeExpenses": 428784000,
        "sellingAndMarketingExpenses": 0,
        "sellingGeneralAndAdministrativeExpenses": 428784000,
        "otherExpenses": 65456000,
        "operatingExpenses": 494240000,
        "costAndExpenses": 1473819000,
        "interestIncome": 0,
        "interestExpense": 18408000,
        "depreciationAndAmortization": 66005000,
        "ebitda": 97482000,
        "ebitdaratio": 0.0647593563,
        "operatingIncome": 31477000,
        "operatingIncomeRatio": 0.0209108375,
        "totalOtherIncomeExpensesNet": -18408000,
        "incomeBeforeTax": 13069000,
        "incomeBeforeTaxRatio": 0.0086820134,
        "incomeTaxExpense": 4650000,
        "netIncome": 7663000,
        "netIncomeRatio": 0.0050906931,
        "eps": 0.1,
        "epsdiluted": 0.1,
        "weightedAverageShsOut": 73644000,
        "weightedAverageShsOutDil": 73644000,
        "link": "https://www.sec.gov/Archives/edgar/data/28917/000114036109014141/0001140361-09-014141-index.htm",
        "finalLink": "https://www.sec.gov/Archives/edgar/data/28917/000114036109014141/form10q.htm"
    },
    {
        "date": "2009-01-31",
        "symbol": "DDS",
        "reportedCurrency": "USD",
        "cik": "0000028917",
        "fillingDate": "2009-04-01",
        "acceptedDate": "2009-04-01 16:47:21",
        "calendarYear": "2008",
        "period": "Q4",
        "revenue": 2082284000,
        "costOfRevenue": 1533673000,
        "grossProfit": 548611000,
        "grossProfitRatio": 0.2634659825,
        "researchAndDevelopmentExpenses": 0,
        "generalAndAdministrativeExpenses": 0,
        "sellingAndMarketingExpenses": 0,
        "sellingGeneralAndAdministrativeExpenses": 499185000,
        "otherExpenses": 72074000,
        "operatingExpenses": 571259000,
        "costAndExpenses": 2104932000,
        "interestIncome": 0,
        "interestExpense": 0,
        "depreciationAndAmortization": 72565000,
        "ebitda": 49917000,
        "ebitdaratio": 0.0239722343,
        "operatingIncome": -22648000,
        "operatingIncomeRatio": -0.0108765183,
        "totalOtherIncomeExpensesNet": -200316000,
        "incomeBeforeTax": -222964000,
        "incomeBeforeTaxRatio": -0.1070766524,
        "incomeTaxExpense": -75970000,
        "netIncome": -149348000,
        "netIncomeRatio": -0.0717231655,
        "eps": -2.03,
        "epsdiluted": -2.03,
        "weightedAverageShsOut": 73455000,
        "weightedAverageShsOutDil": 73500000,
        "link": "https://www.sec.gov/Archives/edgar/data/28917/000119312509070701/0001193125-09-070701-index.htm",
        "finalLink": "https://www.sec.gov/Archives/edgar/data/28917/000119312509070701/d10k.htm"
    },
    {
        "date": "2008-11-01",
        "symbol": "DDS",
        "reportedCurrency": "USD",
        "cik": "0000028917",
        "fillingDate": "2008-12-09",
        "acceptedDate": "2008-12-09 16:28:03",
        "calendarYear": "2008",
        "period": "Q3",
        "revenue": 1546056000,
        "costOfRevenue": 1046428000,
        "grossProfit": 499628000,
        "grossProfitRatio": 0.3231629385,
        "researchAndDevelopmentExpenses": 0,
        "generalAndAdministrativeExpenses": 0,
        "sellingAndMarketingExpenses": 0,
        "sellingGeneralAndAdministrativeExpenses": 504660000,
        "otherExpenses": 67117000,
        "operatingExpenses": 571777000,
        "costAndExpenses": 1618205000,
        "interestIncome": 0,
        "interestExpense": 0,
        "depreciationAndAmortization": 67598000,
        "ebitda": -4551000,
        "ebitdaratio": -0.0029436191,
        "operatingIncome": -72149000,
        "operatingIncomeRatio": -0.0466664856,
        "totalOtherIncomeExpensesNet": -23988000,
        "incomeBeforeTax": -96137000,
        "incomeBeforeTaxRatio": -0.0621820943,
        "incomeTaxExpense": -38900000,
        "netIncome": -56070000,
        "netIncomeRatio": -0.0362664742,
        "eps": -0.76,
        "epsdiluted": -0.76,
        "weightedAverageShsOut": 73454000,
        "weightedAverageShsOutDil": 73454000,
        "link": "https://www.sec.gov/Archives/edgar/data/28917/000114036108027380/0001140361-08-027380-index.htm",
        "finalLink": "https://www.sec.gov/Archives/edgar/data/28917/000114036108027380/form10q.htm"
    },
    {
        "date": "2008-08-02",
        "symbol": "DDS",
        "reportedCurrency": "USD",
        "cik": "0000028917",
        "fillingDate": "2008-09-11",
        "acceptedDate": "2008-09-11 10:29:12",
        "calendarYear": "2008",
        "period": "Q2",
        "revenue": 1646502000,
        "costOfRevenue": 1129366000,
        "grossProfit": 517136000,
        "grossProfitRatio": 0.3140816106,
        "researchAndDevelopmentExpenses": 0,
        "generalAndAdministrativeExpenses": 0,
        "sellingAndMarketingExpenses": 0,
        "sellingGeneralAndAdministrativeExpenses": 493770000,
        "otherExpenses": 73021000,
        "operatingExpenses": 566791000,
        "costAndExpenses": 1696157000,
        "interestIncome": 0,
        "interestExpense": 0,
        "depreciationAndAmortization": 73485000,
        "ebitda": 23830000,
        "ebitdaratio": 0.0144731072,
        "operatingIncome": -49655000,
        "operatingIncomeRatio": -0.0301578741,
        "totalOtherIncomeExpensesNet": -14933000,
        "incomeBeforeTax": -64588000,
        "incomeBeforeTaxRatio": -0.0392274045,
        "incomeTaxExpense": -27260000,
        "netIncome": -38340000,
        "netIncomeRatio": -0.0232857294,
        "eps": -0.51,
        "epsdiluted": -0.51,
        "weightedAverageShsOut": 75005000,
        "weightedAverageShsOutDil": 75005000,
        "link": "https://www.sec.gov/Archives/edgar/data/28917/000114036108021093/0001140361-08-021093-index.htm",
        "finalLink": "https://www.sec.gov/Archives/edgar/data/28917/000114036108021093/form10q.htm"
    },
    {
        "date": "2008-05-03",
        "symbol": "DDS",
        "reportedCurrency": "USD",
        "cik": "0000028917",
        "fillingDate": "2008-06-10",
        "acceptedDate": "2008-06-10 15:48:41",
        "calendarYear": "2008",
        "period": "Q1",
        "revenue": 1713598000,
        "costOfRevenue": 1118302000,
        "grossProfit": 595296000,
        "grossProfitRatio": 0.3473953634,
        "researchAndDevelopmentExpenses": 0,
        "generalAndAdministrativeExpenses": 0,
        "sellingAndMarketingExpenses": 0,
        "sellingGeneralAndAdministrativeExpenses": 497523000,
        "otherExpenses": 72075000,
        "operatingExpenses": 569598000,
        "costAndExpenses": 1687900000,
        "interestIncome": 0,
        "interestExpense": 0,
        "depreciationAndAmortization": 72536000,
        "ebitda": 98234000,
        "ebitdaratio": 0.057326164,
        "operatingIncome": 25698000,
        "operatingIncomeRatio": 0.0149965161,
        "totalOtherIncomeExpensesNet": -22014000,
        "incomeBeforeTax": 3684000,
        "incomeBeforeTaxRatio": 0.0021498625,
        "incomeTaxExpense": 1610000,
        "netIncome": 2693000,
        "netIncomeRatio": 0.0015715471,
        "eps": 0.04,
        "epsdiluted": 0.04,
        "weightedAverageShsOut": 67325000,
        "weightedAverageShsOutDil": 67325000,
        "link": "https://www.sec.gov/Archives/edgar/data/28917/000114036108014730/0001140361-08-014730-index.htm",
        "finalLink": "https://www.sec.gov/Archives/edgar/data/28917/000114036108014730/form10q.htm"
    },
    {
        "date": "2008-01-31",
        "symbol": "DDS",
        "reportedCurrency": "USD",
        "cik": "0000028917",
        "fillingDate": "2008-04-02",
        "acceptedDate": "2008-04-02 16:53:27",
        "calendarYear": "2007",
        "period": "Q4",
        "revenue": 2208110000,
        "costOfRevenue": 1461224000,
        "grossProfit": 746886000,
        "grossProfitRatio": 0.3382467359,
        "researchAndDevelopmentExpenses": 0,
        "generalAndAdministrativeExpenses": 0,
        "sellingAndMarketingExpenses": 0,
        "sellingGeneralAndAdministrativeExpenses": 568420000,
        "otherExpenses": 74089000,
        "operatingExpenses": 642509000,
        "costAndExpenses": 2103733000,
        "interestIncome": 0,
        "interestExpense": 0,
        "depreciationAndAmortization": 74565000,
        "ebitda": 178942000,
        "ebitdaratio": 0.0810385352,
        "operatingIncome": 104377000,
        "operatingIncomeRatio": 0.0472698371,
        "totalOtherIncomeExpensesNet": -40786000,
        "incomeBeforeTax": 63591000,
        "incomeBeforeTaxRatio": 0.028798837,
        "incomeTaxExpense": 11800000,
        "netIncome": 47344000,
        "netIncomeRatio": 0.0214409608,
        "eps": 0.63,
        "epsdiluted": 0.63,
        "weightedAverageShsOut": 75166000,
        "weightedAverageShsOutDil": 75200000,
        "link": "https://www.sec.gov/Archives/edgar/data/28917/000119312508073400/0001193125-08-073400-index.htm",
        "finalLink": "https://www.sec.gov/Archives/edgar/data/28917/000119312508073400/d10k.htm"
    },
    {
        "date": "2007-11-03",
        "symbol": "DDS",
        "reportedCurrency": "USD",
        "cik": "0000028917",
        "fillingDate": "2007-12-05",
        "acceptedDate": "2007-12-05 15:45:52",
        "calendarYear": "2007",
        "period": "Q3",
        "revenue": 1674159000,
        "costOfRevenue": 1070661000,
        "grossProfit": 603498000,
        "grossProfitRatio": 0.3604783058,
        "researchAndDevelopmentExpenses": 0,
        "generalAndAdministrativeExpenses": 0,
        "sellingAndMarketingExpenses": 0,
        "sellingGeneralAndAdministrativeExpenses": 534953000,
        "otherExpenses": 75043000,
        "operatingExpenses": 609996000,
        "costAndExpenses": 1680657000,
        "interestIncome": 0,
        "interestExpense": 0,
        "depreciationAndAmortization": 75512000,
        "ebitda": 69014000,
        "ebitdaratio": 0.0412230857,
        "operatingIncome": -6498000,
        "operatingIncomeRatio": -0.0038813518,
        "totalOtherIncomeExpensesNet": -15063000,
        "incomeBeforeTax": -21561000,
        "incomeBeforeTaxRatio": -0.0128787051,
        "incomeTaxExpense": -6830000,
        "netIncome": -11341000,
        "netIncomeRatio": -0.0067741475,
        "eps": -0.15,
        "epsdiluted": -0.15,
        "weightedAverageShsOut": 77919000,
        "weightedAverageShsOutDil": 77919000,
        "link": "https://www.sec.gov/Archives/edgar/data/28917/000114036107023541/0001140361-07-023541-index.htm",
        "finalLink": "https://www.sec.gov/Archives/edgar/data/28917/000114036107023541/form10q.htm"
    },
    {
        "date": "2007-08-04",
        "symbol": "DDS",
        "reportedCurrency": "USD",
        "cik": "0000028917",
        "fillingDate": "2007-09-05",
        "acceptedDate": "2007-09-05 09:44:16",
        "calendarYear": "2007",
        "period": "Q2",
        "revenue": 1689083000,
        "costOfRevenue": 1128679000,
        "grossProfit": 560404000,
        "grossProfitRatio": 0.331780025,
        "researchAndDevelopmentExpenses": 0,
        "generalAndAdministrativeExpenses": 0,
        "sellingAndMarketingExpenses": 0,
        "sellingGeneralAndAdministrativeExpenses": 510017000,
        "otherExpenses": 74863000,
        "operatingExpenses": 584880000,
        "costAndExpenses": 1713559000,
        "interestIncome": 0,
        "interestExpense": 0,
        "depreciationAndAmortization": 75372000,
        "ebitda": 50896000,
        "ebitdaratio": 0.0301323262,
        "operatingIncome": -24476000,
        "operatingIncomeRatio": -0.0144907029,
        "totalOtherIncomeExpensesNet": -18040000,
        "incomeBeforeTax": -42516000,
        "incomeBeforeTaxRatio": -0.0251710544,
        "incomeTaxExpense": -17350000,
        "netIncome": -25166000,
        "netIncomeRatio": -0.0148992086,
        "eps": -0.31,
        "epsdiluted": -0.31,
        "weightedAverageShsOut": 81181000,
        "weightedAverageShsOutDil": 81181000,
        "link": "https://www.sec.gov/Archives/edgar/data/28917/000114036107017686/0001140361-07-017686-index.htm",
        "finalLink": "https://www.sec.gov/Archives/edgar/data/28917/000114036107017686/form10q.htm"
    },
    {
        "date": "2007-05-05",
        "symbol": "DDS",
        "reportedCurrency": "USD",
        "cik": "0000028917",
        "fillingDate": "2007-06-12",
        "acceptedDate": "2007-06-12 14:42:56",
        "calendarYear": "2007",
        "period": "Q1",
        "revenue": 1799454000,
        "costOfRevenue": 1126091000,
        "grossProfit": 673363000,
        "grossProfitRatio": 0.3742040641,
        "researchAndDevelopmentExpenses": 0,
        "generalAndAdministrativeExpenses": 0,
        "sellingAndMarketingExpenses": 0,
        "sellingGeneralAndAdministrativeExpenses": 512573000,
        "otherExpenses": 74932000,
        "operatingExpenses": 587505000,
        "costAndExpenses": 1713596000,
        "interestIncome": 0,
        "interestExpense": 0,
        "depreciationAndAmortization": 75410000,
        "ebitda": 161268000,
        "ebitdaratio": 0.0896205182,
        "operatingIncome": 85858000,
        "operatingIncomeRatio": 0.0477133619,
        "totalOtherIncomeExpensesNet": -20736000,
        "incomeBeforeTax": 65122000,
        "incomeBeforeTaxRatio": 0.0361898665,
        "incomeTaxExpense": 25390000,
        "netIncome": 42924000,
        "netIncomeRatio": 0.0238539024,
        "eps": 0.54,
        "epsdiluted": 0.53,
        "weightedAverageShsOut": 79489000,
        "weightedAverageShsOutDil": 80989000,
        "link": "https://www.sec.gov/Archives/edgar/data/28917/000114036107012165/0001140361-07-012165-index.htm",
        "finalLink": "https://www.sec.gov/Archives/edgar/data/28917/000114036107012165/form10q.htm"
    },
    {
        "date": "2007-01-31",
        "symbol": "DDS",
        "reportedCurrency": "USD",
        "cik": "0000028917",
        "fillingDate": "2007-04-04",
        "acceptedDate": "2007-04-04 13:27:14",
        "calendarYear": "2006",
        "period": "Q4",
        "revenue": 2419864000,
        "costOfRevenue": 1612328000,
        "grossProfit": 807536000,
        "grossProfitRatio": 0.333711316,
        "researchAndDevelopmentExpenses": 0,
        "generalAndAdministrativeExpenses": 0,
        "sellingAndMarketingExpenses": 0,
        "sellingGeneralAndAdministrativeExpenses": 597037000,
        "otherExpenses": 80205000,
        "operatingExpenses": 677242000,
        "costAndExpenses": 2289570000,
        "interestIncome": 0,
        "interestExpense": 0,
        "depreciationAndAmortization": 80788000,
        "ebitda": 211082000,
        "ebitdaratio": 0.0872288691,
        "operatingIncome": 130294000,
        "operatingIncomeRatio": 0.0538435218,
        "totalOtherIncomeExpensesNet": 403000,
        "incomeBeforeTax": 130697000,
        "incomeBeforeTaxRatio": 0.0540100601,
        "incomeTaxExpense": -11910000,
        "netIncome": 154991000,
        "netIncomeRatio": 0.0640494672,
        "eps": 1.9,
        "epsdiluted": 1.9,
        "weightedAverageShsOut": 79900000,
        "weightedAverageShsOutDil": 81500000,
        "link": "https://www.sec.gov/Archives/edgar/data/28917/000119312507074149/0001193125-07-074149-index.htm",
        "finalLink": "https://www.sec.gov/Archives/edgar/data/28917/000119312507074149/d10k.htm"
    },
    {
        "date": "2006-10-28",
        "symbol": "DDS",
        "reportedCurrency": "USD",
        "cik": "0000028917",
        "fillingDate": "2006-12-06",
        "acceptedDate": "2006-12-06 16:27:43",
        "calendarYear": "2006",
        "period": "Q3",
        "revenue": 1759334000,
        "costOfRevenue": 1118313000,
        "grossProfit": 641021000,
        "grossProfitRatio": 0.3643543523,
        "researchAndDevelopmentExpenses": 0,
        "generalAndAdministrativeExpenses": 0,
        "sellingAndMarketingExpenses": 0,
        "sellingGeneralAndAdministrativeExpenses": 526024000,
        "otherExpenses": 73557000,
        "operatingExpenses": 599581000,
        "costAndExpenses": 1717894000,
        "interestIncome": 0,
        "interestExpense": 0,
        "depreciationAndAmortization": 74032000,
        "ebitda": 115472000,
        "ebitdaratio": 0.0656339274,
        "operatingIncome": 41440000,
        "operatingIncomeRatio": 0.0235543677,
        "totalOtherIncomeExpensesNet": -22372000,
        "incomeBeforeTax": 19068000,
        "incomeBeforeTaxRatio": 0.0108381922,
        "incomeTaxExpense": 7675000,
        "netIncome": 13609000,
        "netIncomeRatio": 0.0077353135,
        "eps": 0.17,
        "epsdiluted": 0.17,
        "weightedAverageShsOut": 79633000,
        "weightedAverageShsOutDil": 80912000,
        "link": "https://www.sec.gov/Archives/edgar/data/28917/000114036106017569/0001140361-06-017569-index.htm",
        "finalLink": "https://www.sec.gov/Archives/edgar/data/28917/000114036106017569/form10-q.htm"
    },
    {
        "date": "2006-07-29",
        "symbol": "DDS",
        "reportedCurrency": "USD",
        "cik": "0000028917",
        "fillingDate": "2006-09-07",
        "acceptedDate": "2006-09-07 16:38:44",
        "calendarYear": "2006",
        "period": "Q2",
        "revenue": 1733366000,
        "costOfRevenue": 1122273000,
        "grossProfit": 611093000,
        "grossProfitRatio": 0.3525470097,
        "researchAndDevelopmentExpenses": 0,
        "generalAndAdministrativeExpenses": 0,
        "sellingAndMarketingExpenses": 0,
        "sellingGeneralAndAdministrativeExpenses": 522236000,
        "otherExpenses": 73995000,
        "operatingExpenses": 596231000,
        "costAndExpenses": 1718504000,
        "interestIncome": 0,
        "interestExpense": 0,
        "depreciationAndAmortization": 74267000,
        "ebitda": 89129000,
        "ebitdaratio": 0.0514196079,
        "operatingIncome": 14862000,
        "operatingIncomeRatio": 0.0085740692,
        "totalOtherIncomeExpensesNet": -9085000,
        "incomeBeforeTax": 5777000,
        "incomeBeforeTaxRatio": 0.0033328218,
        "incomeTaxExpense": -10250000,
        "netIncome": 15727000,
        "netIncomeRatio": 0.0090730982,
        "eps": 0.2,
        "epsdiluted": 0.2,
        "weightedAverageShsOut": 78635000,
        "weightedAverageShsOutDil": 78635000,
        "link": "https://www.sec.gov/Archives/edgar/data/28917/000114036106013058/0001140361-06-013058-index.htm",
        "finalLink": "https://www.sec.gov/Archives/edgar/data/28917/000114036106013058/form10-q.htm"
    },
    {
        "date": "2006-04-29",
        "symbol": "DDS",
        "reportedCurrency": "USD",
        "cik": "0000028917",
        "fillingDate": "2006-06-08",
        "acceptedDate": "2006-06-08 10:51:00",
        "calendarYear": "2006",
        "period": "Q1",
        "revenue": 1876748000,
        "costOfRevenue": 1179437000,
        "grossProfit": 697311000,
        "grossProfitRatio": 0.3715528137,
        "researchAndDevelopmentExpenses": 0,
        "generalAndAdministrativeExpenses": 0,
        "sellingAndMarketingExpenses": 0,
        "sellingGeneralAndAdministrativeExpenses": 506201000,
        "otherExpenses": 73390000,
        "operatingExpenses": 579591000,
        "costAndExpenses": 1759028000,
        "interestIncome": 0,
        "interestExpense": 0,
        "depreciationAndAmortization": 74169000,
        "ebitda": 191889000,
        "ebitdaratio": 0.1022454799,
        "operatingIncome": 117720000,
        "operatingIncomeRatio": 0.0627255231,
        "totalOtherIncomeExpensesNet": -22111000,
        "incomeBeforeTax": 95609000,
        "incomeBeforeTaxRatio": 0.0509439733,
        "incomeTaxExpense": 35065000,
        "netIncome": 61319000,
        "netIncomeRatio": 0.0326730067,
        "eps": 0.77,
        "epsdiluted": 0.77,
        "weightedAverageShsOut": 79635000,
        "weightedAverageShsOutDil": 79635000,
        "link": "https://www.sec.gov/Archives/edgar/data/28917/000114036106008867/0001140361-06-008867-index.htm",
        "finalLink": "https://www.sec.gov/Archives/edgar/data/28917/000114036106008867/form10-q.htm"
    },
    {
        "date": "2006-01-31",
        "symbol": "DDS",
        "reportedCurrency": "USD",
        "cik": "0000028917",
        "fillingDate": "2006-04-03",
        "acceptedDate": "2006-04-03 16:16:01",
        "calendarYear": "2005",
        "period": "Q4",
        "revenue": 2379561000,
        "costOfRevenue": 1552615000,
        "grossProfit": 826946000,
        "grossProfitRatio": 0.347520404,
        "researchAndDevelopmentExpenses": 0,
        "generalAndAdministrativeExpenses": 0,
        "sellingAndMarketingExpenses": 0,
        "sellingGeneralAndAdministrativeExpenses": 569643000,
        "otherExpenses": 75630000,
        "operatingExpenses": 645273000,
        "costAndExpenses": 2197888000,
        "interestIncome": 0,
        "interestExpense": 0,
        "depreciationAndAmortization": 75359000,
        "ebitda": 257303000,
        "ebitdaratio": 0.1081304493,
        "operatingIncome": 181673000,
        "operatingIncomeRatio": 0.0763472758,
        "totalOtherIncomeExpensesNet": -81735000,
        "incomeBeforeTax": 99938000,
        "incomeBeforeTaxRatio": 0.0419985031,
        "incomeTaxExpense": 1475000,
        "netIncome": 98463000,
        "netIncomeRatio": 0.0413786409,
        "eps": 1.24,
        "epsdiluted": 1.24,
        "weightedAverageShsOut": 79113000,
        "weightedAverageShsOutDil": 79200000,
        "link": "https://www.sec.gov/Archives/edgar/data/28917/000119312506071918/0001193125-06-071918-index.htm",
        "finalLink": "https://www.sec.gov/Archives/edgar/data/28917/000119312506071918/d10k.htm"
    },
    {
        "date": "2005-10-29",
        "symbol": "DDS",
        "reportedCurrency": "USD",
        "cik": "0000028917",
        "fillingDate": "2005-12-09",
        "acceptedDate": "2005-12-08 18:32:33",
        "calendarYear": "2005",
        "period": "Q3",
        "revenue": 1761225000,
        "costOfRevenue": 1147109000,
        "grossProfit": 614116000,
        "grossProfitRatio": 0.3486868515,
        "researchAndDevelopmentExpenses": 0,
        "generalAndAdministrativeExpenses": 0,
        "sellingAndMarketingExpenses": 0,
        "sellingGeneralAndAdministrativeExpenses": 516745000,
        "otherExpenses": 75814000,
        "operatingExpenses": 592559000,
        "costAndExpenses": 1739668000,
        "interestIncome": 0,
        "interestExpense": 0,
        "depreciationAndAmortization": 77237000,
        "ebitda": 98794000,
        "ebitdaratio": 0.0560939119,
        "operatingIncome": 21557000,
        "operatingIncomeRatio": 0.0122397763,
        "totalOtherIncomeExpensesNet": -25746000,
        "incomeBeforeTax": -4189000,
        "incomeBeforeTaxRatio": -0.0023784582,
        "incomeTaxExpense": -1510000,
        "netIncome": -2679000,
        "netIncomeRatio": -0.0015211004,
        "eps": -0.0331,
        "epsdiluted": -0.0331,
        "weightedAverageShsOut": 80991000,
        "weightedAverageShsOutDil": 80991000,
        "link": "https://www.sec.gov/Archives/edgar/data/28917/000002891705000048/0000028917-05-000048-index.htm",
        "finalLink": "https://www.sec.gov/Archives/edgar/data/28917/000002891705000048/form10-q.htm"
    },
    {
        "date": "2005-07-30",
        "symbol": "DDS",
        "reportedCurrency": "USD",
        "cik": "0000028917",
        "fillingDate": "2005-09-08",
        "acceptedDate": "2005-09-08 15:25:28",
        "calendarYear": "2005",
        "period": "Q2",
        "revenue": 1728474000,
        "costOfRevenue": 1144025000,
        "grossProfit": 584449000,
        "grossProfitRatio": 0.33813005,
        "researchAndDevelopmentExpenses": 0,
        "generalAndAdministrativeExpenses": 0,
        "sellingAndMarketingExpenses": 0,
        "sellingGeneralAndAdministrativeExpenses": 494796000,
        "otherExpenses": 75853000,
        "operatingExpenses": 570649000,
        "costAndExpenses": 1714674000,
        "interestIncome": 0,
        "interestExpense": 0,
        "depreciationAndAmortization": 76434000,
        "ebitda": 90234000,
        "ebitdaratio": 0.05220443,
        "operatingIncome": 13800000,
        "operatingIncomeRatio": 0.0079839211,
        "totalOtherIncomeExpensesNet": -33204000,
        "incomeBeforeTax": -19404000,
        "incomeBeforeTaxRatio": -0.0112260873,
        "incomeTaxExpense": -7065000,
        "netIncome": -12339000,
        "netIncomeRatio": -0.0071386668,
        "eps": -0.15,
        "epsdiluted": -0.15,
        "weightedAverageShsOut": 82260000,
        "weightedAverageShsOutDil": 82260000,
        "link": "https://www.sec.gov/Archives/edgar/data/28917/000002891705000046/0000028917-05-000046-index.htm",
        "finalLink": "https://www.sec.gov/Archives/edgar/data/28917/000002891705000046/form-10q.htm"
    },
    {
        "date": "2005-04-30",
        "symbol": "DDS",
        "reportedCurrency": "USD",
        "cik": "0000028917",
        "fillingDate": "2005-06-09",
        "acceptedDate": "2005-06-09 16:42:49",
        "calendarYear": "2005",
        "period": "Q1",
        "revenue": 1838733000,
        "costOfRevenue": 1170272000,
        "grossProfit": 668461000,
        "grossProfitRatio": 0.3635443536,
        "researchAndDevelopmentExpenses": 0,
        "generalAndAdministrativeExpenses": 0,
        "sellingAndMarketingExpenses": 0,
        "sellingGeneralAndAdministrativeExpenses": 507835000,
        "otherExpenses": 74567000,
        "operatingExpenses": 582402000,
        "costAndExpenses": 1752674000,
        "interestIncome": 0,
        "interestExpense": 0,
        "depreciationAndAmortization": 75346000,
        "ebitda": 161405000,
        "ebitdaratio": 0.0877805532,
        "operatingIncome": 86059000,
        "operatingIncomeRatio": 0.0468034239,
        "totalOtherIncomeExpensesNet": -26619000,
        "incomeBeforeTax": 59440000,
        "incomeBeforeTaxRatio": 0.0323266075,
        "incomeTaxExpense": 21400000,
        "netIncome": 38040000,
        "netIncomeRatio": 0.0206881586,
        "eps": 0.46,
        "epsdiluted": 0.46,
        "weightedAverageShsOut": 82696000,
        "weightedAverageShsOutDil": 82696000,
        "link": "https://www.sec.gov/Archives/edgar/data/28917/000002891705000034/0000028917-05-000034-index.htm",
        "finalLink": "https://www.sec.gov/Archives/edgar/data/28917/000002891705000034/form10-q.htm"
    },
    {
        "date": "2005-01-31",
        "symbol": "DDS",
        "reportedCurrency": "USD",
        "cik": "0000028917",
        "fillingDate": "2005-04-14",
        "acceptedDate": "2005-04-14 16:12:36",
        "calendarYear": "2004",
        "period": "Q4",
        "revenue": 2131491000,
        "costOfRevenue": 1543521000,
        "grossProfit": 587970000,
        "grossProfitRatio": 0.2758491591,
        "researchAndDevelopmentExpenses": 0,
        "generalAndAdministrativeExpenses": 0,
        "sellingAndMarketingExpenses": 0,
        "sellingGeneralAndAdministrativeExpenses": 583282000,
        "otherExpenses": 78884000,
        "operatingExpenses": 662166000,
        "costAndExpenses": 2205687000,
        "interestIncome": 0,
        "interestExpense": 0,
        "depreciationAndAmortization": 79015000,
        "ebitda": 4819000,
        "ebitdaratio": 0.0022608587,
        "operatingIncome": -74196000,
        "operatingIncomeRatio": -0.0348094362,
        "totalOtherIncomeExpensesNet": 244612000,
        "incomeBeforeTax": 170416000,
        "incomeBeforeTaxRatio": 0.0799515457,
        "incomeTaxExpense": 61795000,
        "netIncome": 108621000,
        "netIncomeRatio": 0.0509601026,
        "eps": 1.3,
        "epsdiluted": 1.3,
        "weightedAverageShsOut": 83500000,
        "weightedAverageShsOutDil": 83500000,
        "link": "https://www.sec.gov/Archives/edgar/data/28917/000002891705000026/0000028917-05-000026-index.htm",
        "finalLink": "https://www.sec.gov/Archives/edgar/data/28917/000002891705000026/f10k_012905.htm"
    },
    {
        "date": "2004-10-30",
        "symbol": "DDS",
        "reportedCurrency": "USD",
        "cik": "0000028917",
        "fillingDate": "2004-12-08",
        "acceptedDate": "2004-12-08 09:31:06",
        "calendarYear": "2004",
        "period": "Q3",
        "revenue": 1755147000,
        "costOfRevenue": 1140898000,
        "grossProfit": 614249000,
        "grossProfitRatio": 0.3499701165,
        "researchAndDevelopmentExpenses": 0,
        "generalAndAdministrativeExpenses": 0,
        "sellingAndMarketingExpenses": 0,
        "sellingGeneralAndAdministrativeExpenses": 533717000,
        "otherExpenses": 74547000,
        "operatingExpenses": 608264000,
        "costAndExpenses": 1749162000,
        "interestIncome": 0,
        "interestExpense": 0,
        "depreciationAndAmortization": 75752000,
        "ebitda": 81737000,
        "ebitdaratio": 0.0465698884,
        "operatingIncome": 5985000,
        "operatingIncomeRatio": 0.0034099708,
        "totalOtherIncomeExpensesNet": -35188000,
        "incomeBeforeTax": -29203000,
        "incomeBeforeTaxRatio": -0.0166384924,
        "incomeTaxExpense": -10515000,
        "netIncome": -18688000,
        "netIncomeRatio": -0.0106475412,
        "eps": -0.23,
        "epsdiluted": -0.23,
        "weightedAverageShsOut": 82894000,
        "weightedAverageShsOutDil": 82894000,
        "link": "https://www.sec.gov/Archives/edgar/data/28917/000002891704000083/0000028917-04-000083-index.htm",
        "finalLink": "https://www.sec.gov/Archives/edgar/data/28917/000002891704000083/f10q_103004.htm"
    },
    {
        "date": "2004-07-31",
        "symbol": "DDS",
        "reportedCurrency": "USD",
        "cik": "0000028917",
        "fillingDate": "2004-09-09",
        "acceptedDate": "2004-09-09 14:59:38",
        "calendarYear": "2004",
        "period": "Q2",
        "revenue": 1730055000,
        "costOfRevenue": 1145846000,
        "grossProfit": 584209000,
        "grossProfitRatio": 0.337682328,
        "researchAndDevelopmentExpenses": 0,
        "generalAndAdministrativeExpenses": 0,
        "sellingAndMarketingExpenses": 0,
        "sellingGeneralAndAdministrativeExpenses": 513064000,
        "otherExpenses": 74248000,
        "operatingExpenses": 587312000,
        "costAndExpenses": 1733158000,
        "interestIncome": 0,
        "interestExpense": 0,
        "depreciationAndAmortization": 75237000,
        "ebitda": 72134000,
        "ebitdaratio": 0.0416946282,
        "operatingIncome": -3103000,
        "operatingIncomeRatio": -0.0017935846,
        "totalOtherIncomeExpensesNet": -37566000,
        "incomeBeforeTax": -40669000,
        "incomeBeforeTaxRatio": -0.0235073451,
        "incomeTaxExpense": -14640000,
        "netIncome": -26029000,
        "netIncomeRatio": -0.0150451864,
        "eps": -0.31,
        "epsdiluted": -0.31,
        "weightedAverageShsOut": 83965000,
        "weightedAverageShsOutDil": 83965000,
        "link": "https://www.sec.gov/Archives/edgar/data/28917/000002891704000062/0000028917-04-000062-index.htm",
        "finalLink": "https://www.sec.gov/Archives/edgar/data/28917/000002891704000062/f10q_073104.htm"
    },
    {
        "date": "2004-05-01",
        "symbol": "DDS",
        "reportedCurrency": "USD",
        "cik": "0000028917",
        "fillingDate": "2004-06-02",
        "acceptedDate": "2004-06-02 16:55:01",
        "calendarYear": "2004",
        "period": "Q1",
        "revenue": 1911879000,
        "costOfRevenue": 1187500000,
        "grossProfit": 724379000,
        "grossProfitRatio": 0.3788832871,
        "researchAndDevelopmentExpenses": 0,
        "generalAndAdministrativeExpenses": 0,
        "sellingAndMarketingExpenses": 0,
        "sellingGeneralAndAdministrativeExpenses": 523502000,
        "otherExpenses": 74238000,
        "operatingExpenses": 597740000,
        "costAndExpenses": 1785240000,
        "interestIncome": 0,
        "interestExpense": 0,
        "depreciationAndAmortization": 75532000,
        "ebitda": 202171000,
        "ebitdaratio": 0.1057446627,
        "operatingIncome": 126639000,
        "operatingIncomeRatio": 0.0662379784,
        "totalOtherIncomeExpensesNet": -42632000,
        "incomeBeforeTax": 84007000,
        "incomeBeforeTaxRatio": 0.0439394962,
        "incomeTaxExpense": 30245000,
        "netIncome": 53762000,
        "netIncomeRatio": 0.0281199804,
        "eps": 0.64,
        "epsdiluted": 0.64,
        "weightedAverageShsOut": 84003000,
        "weightedAverageShsOutDil": 84003000,
        "link": "https://www.sec.gov/Archives/edgar/data/28917/000002891704000043/0000028917-04-000043-index.htm",
        "finalLink": "https://www.sec.gov/Archives/edgar/data/28917/000002891704000043/f10q_050104.htm"
    },
    {
        "date": "2004-01-31",
        "symbol": "DDS",
        "reportedCurrency": "USD",
        "cik": "0000028917",
        "fillingDate": "2004-04-13",
        "acceptedDate": "2004-04-13 16:38:36",
        "calendarYear": "2003",
        "period": "Q4",
        "revenue": 2299054000,
        "costOfRevenue": 1571730000,
        "grossProfit": 727324000,
        "grossProfitRatio": 0.3163579455,
        "researchAndDevelopmentExpenses": 0,
        "generalAndAdministrativeExpenses": 0,
        "sellingAndMarketingExpenses": 0,
        "sellingGeneralAndAdministrativeExpenses": 565937000,
        "otherExpenses": 67886000,
        "operatingExpenses": 633823000,
        "costAndExpenses": 2205553000,
        "interestIncome": 0,
        "interestExpense": 0,
        "depreciationAndAmortization": 69156000,
        "ebitda": 162657000,
        "ebitdaratio": 0.0707495344,
        "operatingIncome": 93501000,
        "operatingIncomeRatio": 0.0406693362,
        "totalOtherIncomeExpensesNet": -12140000,
        "incomeBeforeTax": 81361000,
        "incomeBeforeTaxRatio": 0.0353889034,
        "incomeTaxExpense": 30185000,
        "netIncome": 51176000,
        "netIncomeRatio": 0.0222595902,
        "eps": 0.61,
        "epsdiluted": 0.61,
        "weightedAverageShsOut": 83300000,
        "weightedAverageShsOutDil": 83300000,
        "link": "https://www.sec.gov/Archives/edgar/data/28917/000002891704000028/0000028917-04-000028-index.htm",
        "finalLink": "https://www.sec.gov/Archives/edgar/data/28917/000002891704000028/f10k_013104.htm"
    },
    {
        "date": "2003-11-01",
        "symbol": "DDS",
        "reportedCurrency": "USD",
        "cik": "0000028917",
        "fillingDate": "2003-12-16",
        "acceptedDate": "2003-12-16 14:52:24",
        "calendarYear": "2003",
        "period": "Q3",
        "revenue": 1764484000,
        "costOfRevenue": 1200053000,
        "grossProfit": 564431000,
        "grossProfitRatio": 0.3198844535,
        "researchAndDevelopmentExpenses": 0,
        "generalAndAdministrativeExpenses": 0,
        "sellingAndMarketingExpenses": 0,
        "sellingGeneralAndAdministrativeExpenses": 533603000,
        "otherExpenses": 74187000,
        "operatingExpenses": 607790000,
        "costAndExpenses": 1807843000,
        "interestIncome": 0,
        "interestExpense": 0,
        "depreciationAndAmortization": 75917000,
        "ebitda": 32558000,
        "ebitdaratio": 0.0184518533,
        "operatingIncome": -43359000,
        "operatingIncomeRatio": -0.0245731897,
        "totalOtherIncomeExpensesNet": 18614000,
        "incomeBeforeTax": -24745000,
        "incomeBeforeTaxRatio": -0.0140239299,
        "incomeTaxExpense": -8910000,
        "netIncome": -15835000,
        "netIncomeRatio": -0.008974295,
        "eps": -0.19,
        "epsdiluted": -0.19,
        "weightedAverageShsOut": 83303000,
        "weightedAverageShsOutDil": 83303000,
        "link": "https://www.sec.gov/Archives/edgar/data/28917/000002891703000111/0000028917-03-000111-index.htm",
        "finalLink": "https://www.sec.gov/Archives/edgar/data/28917/000002891703000111/f10_110103.htm"
    },
    {
        "date": "2003-08-02",
        "symbol": "DDS",
        "reportedCurrency": "USD",
        "cik": "0000028917",
        "fillingDate": "2003-09-16",
        "acceptedDate": "2003-09-16 16:39:53",
        "calendarYear": "2003",
        "period": "Q2",
        "revenue": 1780327000,
        "costOfRevenue": 1186418000,
        "grossProfit": 593909000,
        "grossProfitRatio": 0.3335954575,
        "researchAndDevelopmentExpenses": 0,
        "generalAndAdministrativeExpenses": 0,
        "sellingAndMarketingExpenses": 0,
        "sellingGeneralAndAdministrativeExpenses": 521592000,
        "otherExpenses": 74561000,
        "operatingExpenses": 596153000,
        "costAndExpenses": 1782571000,
        "interestIncome": 0,
        "interestExpense": 0,
        "depreciationAndAmortization": 76317000,
        "ebitda": 74073000,
        "ebitdaratio": 0.0416064015,
        "operatingIncome": -2244000,
        "operatingIncomeRatio": -0.0012604426,
        "totalOtherIncomeExpensesNet": -76427000,
        "incomeBeforeTax": -78671000,
        "incomeBeforeTaxRatio": -0.0441890731,
        "incomeTaxExpense": -28325000,
        "netIncome": -50346000,
        "netIncomeRatio": -0.0282790746,
        "eps": -0.6,
        "epsdiluted": -0.6,
        "weightedAverageShsOut": 83910000,
        "weightedAverageShsOutDil": 83910000,
        "link": "https://www.sec.gov/Archives/edgar/data/28917/000002891703000094/0000028917-03-000094-index.htm",
        "finalLink": "https://www.sec.gov/Archives/edgar/data/28917/000002891703000094/f10q_080203.htm"
    },
    {
        "date": "2003-05-03",
        "symbol": "DDS",
        "reportedCurrency": "USD",
        "cik": "0000028917",
        "fillingDate": "2003-06-17",
        "acceptedDate": "2003-06-17 11:38:11",
        "calendarYear": "2003",
        "period": "Q1",
        "revenue": 1813911000,
        "costOfRevenue": 1211972000,
        "grossProfit": 601939000,
        "grossProfitRatio": 0.3318459395,
        "researchAndDevelopmentExpenses": 0,
        "generalAndAdministrativeExpenses": 0,
        "sellingAndMarketingExpenses": 0,
        "sellingGeneralAndAdministrativeExpenses": 523853000,
        "otherExpenses": 74027000,
        "operatingExpenses": 597880000,
        "costAndExpenses": 1809852000,
        "interestIncome": 0,
        "interestExpense": 0,
        "depreciationAndAmortization": 75811000,
        "ebitda": 79870000,
        "ebitdaratio": 0.0440319288,
        "operatingIncome": 4059000,
        "operatingIncomeRatio": 0.0022377063,
        "totalOtherIncomeExpensesNet": 33990000,
        "incomeBeforeTax": 38049000,
        "incomeBeforeTaxRatio": 0.0209762221,
        "incomeTaxExpense": 13700000,
        "netIncome": 24349000,
        "netIncomeRatio": 0.0134234811,
        "eps": 0.29,
        "epsdiluted": 0.29,
        "weightedAverageShsOut": 83962000,
        "weightedAverageShsOutDil": 83962000,
        "link": "https://www.sec.gov/Archives/edgar/data/28917/000002891703000075/0000028917-03-000075-index.htm",
        "finalLink": "https://www.sec.gov/Archives/edgar/data/28917/000002891703000075/f10q_050303.htm"
    },
    {
        "date": "2003-01-31",
        "symbol": "DDS",
        "reportedCurrency": "USD",
        "cik": "0000028917",
        "fillingDate": "2003-04-10",
        "acceptedDate": "2003-04-10 14:46:35",
        "calendarYear": "2002",
        "period": "Q4",
        "revenue": 2387891000,
        "costOfRevenue": 1638970000,
        "grossProfit": 748921000,
        "grossProfitRatio": 0.3136328249,
        "researchAndDevelopmentExpenses": 0,
        "generalAndAdministrativeExpenses": 0,
        "sellingAndMarketingExpenses": 0,
        "sellingGeneralAndAdministrativeExpenses": 596546000,
        "otherExpenses": 70209000,
        "operatingExpenses": 666755000,
        "costAndExpenses": 2305725000,
        "interestIncome": 0,
        "interestExpense": 0,
        "depreciationAndAmortization": 77221000,
        "ebitda": 159387000,
        "ebitdaratio": 0.0667480216,
        "operatingIncome": 82166000,
        "operatingIncomeRatio": 0.0344094433,
        "totalOtherIncomeExpensesNet": 28849000,
        "incomeBeforeTax": 111015000,
        "incomeBeforeTaxRatio": 0.0464908155,
        "incomeTaxExpense": 38765000,
        "netIncome": 72250000,
        "netIncomeRatio": 0.030256825,
        "eps": 0.85,
        "epsdiluted": 0.85,
        "weightedAverageShsOut": 84678000,
        "weightedAverageShsOutDil": 84700000,
        "link": "https://www.sec.gov/Archives/edgar/data/28917/000002891703000046/0000028917-03-000046-index.htm",
        "finalLink": "https://www.sec.gov/Archives/edgar/data/28917/000002891703000046/f10k_020103.htm"
    },
    {
        "date": "2002-11-02",
        "symbol": "DDS",
        "reportedCurrency": "USD",
        "cik": "0000028917",
        "fillingDate": "2002-12-17",
        "acceptedDate": "2002-12-17 12:51:40",
        "calendarYear": "2002",
        "period": "Q3",
        "revenue": 1794250000,
        "costOfRevenue": 1191437000,
        "grossProfit": 602813000,
        "grossProfitRatio": 0.3359693465,
        "researchAndDevelopmentExpenses": 0,
        "generalAndAdministrativeExpenses": 0,
        "sellingAndMarketingExpenses": 0,
        "sellingGeneralAndAdministrativeExpenses": 554684000,
        "otherExpenses": 76938000,
        "operatingExpenses": 631622000,
        "costAndExpenses": 1823059000,
        "interestIncome": 0,
        "interestExpense": 0,
        "depreciationAndAmortization": 72569000,
        "ebitda": 48129000,
        "ebitdaratio": 0.0268240212,
        "operatingIncome": -28809000,
        "operatingIncomeRatio": -0.0160562909,
        "totalOtherIncomeExpensesNet": 19099000,
        "incomeBeforeTax": -9710000,
        "incomeBeforeTaxRatio": -0.0054117319,
        "incomeTaxExpense": -3495000,
        "netIncome": -5102000,
        "netIncomeRatio": -0.0028435279,
        "eps": -0.0603,
        "epsdiluted": -0.0603,
        "weightedAverageShsOut": 84676000,
        "weightedAverageShsOutDil": 84676000,
        "link": "https://www.sec.gov/Archives/edgar/data/28917/000002891702000069/0000028917-02-000069-index.htm",
        "finalLink": "https://www.sec.gov/Archives/edgar/data/28917/000002891702000069/f10q_110202.htm"
    },
    {
        "date": "2002-08-03",
        "symbol": "DDS",
        "reportedCurrency": "USD",
        "cik": "0000028917",
        "fillingDate": "2002-09-17",
        "acceptedDate": "2002-09-17 17:13:08",
        "calendarYear": "2002",
        "period": "Q2",
        "revenue": 1817976000,
        "costOfRevenue": 1197299000,
        "grossProfit": 620677000,
        "grossProfitRatio": 0.3414109977,
        "researchAndDevelopmentExpenses": 0,
        "generalAndAdministrativeExpenses": 0,
        "sellingAndMarketingExpenses": 0,
        "sellingGeneralAndAdministrativeExpenses": 545963000,
        "otherExpenses": 76893000,
        "operatingExpenses": 622856000,
        "costAndExpenses": 1820155000,
        "interestIncome": 0,
        "interestExpense": 0,
        "depreciationAndAmortization": 77668000,
        "ebitda": 75489000,
        "ebitdaratio": 0.0415236505,
        "operatingIncome": -2179000,
        "operatingIncomeRatio": -0.0011985857,
        "totalOtherIncomeExpensesNet": 12595000,
        "incomeBeforeTax": 10416000,
        "incomeBeforeTaxRatio": 0.0057294486,
        "incomeTaxExpense": 7035000,
        "netIncome": 6666000,
        "netIncomeRatio": 0.0036667151,
        "eps": 0.08,
        "epsdiluted": 0.08,
        "weightedAverageShsOut": 84597000,
        "weightedAverageShsOutDil": 85820000,
        "link": "https://www.sec.gov/Archives/edgar/data/28917/000002891702000029/0000028917-02-000029-index.htm",
        "finalLink": "https://www.sec.gov/Archives/edgar/data/28917/000002891702000029/f10q_080302.htm"
    },
    {
        "date": "2002-05-04",
        "symbol": "DDS",
        "reportedCurrency": "USD",
        "cik": "0000028917",
        "fillingDate": "2002-06-18",
        "acceptedDate": "2002-06-18 14:35:44",
        "calendarYear": "2002",
        "period": "Q1",
        "revenue": 1910879000,
        "costOfRevenue": 1226428000,
        "grossProfit": 684451000,
        "grossProfitRatio": 0.3581864681,
        "researchAndDevelopmentExpenses": 0,
        "generalAndAdministrativeExpenses": 0,
        "sellingAndMarketingExpenses": 0,
        "sellingGeneralAndAdministrativeExpenses": 534941000,
        "otherExpenses": 77367000,
        "operatingExpenses": 612308000,
        "costAndExpenses": 1838736000,
        "interestIncome": 0,
        "interestExpense": 0,
        "depreciationAndAmortization": 78087000,
        "ebitda": 150230000,
        "ebitdaratio": 0.0786182694,
        "operatingIncome": 72143000,
        "operatingIncomeRatio": 0.0377538295,
        "totalOtherIncomeExpensesNet": 18659000,
        "incomeBeforeTax": 90802000,
        "incomeBeforeTaxRatio": 0.0475184457,
        "incomeTaxExpense": 32495000,
        "netIncome": -472219000,
        "netIncomeRatio": -0.247121351,
        "eps": -5.61,
        "epsdiluted": -5.61,
        "weightedAverageShsOut": 84100000,
        "weightedAverageShsOutDil": 84987000,
        "link": "https://www.sec.gov/Archives/edgar/data/28917/000002891702000024/0000028917-02-000024-index.htm",
        "finalLink": "https://www.sec.gov/Archives/edgar/data/28917/000002891702000024/f10q_050402.htm"
    },
    {
        "date": "2002-01-31",
        "symbol": "DDS",
        "reportedCurrency": "USD",
        "cik": "0000028917",
        "fillingDate": "2002-05-01",
        "acceptedDate": "2002-05-01 14:21:50",
        "calendarYear": "2001",
        "period": "Q4",
        "revenue": 2533965000,
        "costOfRevenue": 1703369000,
        "grossProfit": 830596000,
        "grossProfitRatio": 0.3277851115,
        "researchAndDevelopmentExpenses": 0,
        "generalAndAdministrativeExpenses": 0,
        "sellingAndMarketingExpenses": 0,
        "sellingGeneralAndAdministrativeExpenses": 597001000,
        "otherExpenses": 77968000,
        "operatingExpenses": 674969000,
        "costAndExpenses": 2378338000,
        "interestIncome": 0,
        "interestExpense": 0,
        "depreciationAndAmortization": 78701000,
        "ebitda": 234328000,
        "ebitdaratio": 0.0924748369,
        "operatingIncome": 155627000,
        "operatingIncomeRatio": 0.0614163968,
        "totalOtherIncomeExpensesNet": 12634000,
        "incomeBeforeTax": 168261000,
        "incomeBeforeTaxRatio": 0.0664022589,
        "incomeTaxExpense": 67500000,
        "netIncome": 101526000,
        "netIncomeRatio": 0.0400660625,
        "eps": 1.21,
        "epsdiluted": 1.21,
        "weightedAverageShsOut": 84000000,
        "weightedAverageShsOutDil": 84000000,
        "link": "https://www.sec.gov/Archives/edgar/data/28917/000002891702000016/0000028917-02-000016-index.htm",
        "finalLink": "https://www.sec.gov/Archives/edgar/data/28917/000002891702000016/f10k_020202.htm"
    },
    {
        "date": "2001-11-03",
        "symbol": "DDS",
        "reportedCurrency": "USD",
        "cik": "0000028917",
        "fillingDate": "2001-12-18",
        "acceptedDate": "2001-12-18 00:00:00",
        "calendarYear": "2001",
        "period": "Q3",
        "revenue": 1872333000,
        "costOfRevenue": 1312956000,
        "grossProfit": 559377000,
        "grossProfitRatio": 0.2987593553,
        "researchAndDevelopmentExpenses": 0,
        "generalAndAdministrativeExpenses": 0,
        "sellingAndMarketingExpenses": 0,
        "sellingGeneralAndAdministrativeExpenses": 556116000,
        "otherExpenses": 78751000,
        "operatingExpenses": 634867000,
        "costAndExpenses": 1947823000,
        "interestIncome": 0,
        "interestExpense": 0,
        "depreciationAndAmortization": 79533000,
        "ebitda": 4043000,
        "ebitdaratio": 0.0021593381,
        "operatingIncome": -75490000,
        "operatingIncomeRatio": -0.0403186826,
        "totalOtherIncomeExpensesNet": 10269000,
        "incomeBeforeTax": -65221000,
        "incomeBeforeTaxRatio": -0.0348340813,
        "incomeTaxExpense": -24980000,
        "netIncome": -40116000,
        "netIncomeRatio": -0.0214256759,
        "eps": -0.48,
        "epsdiluted": -0.48,
        "weightedAverageShsOut": 83711000,
        "weightedAverageShsOutDil": 83711000,
        "link": "https://www.sec.gov/Archives/edgar/data/28917/000002891701500020/0000028917-01-500020-index.htm",
        "finalLink": "https://www.sec.gov/Archives/edgar/data/28917/000002891701500020/f10q_110301.htm"
    },
    {
        "date": "2001-08-04",
        "symbol": "DDS",
        "reportedCurrency": "USD",
        "cik": "0000028917",
        "fillingDate": "2001-09-17",
        "acceptedDate": "2001-09-17 00:00:00",
        "calendarYear": "2001",
        "period": "Q2",
        "revenue": 1885563000,
        "costOfRevenue": 1238370000,
        "grossProfit": 647193000,
        "grossProfitRatio": 0.343235946,
        "researchAndDevelopmentExpenses": 0,
        "generalAndAdministrativeExpenses": 0,
        "sellingAndMarketingExpenses": 0,
        "sellingGeneralAndAdministrativeExpenses": 553726000,
        "otherExpenses": 76840000,
        "operatingExpenses": 630566000,
        "costAndExpenses": 1868936000,
        "interestIncome": 0,
        "interestExpense": 0,
        "depreciationAndAmortization": 77586000,
        "ebitda": 94213000,
        "ebitdaratio": 0.049965448,
        "operatingIncome": 16627000,
        "operatingIncomeRatio": 0.0088180559,
        "totalOtherIncomeExpensesNet": -49965000,
        "incomeBeforeTax": -33338000,
        "incomeBeforeTaxRatio": -0.0176806609,
        "incomeTaxExpense": -12770000,
        "netIncome": -18605000,
        "netIncomeRatio": -0.0098670795,
        "eps": -0.22,
        "epsdiluted": -0.22,
        "weightedAverageShsOut": 84568000,
        "weightedAverageShsOutDil": 84568000,
        "link": "https://www.sec.gov/Archives/edgar/data/28917/000002891701500015/0000028917-01-500015-index.htm",
        "finalLink": "https://www.sec.gov/Archives/edgar/data/28917/000002891701500015/f10q_080401.htm"
    },
    {
        "date": "2001-05-05",
        "symbol": "DDS",
        "reportedCurrency": "USD",
        "cik": "0000028917",
        "fillingDate": "2001-06-19",
        "acceptedDate": "2001-06-19 00:00:00",
        "calendarYear": "2001",
        "period": "Q1",
        "revenue": 1977585000,
        "costOfRevenue": 1253007000,
        "grossProfit": 724578000,
        "grossProfitRatio": 0.3663953762,
        "researchAndDevelopmentExpenses": 0,
        "generalAndAdministrativeExpenses": 0,
        "sellingAndMarketingExpenses": 0,
        "sellingGeneralAndAdministrativeExpenses": 557329000,
        "otherExpenses": 77195000,
        "operatingExpenses": 634524000,
        "costAndExpenses": 1887531000,
        "interestIncome": 0,
        "interestExpense": 0,
        "depreciationAndAmortization": 77891000,
        "ebitda": 167945000,
        "ebitdaratio": 0.084924289,
        "operatingIncome": 90054000,
        "operatingIncomeRatio": 0.04553736,
        "totalOtherIncomeExpensesNet": -48185000,
        "incomeBeforeTax": 41869000,
        "incomeBeforeTaxRatio": 0.0211717828,
        "incomeTaxExpense": 16035000,
        "netIncome": 28993000,
        "netIncomeRatio": 0.014660811,
        "eps": 0.34,
        "epsdiluted": 0.34,
        "weightedAverageShsOut": 84834000,
        "weightedAverageShsOutDil": 84834000,
        "link": "https://www.sec.gov/Archives/edgar/data/28917/000002891701500007/0000028917-01-500007-index.htm",
        "finalLink": "https://www.sec.gov/Archives/edgar/data/28917/000002891701500007/ex12_050501.htm"
    },
    {
        "date": "2001-01-31",
        "symbol": "DDS",
        "reportedCurrency": "USD",
        "cik": "0000028917",
        "fillingDate": "2001-05-07",
        "acceptedDate": "2001-05-07 00:00:00",
        "calendarYear": "2000",
        "period": "Q4",
        "revenue": 2661956000,
        "costOfRevenue": 1830204000,
        "grossProfit": 831752000,
        "grossProfitRatio": 0.3124589588,
        "researchAndDevelopmentExpenses": 0,
        "generalAndAdministrativeExpenses": 0,
        "sellingAndMarketingExpenses": 0,
        "sellingGeneralAndAdministrativeExpenses": 571377000,
        "otherExpenses": 71707000,
        "operatingExpenses": 643084000,
        "costAndExpenses": 2473288000,
        "interestIncome": 0,
        "interestExpense": 0,
        "depreciationAndAmortization": 74605000,
        "ebitda": 263273000,
        "ebitdaratio": 0.0989020855,
        "operatingIncome": 188668000,
        "operatingIncomeRatio": 0.0708757019,
        "totalOtherIncomeExpensesNet": -122215000,
        "incomeBeforeTax": 66453000,
        "incomeBeforeTaxRatio": 0.0249639739,
        "incomeTaxExpense": 15760000,
        "netIncome": -71853000,
        "netIncomeRatio": -0.0269925574,
        "eps": -1.01,
        "epsdiluted": -1.01,
        "weightedAverageShsOut": 70800000,
        "weightedAverageShsOutDil": 70800000,
        "link": "https://www.sec.gov/Archives/edgar/data/28917/000002891701500005/0000028917-01-500005-index.htm",
        "finalLink": "https://www.sec.gov/Archives/edgar/data/28917/000002891701500005/f10k_020301.htm"
    },
    {
        "date": "2000-10-28",
        "symbol": "DDS",
        "reportedCurrency": "USD",
        "cik": "0000028917",
        "fillingDate": "2000-12-12",
        "acceptedDate": "2000-12-12 00:00:00",
        "calendarYear": "2000",
        "period": "Q3",
        "revenue": 1978664000,
        "costOfRevenue": 1374512000,
        "grossProfit": 604152000,
        "grossProfitRatio": 0.3053332956,
        "researchAndDevelopmentExpenses": 0,
        "generalAndAdministrativeExpenses": 0,
        "sellingAndMarketingExpenses": 0,
        "sellingGeneralAndAdministrativeExpenses": 557239000,
        "otherExpenses": 78386000,
        "operatingExpenses": 635625000,
        "costAndExpenses": 2010137000,
        "interestIncome": 0,
        "interestExpense": 0,
        "depreciationAndAmortization": 78386000,
        "ebitda": 46913000,
        "ebitdaratio": 0.0237094322,
        "operatingIncome": -31473000,
        "operatingIncomeRatio": -0.0159061872,
        "totalOtherIncomeExpensesNet": 16124000,
        "incomeBeforeTax": -15349000,
        "incomeBeforeTaxRatio": -0.0077572544,
        "incomeTaxExpense": -5835000,
        "netIncome": 5961000,
        "netIncomeRatio": 0.0030126388,
        "eps": 0.07,
        "epsdiluted": 0.07,
        "weightedAverageShsOut": 90716000,
        "weightedAverageShsOutDil": 90716000,
        "link": "https://www.sec.gov/Archives/edgar/data/28917/000002891700000008/0000028917-00-000008-index.htm",
        "finalLink": "https://www.sec.gov/Archives/edgar/data/28917/000002891700000008/0000028917-00-000008-0001.htm"
    },
    {
        "date": "2000-07-29",
        "symbol": "DDS",
        "reportedCurrency": "USD",
        "cik": "0000028917",
        "fillingDate": "2000-09-12",
        "acceptedDate": "2000-09-12 00:00:00",
        "calendarYear": "2000",
        "period": "Q2",
        "revenue": 1843363000,
        "costOfRevenue": 1214099000,
        "grossProfit": 629264000,
        "grossProfitRatio": 0.3413673812,
        "researchAndDevelopmentExpenses": 0,
        "generalAndAdministrativeExpenses": 0,
        "sellingAndMarketingExpenses": 0,
        "sellingGeneralAndAdministrativeExpenses": 538738000,
        "otherExpenses": 76404000,
        "operatingExpenses": 615142000,
        "costAndExpenses": 1829241000,
        "interestIncome": 0,
        "interestExpense": 0,
        "depreciationAndAmortization": 76404000,
        "ebitda": 90526000,
        "ebitdaratio": 0.0491091554,
        "operatingIncome": 14122000,
        "operatingIncomeRatio": 0.0076609979,
        "totalOtherIncomeExpensesNet": 1109000,
        "incomeBeforeTax": 15231000,
        "incomeBeforeTaxRatio": 0.0082626157,
        "incomeTaxExpense": 5785000,
        "netIncome": 13837000,
        "netIncomeRatio": 0.0075063891,
        "eps": 0.15,
        "epsdiluted": 0.15,
        "weightedAverageShsOut": 92247000,
        "weightedAverageShsOutDil": 96260000,
        "link": "https://www.sec.gov/Archives/edgar/data/28917/000002891700000006/0000028917-00-000006-index.htm",
        "finalLink": "https://www.sec.gov/Archives/edgar/data/28917/000002891700000006/0000028917-00-000006-0001.htm"
    },
    {
        "date": "2000-04-29",
        "symbol": "DDS",
        "reportedCurrency": "USD",
        "cik": "0000028917",
        "fillingDate": "2000-06-13",
        "acceptedDate": "2000-06-13 00:00:00",
        "calendarYear": "2000",
        "period": "Q1",
        "revenue": 2082577000,
        "costOfRevenue": 1383332000,
        "grossProfit": 699245000,
        "grossProfitRatio": 0.3357594941,
        "researchAndDevelopmentExpenses": 0,
        "generalAndAdministrativeExpenses": 0,
        "sellingAndMarketingExpenses": 0,
        "sellingGeneralAndAdministrativeExpenses": 552464000,
        "otherExpenses": 76701000,
        "operatingExpenses": 629165000,
        "costAndExpenses": 2012497000,
        "interestIncome": 0,
        "interestExpense": 0,
        "depreciationAndAmortization": 76701000,
        "ebitda": 146781000,
        "ebitdaratio": 0.0704804672,
        "operatingIncome": 70080000,
        "operatingIncomeRatio": 0.0336506165,
        "totalOtherIncomeExpensesNet": 4445000,
        "incomeBeforeTax": 74525000,
        "incomeBeforeTaxRatio": 0.0357849914,
        "incomeTaxExpense": 28320000,
        "netIncome": 46205000,
        "netIncomeRatio": 0.0221864546,
        "eps": 0.48,
        "epsdiluted": 0.48,
        "weightedAverageShsOut": 96260000,
        "weightedAverageShsOutDil": 96260000,
        "link": "https://www.sec.gov/Archives/edgar/data/28917/000002891700000003/0000028917-00-000003-index.htm",
        "finalLink": "https://www.sec.gov/Archives/edgar/data/28917/000002891700000003/0000028917-00-000003-0001.htm"
    },
    {
        "date": "2000-01-31",
        "symbol": "DDS",
        "reportedCurrency": "USD",
        "cik": "0000028917",
        "fillingDate": "2000-04-28",
        "acceptedDate": "2000-04-28 04:00:00",
        "calendarYear": "1999",
        "period": "Q4",
        "revenue": 2574811000,
        "costOfRevenue": 1817943000,
        "grossProfit": 756868000,
        "grossProfitRatio": 0.2939508958,
        "researchAndDevelopmentExpenses": 0,
        "generalAndAdministrativeExpenses": 0,
        "sellingAndMarketingExpenses": 0,
        "sellingGeneralAndAdministrativeExpenses": 555097000,
        "otherExpenses": 74874000,
        "operatingExpenses": 629971000,
        "costAndExpenses": 2447914000,
        "interestIncome": 0,
        "interestExpense": 0,
        "depreciationAndAmortization": 74874000,
        "ebitda": 201771000,
        "ebitdaratio": 0.0783634216,
        "operatingIncome": 126897000,
        "operatingIncomeRatio": 0.0492840057,
        "totalOtherIncomeExpensesNet": -65348000,
        "incomeBeforeTax": 61549000,
        "incomeBeforeTaxRatio": 0.0239042788,
        "incomeTaxExpense": 35720000,
        "netIncome": 25829000,
        "netIncomeRatio": 0.0100314159,
        "eps": 0.26,
        "epsdiluted": 0.26,
        "weightedAverageShsOut": 101000000,
        "weightedAverageShsOutDil": 101000000,
        "link": "https://www.sec.gov/Archives/edgar/data/28917/000002891700000002/0000028917-00-000002-index.htm",
        "finalLink": "https://www.sec.gov/Archives/edgar/data/28917/000002891700000002/0000028917-00-000002-d1.html"
    },
    {
        "date": "1999-10-30",
        "symbol": "DDS",
        "reportedCurrency": "USD",
        "cik": "0000028917",
        "fillingDate": "1999-12-14",
        "acceptedDate": "1999-12-14 05:00:00",
        "calendarYear": "1999",
        "period": "Q3",
        "revenue": 2071954000,
        "costOfRevenue": 1380548000,
        "grossProfit": 691406000,
        "grossProfitRatio": 0.3336975628,
        "researchAndDevelopmentExpenses": 0,
        "generalAndAdministrativeExpenses": 0,
        "sellingAndMarketingExpenses": 0,
        "sellingGeneralAndAdministrativeExpenses": 557879000,
        "otherExpenses": 75023000,
        "operatingExpenses": 632902000,
        "costAndExpenses": 2013450000,
        "interestIncome": 0,
        "interestExpense": 0,
        "depreciationAndAmortization": 74899000,
        "ebitda": 133527000,
        "ebitdaratio": 0.0644449635,
        "operatingIncome": 58504000,
        "operatingIncomeRatio": 0.0282361481,
        "totalOtherIncomeExpensesNet": -2391000,
        "incomeBeforeTax": 56113000,
        "incomeBeforeTaxRatio": 0.027082165,
        "incomeTaxExpense": 21300000,
        "netIncome": 34800000,
        "netIncomeRatio": 0.0167957397,
        "eps": 0.33,
        "epsdiluted": 0.33,
        "weightedAverageShsOut": 105418000,
        "weightedAverageShsOutDil": 105418000,
        "link": "https://www.sec.gov/Archives/edgar/data/28917/000002891799000006/0000028917-99-000006-index.htm",
        "finalLink": "https://www.sec.gov/Archives/edgar/data/28917/000002891799000006/"
    },
    {
        "date": "1999-07-31",
        "symbol": "DDS",
        "reportedCurrency": "USD",
        "cik": "0000028917",
        "fillingDate": "1999-09-14",
        "acceptedDate": "1999-09-14 04:00:00",
        "calendarYear": "1999",
        "period": "Q2",
        "revenue": 1889791000,
        "costOfRevenue": 1223897000,
        "grossProfit": 665894000,
        "grossProfitRatio": 0.3523638328,
        "researchAndDevelopmentExpenses": 0,
        "generalAndAdministrativeExpenses": 0,
        "sellingAndMarketingExpenses": 0,
        "sellingGeneralAndAdministrativeExpenses": 539135000,
        "otherExpenses": 72300000,
        "operatingExpenses": 611435000,
        "costAndExpenses": 1835332000,
        "interestIncome": 0,
        "interestExpense": 0,
        "depreciationAndAmortization": 72324000,
        "ebitda": 126783000,
        "ebitdaratio": 0.0670883711,
        "operatingIncome": 54459000,
        "operatingIncomeRatio": 0.0288174724,
        "totalOtherIncomeExpensesNet": 3932000,
        "incomeBeforeTax": 58391000,
        "incomeBeforeTaxRatio": 0.0308981258,
        "incomeTaxExpense": 22200000,
        "netIncome": 36200000,
        "netIncomeRatio": 0.0191555574,
        "eps": 0.34,
        "epsdiluted": 0.34,
        "weightedAverageShsOut": 107186000,
        "weightedAverageShsOutDil": 107701000,
        "link": "https://www.sec.gov/Archives/edgar/data/28917/000002891799000004/0000028917-99-000004-index.htm",
        "finalLink": "https://www.sec.gov/Archives/edgar/data/28917/000002891799000004/"
    },
    {
        "date": "1999-05-01",
        "symbol": "DDS",
        "reportedCurrency": "USD",
        "cik": "0000028917",
        "fillingDate": "1999-06-15",
        "acceptedDate": "1999-06-15 04:00:00",
        "calendarYear": "1999",
        "period": "Q1",
        "revenue": 2120100000,
        "costOfRevenue": 1391900000,
        "grossProfit": 728200000,
        "grossProfitRatio": 0.3434743644,
        "researchAndDevelopmentExpenses": 0,
        "generalAndAdministrativeExpenses": 0,
        "sellingAndMarketingExpenses": 0,
        "sellingGeneralAndAdministrativeExpenses": 548500000,
        "otherExpenses": 73800000,
        "operatingExpenses": 622300000,
        "costAndExpenses": 2014200000,
        "interestIncome": 0,
        "interestExpense": 0,
        "depreciationAndAmortization": 73800000,
        "ebitda": 179700000,
        "ebitdaratio": 0.0847601528,
        "operatingIncome": 105900000,
        "operatingIncomeRatio": 0.049950474,
        "totalOtherIncomeExpensesNet": 2100000,
        "incomeBeforeTax": 108000000,
        "incomeBeforeTaxRatio": 0.0509409933,
        "incomeTaxExpense": 41000000,
        "netIncome": 67000000,
        "netIncomeRatio": 0.0316022829,
        "eps": 0.63,
        "epsdiluted": 0.63,
        "weightedAverageShsOut": 106349000,
        "weightedAverageShsOutDil": 106349000,
        "link": "https://www.sec.gov/Archives/edgar/data/28917/000002891799000003/0000028917-99-000003-index.htm",
        "finalLink": "https://www.sec.gov/Archives/edgar/data/28917/000002891799000003/"
    },
    {
        "date": "1999-01-31",
        "symbol": "DDS",
        "reportedCurrency": "USD",
        "cik": "0000028917",
        "fillingDate": "1999-04-30",
        "acceptedDate": "1999-04-30 04:00:00",
        "calendarYear": "1998",
        "period": "Q4",
        "revenue": 2588700000,
        "costOfRevenue": 1767800000,
        "grossProfit": 820900000,
        "grossProfitRatio": 0.3171089736,
        "researchAndDevelopmentExpenses": 0,
        "generalAndAdministrativeExpenses": 0,
        "sellingAndMarketingExpenses": 0,
        "sellingGeneralAndAdministrativeExpenses": 631200000,
        "otherExpenses": 63100000,
        "operatingExpenses": 694300000,
        "costAndExpenses": 2462100000,
        "interestIncome": 0,
        "interestExpense": 0,
        "depreciationAndAmortization": 63100000,
        "ebitda": 189700000,
        "ebitdaratio": 0.0732800247,
        "operatingIncome": 126600000,
        "operatingIncomeRatio": 0.0489048557,
        "totalOtherIncomeExpensesNet": -6200000,
        "incomeBeforeTax": 120400000,
        "incomeBeforeTaxRatio": 0.0465098312,
        "incomeTaxExpense": 46100000,
        "netIncome": 74300000,
        "netIncomeRatio": 0.0287016649,
        "eps": 0.69,
        "epsdiluted": 0.69,
        "weightedAverageShsOut": 107100000,
        "weightedAverageShsOutDil": 107100000,
        "link": "https://www.sec.gov/Archives/edgar/data/28917/000002891799000002/0000028917-99-000002-index.htm",
        "finalLink": "https://www.sec.gov/Archives/edgar/data/28917/000002891799000002/"
    },
    {
        "date": "1998-10-31",
        "symbol": "DDS",
        "reportedCurrency": "USD",
        "cik": "0000028917",
        "fillingDate": "1998-12-15",
        "acceptedDate": "1998-12-15 05:00:00",
        "calendarYear": "1998",
        "period": "Q3",
        "revenue": 2021300000,
        "costOfRevenue": 1368000000,
        "grossProfit": 653300000,
        "grossProfitRatio": 0.3232078365,
        "researchAndDevelopmentExpenses": 0,
        "generalAndAdministrativeExpenses": 0,
        "sellingAndMarketingExpenses": 0,
        "sellingGeneralAndAdministrativeExpenses": 660500000,
        "otherExpenses": 68800000,
        "operatingExpenses": 729300000,
        "costAndExpenses": 2097300000,
        "interestIncome": 0,
        "interestExpense": 0,
        "depreciationAndAmortization": 68800000,
        "ebitda": -7200000,
        "ebitdaratio": -0.003562064,
        "operatingIncome": -76000000,
        "operatingIncomeRatio": -0.0375995646,
        "totalOtherIncomeExpensesNet": -1700000,
        "incomeBeforeTax": -77700000,
        "incomeBeforeTaxRatio": -0.0384406075,
        "incomeTaxExpense": -27500000,
        "netIncome": -50200000,
        "netIncomeRatio": -0.0248355019,
        "eps": -0.47,
        "epsdiluted": -0.47,
        "weightedAverageShsOut": 106809000,
        "weightedAverageShsOutDil": 106809000,
        "link": "https://www.sec.gov/Archives/edgar/data/28917/000002891798000022/0000028917-98-000022-index.htm",
        "finalLink": "https://www.sec.gov/Archives/edgar/data/28917/000002891798000022/"
    },
    {
        "date": "1998-08-01",
        "symbol": "DDS",
        "reportedCurrency": "USD",
        "cik": "0000028917",
        "fillingDate": "1998-09-15",
        "acceptedDate": "1998-09-15 04:00:00",
        "calendarYear": "1998",
        "period": "Q2",
        "revenue": 1504500000,
        "costOfRevenue": 963500000,
        "grossProfit": 541000000,
        "grossProfitRatio": 0.359587903,
        "researchAndDevelopmentExpenses": 0,
        "generalAndAdministrativeExpenses": 0,
        "sellingAndMarketingExpenses": 0,
        "sellingGeneralAndAdministrativeExpenses": 412200000,
        "otherExpenses": 54900000,
        "operatingExpenses": 467100000,
        "costAndExpenses": 1430600000,
        "interestIncome": 0,
        "interestExpense": 0,
        "depreciationAndAmortization": 54900000,
        "ebitda": 128800000,
        "ebitdaratio": 0.0856098372,
        "operatingIncome": 73900000,
        "operatingIncomeRatio": 0.0491193087,
        "totalOtherIncomeExpensesNet": 2200000,
        "incomeBeforeTax": 76100000,
        "incomeBeforeTaxRatio": 0.0505815886,
        "incomeTaxExpense": 28200000,
        "netIncome": 47900000,
        "netIncomeRatio": 0.0318378199,
        "eps": 0.45,
        "epsdiluted": 0.45,
        "weightedAverageShsOut": 106444000,
        "weightedAverageShsOutDil": 106444000,
        "link": "https://www.sec.gov/Archives/edgar/data/28917/000002891798000016/0000028917-98-000016-index.htm",
        "finalLink": "https://www.sec.gov/Archives/edgar/data/28917/000002891798000016/"
    },
    {
        "date": "1998-05-02",
        "symbol": "DDS",
        "reportedCurrency": "USD",
        "cik": "0000028917",
        "fillingDate": "1998-06-16",
        "acceptedDate": "1998-06-16 04:00:00",
        "calendarYear": "1998",
        "period": "Q1",
        "revenue": 1682200000,
        "costOfRevenue": 1127000000,
        "grossProfit": 555200000,
        "grossProfitRatio": 0.33004399,
        "researchAndDevelopmentExpenses": 0,
        "generalAndAdministrativeExpenses": 0,
        "sellingAndMarketingExpenses": 0,
        "sellingGeneralAndAdministrativeExpenses": 414000000,
        "otherExpenses": 55100000,
        "operatingExpenses": 469100000,
        "costAndExpenses": 1596100000,
        "interestIncome": 0,
        "interestExpense": 0,
        "depreciationAndAmortization": 55100000,
        "ebitda": 141200000,
        "ebitdaratio": 0.0839377006,
        "operatingIncome": 86100000,
        "operatingIncomeRatio": 0.0511829747,
        "totalOtherIncomeExpensesNet": 13900000,
        "incomeBeforeTax": 100000000,
        "incomeBeforeTaxRatio": 0.0594459636,
        "incomeTaxExpense": 37000000,
        "netIncome": 63000000,
        "netIncomeRatio": 0.0374509571,
        "eps": 0.58,
        "epsdiluted": 0.58,
        "weightedAverageShsOut": 108621000,
        "weightedAverageShsOutDil": 108621000,
        "link": "https://www.sec.gov/Archives/edgar/data/28917/000002891798000007/0000028917-98-000007-index.htm",
        "finalLink": "https://www.sec.gov/Archives/edgar/data/28917/000002891798000007/"
    },
    {
        "date": "1998-01-31",
        "symbol": "DDS",
        "reportedCurrency": "USD",
        "cik": "0000028917",
        "fillingDate": "1998-04-24",
        "acceptedDate": "1998-04-24 04:00:00",
        "calendarYear": "1997",
        "period": "Q4",
        "revenue": 2071200000,
        "costOfRevenue": 1363300000,
        "grossProfit": 707900000,
        "grossProfitRatio": 0.3417825415,
        "researchAndDevelopmentExpenses": 0,
        "generalAndAdministrativeExpenses": 0,
        "sellingAndMarketingExpenses": 0,
        "sellingGeneralAndAdministrativeExpenses": 499600000,
        "otherExpenses": 43800000,
        "operatingExpenses": 543400000,
        "costAndExpenses": 1906700000,
        "interestIncome": 0,
        "interestExpense": 0,
        "depreciationAndAmortization": 43800000,
        "ebitda": 208300000,
        "ebitdaratio": 0.100569718,
        "operatingIncome": 164500000,
        "operatingIncomeRatio": 0.079422557,
        "totalOtherIncomeExpensesNet": 12300000,
        "incomeBeforeTax": 176800000,
        "incomeBeforeTaxRatio": 0.0853611433,
        "incomeTaxExpense": 65400000,
        "netIncome": 111400000,
        "netIncomeRatio": 0.0537852453,
        "eps": 0.99,
        "epsdiluted": 0.99,
        "weightedAverageShsOut": 111481000,
        "weightedAverageShsOutDil": 112100000,
        "link": "https://www.sec.gov/Archives/edgar/data/28917/000002891798000004/0000028917-98-000004-index.htm",
        "finalLink": "https://www.sec.gov/Archives/edgar/data/28917/000002891798000004/"
    },
    {
        "date": "1997-11-01",
        "symbol": "DDS",
        "reportedCurrency": "USD",
        "cik": "0000028917",
        "fillingDate": "1997-12-12",
        "acceptedDate": "1997-12-12 05:00:00",
        "calendarYear": "1997",
        "period": "Q3",
        "revenue": 1592100000,
        "costOfRevenue": 1066400000,
        "grossProfit": 525700000,
        "grossProfitRatio": 0.3301928271,
        "researchAndDevelopmentExpenses": 0,
        "generalAndAdministrativeExpenses": 0,
        "sellingAndMarketingExpenses": 0,
        "sellingGeneralAndAdministrativeExpenses": 415000000,
        "otherExpenses": 54300000,
        "operatingExpenses": 469300000,
        "costAndExpenses": 1535700000,
        "interestIncome": 0,
        "interestExpense": 0,
        "depreciationAndAmortization": 54300000,
        "ebitda": 110700000,
        "ebitdaratio": 0.0695308084,
        "operatingIncome": 56400000,
        "operatingIncomeRatio": 0.0354249105,
        "totalOtherIncomeExpensesNet": 13900000,
        "incomeBeforeTax": 70300000,
        "incomeBeforeTaxRatio": 0.0441555179,
        "incomeTaxExpense": 26000000,
        "netIncome": 44300000,
        "netIncomeRatio": 0.0278248854,
        "eps": 0.4,
        "epsdiluted": 0.4,
        "weightedAverageShsOut": 110750000,
        "weightedAverageShsOutDil": 110750000,
        "link": "https://www.sec.gov/Archives/edgar/data/28917/000002891797000009/0000028917-97-000009-index.htm",
        "finalLink": "https://www.sec.gov/Archives/edgar/data/28917/000002891797000009/"
    },
    {
        "date": "1997-08-02",
        "symbol": "DDS",
        "reportedCurrency": "USD",
        "cik": "0000028917",
        "fillingDate": "1997-09-12",
        "acceptedDate": "1997-09-12 04:00:00",
        "calendarYear": "1997",
        "period": "Q2",
        "revenue": 1453200000,
        "costOfRevenue": 956500000,
        "grossProfit": 496700000,
        "grossProfitRatio": 0.3417974126,
        "researchAndDevelopmentExpenses": 0,
        "generalAndAdministrativeExpenses": 0,
        "sellingAndMarketingExpenses": 0,
        "sellingGeneralAndAdministrativeExpenses": 387200000,
        "otherExpenses": 51800000,
        "operatingExpenses": 439000000,
        "costAndExpenses": 1395500000,
        "interestIncome": 0,
        "interestExpense": 0,
        "depreciationAndAmortization": 51800000,
        "ebitda": 109500000,
        "ebitdaratio": 0.0753509496,
        "operatingIncome": 57700000,
        "operatingIncomeRatio": 0.0397054776,
        "totalOtherIncomeExpensesNet": 12600000,
        "incomeBeforeTax": 70300000,
        "incomeBeforeTaxRatio": 0.0483759978,
        "incomeTaxExpense": 26000000,
        "netIncome": 44300000,
        "netIncomeRatio": 0.0304844481,
        "eps": 0.4,
        "epsdiluted": 0.4,
        "weightedAverageShsOut": 110750000,
        "weightedAverageShsOutDil": 110750000,
        "link": "https://www.sec.gov/Archives/edgar/data/28917/000002891797000008/0000028917-97-000008-index.htm",
        "finalLink": "https://www.sec.gov/Archives/edgar/data/28917/000002891797000008/"
    },
    {
        "date": "1997-05-03",
        "symbol": "DDS",
        "reportedCurrency": "USD",
        "cik": "0000028917",
        "fillingDate": "1997-06-06",
        "acceptedDate": "1997-06-06 04:00:00",
        "calendarYear": "1997",
        "period": "Q1",
        "revenue": 1515300000,
        "costOfRevenue": 1005500000,
        "grossProfit": 509800000,
        "grossProfitRatio": 0.3364350294,
        "researchAndDevelopmentExpenses": 0,
        "generalAndAdministrativeExpenses": 0,
        "sellingAndMarketingExpenses": 0,
        "sellingGeneralAndAdministrativeExpenses": 382600000,
        "otherExpenses": 51500000,
        "operatingExpenses": 434100000,
        "costAndExpenses": 1439600000,
        "interestIncome": 0,
        "interestExpense": 0,
        "depreciationAndAmortization": 51500000,
        "ebitda": 127200000,
        "ebitdaratio": 0.0839437735,
        "operatingIncome": 75700000,
        "operatingIncomeRatio": 0.0499571042,
        "totalOtherIncomeExpensesNet": 16800000,
        "incomeBeforeTax": 92500000,
        "incomeBeforeTaxRatio": 0.0610440177,
        "incomeTaxExpense": 34200000,
        "netIncome": 58300000,
        "netIncomeRatio": 0.0384742295,
        "eps": 0.52,
        "epsdiluted": 0.52,
        "weightedAverageShsOut": 112115000,
        "weightedAverageShsOutDil": 112115000,
        "link": "https://www.sec.gov/Archives/edgar/data/28917/000002891797000007/0000028917-97-000007-index.htm",
        "finalLink": "https://www.sec.gov/Archives/edgar/data/28917/000002891797000007/"
    },
    {
        "date": "1997-01-31",
        "symbol": "DDS",
        "reportedCurrency": "USD",
        "cik": "0000028917",
        "fillingDate": "1997-04-28",
        "acceptedDate": "1997-04-28 04:00:00",
        "calendarYear": "1996",
        "period": "Q4",
        "revenue": 1937400000,
        "costOfRevenue": 1291700000,
        "grossProfit": 645700000,
        "grossProfitRatio": 0.3332817178,
        "researchAndDevelopmentExpenses": 0,
        "generalAndAdministrativeExpenses": 0,
        "sellingAndMarketingExpenses": 0,
        "sellingGeneralAndAdministrativeExpenses": 439800000,
        "otherExpenses": 41000000,
        "operatingExpenses": 480800000,
        "costAndExpenses": 1772500000,
        "interestIncome": 0,
        "interestExpense": 0,
        "depreciationAndAmortization": 41000000,
        "ebitda": 205900000,
        "ebitdaratio": 0.106276453,
        "operatingIncome": 164900000,
        "operatingIncomeRatio": 0.0851140704,
        "totalOtherIncomeExpensesNet": 11400000,
        "incomeBeforeTax": 176300000,
        "incomeBeforeTaxRatio": 0.0909982451,
        "incomeTaxExpense": 65200000,
        "netIncome": 111100000,
        "netIncomeRatio": 0.0573448952,
        "eps": 0.97,
        "epsdiluted": 0.97,
        "weightedAverageShsOut": 114000000,
        "weightedAverageShsOutDil": 114000000,
        "link": "https://www.sec.gov/Archives/edgar/data/28917/000002891797000003/0000028917-97-000003-index.htm",
        "finalLink": "https://www.sec.gov/Archives/edgar/data/28917/000002891797000003/"
    },
    {
        "date": "1996-11-02",
        "symbol": "DDS",
        "reportedCurrency": "USD",
        "cik": "0000028917",
        "fillingDate": "1996-12-17",
        "acceptedDate": "1996-12-17 05:00:00",
        "calendarYear": "1996",
        "period": "Q3",
        "revenue": 1496600000,
        "costOfRevenue": 1004300000,
        "grossProfit": 492300000,
        "grossProfitRatio": 0.32894561,
        "researchAndDevelopmentExpenses": 0,
        "generalAndAdministrativeExpenses": 0,
        "sellingAndMarketingExpenses": 0,
        "sellingGeneralAndAdministrativeExpenses": 405100000,
        "otherExpenses": 53300000,
        "operatingExpenses": 458400000,
        "costAndExpenses": 1462700000,
        "interestIncome": 0,
        "interestExpense": 0,
        "depreciationAndAmortization": 52900000,
        "ebitda": 87200000,
        "ebitdaratio": 0.0582654016,
        "operatingIncome": 33900000,
        "operatingIncomeRatio": 0.022651343,
        "totalOtherIncomeExpensesNet": 16300000,
        "incomeBeforeTax": 50200000,
        "incomeBeforeTaxRatio": 0.0335426968,
        "incomeTaxExpense": 18600000,
        "netIncome": 31600000,
        "netIncomeRatio": 0.0211145263,
        "eps": 0.28,
        "epsdiluted": 0.28,
        "weightedAverageShsOut": 112857000,
        "weightedAverageShsOutDil": 112857000,
        "link": "https://www.sec.gov/Archives/edgar/data/28917/000002891796000012/0000028917-96-000012-index.htm",
        "finalLink": "https://www.sec.gov/Archives/edgar/data/28917/000002891796000012/"
    },
    {
        "date": "1996-08-03",
        "symbol": "DDS",
        "reportedCurrency": "USD",
        "cik": "0000028917",
        "fillingDate": "1996-09-13",
        "acceptedDate": "1996-09-13 04:00:00",
        "calendarYear": "1996",
        "period": "Q2",
        "revenue": 1340300000,
        "costOfRevenue": 871800000,
        "grossProfit": 468500000,
        "grossProfitRatio": 0.3495486085,
        "researchAndDevelopmentExpenses": 0,
        "generalAndAdministrativeExpenses": 0,
        "sellingAndMarketingExpenses": 0,
        "sellingGeneralAndAdministrativeExpenses": 360900000,
        "otherExpenses": 50200000,
        "operatingExpenses": 411100000,
        "costAndExpenses": 1282900000,
        "interestIncome": 0,
        "interestExpense": 0,
        "depreciationAndAmortization": 50600000,
        "ebitda": 108000000,
        "ebitdaratio": 0.0805789749,
        "operatingIncome": 57400000,
        "operatingIncomeRatio": 0.0428262329,
        "totalOtherIncomeExpensesNet": 5300000,
        "incomeBeforeTax": 62700000,
        "incomeBeforeTaxRatio": 0.0467805715,
        "incomeTaxExpense": 23200000,
        "netIncome": 39500000,
        "netIncomeRatio": 0.029471014,
        "eps": 0.35,
        "epsdiluted": 0.35,
        "weightedAverageShsOut": 112857000,
        "weightedAverageShsOutDil": 112857000,
        "link": "https://www.sec.gov/Archives/edgar/data/28917/000002891796000011/0000028917-96-000011-index.htm",
        "finalLink": "https://www.sec.gov/Archives/edgar/data/28917/000002891796000011/"
    },
    {
        "date": "1996-05-04",
        "symbol": "DDS",
        "reportedCurrency": "USD",
        "cik": "0000028917",
        "fillingDate": "1996-06-17",
        "acceptedDate": "1996-06-17 04:00:00",
        "calendarYear": "1996",
        "period": "Q1",
        "revenue": 1453300000,
        "costOfRevenue": 966600000,
        "grossProfit": 486700000,
        "grossProfitRatio": 0.3348930021,
        "researchAndDevelopmentExpenses": 0,
        "generalAndAdministrativeExpenses": 0,
        "sellingAndMarketingExpenses": 0,
        "sellingGeneralAndAdministrativeExpenses": 366400000,
        "otherExpenses": 50700000,
        "operatingExpenses": 417100000,
        "costAndExpenses": 1383700000,
        "interestIncome": 0,
        "interestExpense": 0,
        "depreciationAndAmortization": 50700000,
        "ebitda": 120300000,
        "ebitdaratio": 0.0827771279,
        "operatingIncome": 69600000,
        "operatingIncomeRatio": 0.0478910067,
        "totalOtherIncomeExpensesNet": 19900000,
        "incomeBeforeTax": 89500000,
        "incomeBeforeTaxRatio": 0.0615839813,
        "incomeTaxExpense": 33100000,
        "netIncome": 56400000,
        "netIncomeRatio": 0.0388082295,
        "eps": 0.5,
        "epsdiluted": 0.5,
        "weightedAverageShsOut": 112800000,
        "weightedAverageShsOutDil": 112800000,
        "link": "https://www.sec.gov/Archives/edgar/data/28917/000002891796000008/0000028917-96-000008-index.htm",
        "finalLink": "https://www.sec.gov/Archives/edgar/data/28917/000002891796000008/"
    },
    {
        "date": "1996-01-31",
        "symbol": "DDS",
        "reportedCurrency": "USD",
        "cik": "0000028917",
        "fillingDate": "1996-05-02",
        "acceptedDate": "1996-05-02 04:00:00",
        "calendarYear": "1995",
        "period": "Q4",
        "revenue": 1920600000,
        "costOfRevenue": 1295900000,
        "grossProfit": 624700000,
        "grossProfitRatio": 0.3252629387,
        "researchAndDevelopmentExpenses": 0,
        "generalAndAdministrativeExpenses": 0,
        "sellingAndMarketingExpenses": 0,
        "sellingGeneralAndAdministrativeExpenses": 418200000,
        "otherExpenses": 40500000,
        "operatingExpenses": 458700000,
        "costAndExpenses": 1754600000,
        "interestIncome": 0,
        "interestExpense": 0,
        "depreciationAndAmortization": 40500000,
        "ebitda": 206500000,
        "ebitdaratio": 0.1075184838,
        "operatingIncome": 166000000,
        "operatingIncomeRatio": 0.0864313235,
        "totalOtherIncomeExpensesNet": -118900000,
        "incomeBeforeTax": 47100000,
        "incomeBeforeTaxRatio": 0.0245235864,
        "incomeTaxExpense": 17900000,
        "netIncome": 29200000,
        "netIncomeRatio": 0.0152035822,
        "eps": 0.26,
        "epsdiluted": 0.26,
        "weightedAverageShsOut": 112548000,
        "weightedAverageShsOutDil": 113200000,
        "link": "https://www.sec.gov/Archives/edgar/data/28917/000002891796000005/0000028917-96-000005-index.htm",
        "finalLink": "https://www.sec.gov/Archives/edgar/data/28917/000002891796000005/"
    },
    {
        "date": "1995-10-28",
        "symbol": "DDS",
        "reportedCurrency": "USD",
        "cik": "0000028917",
        "fillingDate": "1995-12-11",
        "acceptedDate": "1995-12-11 05:00:00",
        "calendarYear": "1995",
        "period": "Q3",
        "revenue": 1405600000,
        "costOfRevenue": 926300000,
        "grossProfit": 479300000,
        "grossProfitRatio": 0.3409931702,
        "researchAndDevelopmentExpenses": 0,
        "generalAndAdministrativeExpenses": 0,
        "sellingAndMarketingExpenses": 0,
        "sellingGeneralAndAdministrativeExpenses": 359700000,
        "otherExpenses": 53800000,
        "operatingExpenses": 413500000,
        "costAndExpenses": 1339800000,
        "interestIncome": 0,
        "interestExpense": 0,
        "depreciationAndAmortization": 53900000,
        "ebitda": 119700000,
        "ebitdaratio": 0.0851593625,
        "operatingIncome": 65800000,
        "operatingIncomeRatio": 0.046812749,
        "totalOtherIncomeExpensesNet": 16500000,
        "incomeBeforeTax": 82300000,
        "incomeBeforeTaxRatio": 0.0585515083,
        "incomeTaxExpense": 31300000,
        "netIncome": 51000000,
        "netIncomeRatio": 0.0362834377,
        "eps": 0.45,
        "epsdiluted": 0.45,
        "weightedAverageShsOut": 113333000,
        "weightedAverageShsOutDil": 113333000,
        "link": "https://www.sec.gov/Archives/edgar/data/28917/000002891795000012/0000028917-95-000012-index.htm",
        "finalLink": "https://www.sec.gov/Archives/edgar/data/28917/000002891795000012/"
    },
    {
        "date": "1995-07-29",
        "symbol": "DDS",
        "reportedCurrency": "USD",
        "cik": "0000028917",
        "fillingDate": "1995-09-06",
        "acceptedDate": "1995-09-06 04:00:00",
        "calendarYear": "1995",
        "period": "Q2",
        "revenue": 1265100000,
        "costOfRevenue": 835800000,
        "grossProfit": 429300000,
        "grossProfitRatio": 0.3393407636,
        "researchAndDevelopmentExpenses": 0,
        "generalAndAdministrativeExpenses": 0,
        "sellingAndMarketingExpenses": 0,
        "sellingGeneralAndAdministrativeExpenses": 331000000,
        "otherExpenses": 50700000,
        "operatingExpenses": 381700000,
        "costAndExpenses": 1217500000,
        "interestIncome": 0,
        "interestExpense": 0,
        "depreciationAndAmortization": 50700000,
        "ebitda": 98300000,
        "ebitdaratio": 0.0777013675,
        "operatingIncome": 47600000,
        "operatingIncomeRatio": 0.0376254842,
        "totalOtherIncomeExpensesNet": 14700000,
        "incomeBeforeTax": 62300000,
        "incomeBeforeTaxRatio": 0.049245119,
        "incomeTaxExpense": 23700000,
        "netIncome": 38600000,
        "netIncomeRatio": 0.030511422,
        "eps": 0.34,
        "epsdiluted": 0.34,
        "weightedAverageShsOut": 113529000,
        "weightedAverageShsOutDil": 113529000,
        "link": "https://www.sec.gov/Archives/edgar/data/28917/000002891795000007/0000028917-95-000007-index.htm",
        "finalLink": "https://www.sec.gov/Archives/edgar/data/28917/000002891795000007/"
    },
    {
        "date": "1995-04-29",
        "symbol": "DDS",
        "reportedCurrency": "USD",
        "cik": "0000028917",
        "fillingDate": "1995-06-09",
        "acceptedDate": "1995-06-09 04:00:00",
        "calendarYear": "1995",
        "period": "Q1",
        "revenue": 1326800000,
        "costOfRevenue": 893100000,
        "grossProfit": 433700000,
        "grossProfitRatio": 0.3268766958,
        "researchAndDevelopmentExpenses": 0,
        "generalAndAdministrativeExpenses": 0,
        "sellingAndMarketingExpenses": 0,
        "sellingGeneralAndAdministrativeExpenses": 327500000,
        "otherExpenses": 48200000,
        "operatingExpenses": 375700000,
        "costAndExpenses": 1268800000,
        "interestIncome": 0,
        "interestExpense": 0,
        "depreciationAndAmortization": 48200000,
        "ebitda": 106200000,
        "ebitdaratio": 0.0800422068,
        "operatingIncome": 58000000,
        "operatingIncomeRatio": 0.0437141996,
        "totalOtherIncomeExpensesNet": 20100000,
        "incomeBeforeTax": 78100000,
        "incomeBeforeTaxRatio": 0.0588634308,
        "incomeTaxExpense": 29700000,
        "netIncome": 48400000,
        "netIncomeRatio": 0.0364787459,
        "eps": 0.43,
        "epsdiluted": 0.43,
        "weightedAverageShsOut": 112558000,
        "weightedAverageShsOutDil": 112558000,
        "link": "https://www.sec.gov/Archives/edgar/data/28917/000002891795000005/0000028917-95-000005-index.htm",
        "finalLink": "https://www.sec.gov/Archives/edgar/data/28917/000002891795000005/"
    },
    {
        "date": "1995-01-31",
        "symbol": "DDS",
        "reportedCurrency": "USD",
        "cik": "0000028917",
        "fillingDate": "1995-04-28",
        "acceptedDate": "1995-04-28 04:00:00",
        "calendarYear": "1994",
        "period": "Q4",
        "revenue": 1743900000,
        "costOfRevenue": 1146800000,
        "grossProfit": 597100000,
        "grossProfitRatio": 0.3423934859,
        "researchAndDevelopmentExpenses": 0,
        "generalAndAdministrativeExpenses": 0,
        "sellingAndMarketingExpenses": 0,
        "sellingGeneralAndAdministrativeExpenses": 371000000,
        "otherExpenses": 48000000,
        "operatingExpenses": 419000000,
        "costAndExpenses": 1565800000,
        "interestIncome": 0,
        "interestExpense": 0,
        "depreciationAndAmortization": 48000000,
        "ebitda": 226100000,
        "ebitdaratio": 0.1296519296,
        "operatingIncome": 178100000,
        "operatingIncomeRatio": 0.1021274156,
        "totalOtherIncomeExpensesNet": 13700000,
        "incomeBeforeTax": 191800000,
        "incomeBeforeTaxRatio": 0.1099833706,
        "incomeTaxExpense": 72900000,
        "netIncome": 118900000,
        "netIncomeRatio": 0.0681805149,
        "eps": 1.05,
        "epsdiluted": 1.05,
        "weightedAverageShsOut": 113000000,
        "weightedAverageShsOutDil": 113000000,
        "link": "https://www.sec.gov/Archives/edgar/data/28917/000002891795000002/0000028917-95-000002-index.htm",
        "finalLink": "https://www.sec.gov/Archives/edgar/data/28917/000002891795000002/"
    },
    {
        "date": "1994-10-29",
        "symbol": "DDS",
        "reportedCurrency": "USD",
        "cik": "0000028917",
        "fillingDate": "1994-12-08",
        "acceptedDate": "1994-12-08 05:00:00",
        "calendarYear": "1994",
        "period": "Q3",
        "revenue": 1333600000,
        "costOfRevenue": 866200000,
        "grossProfit": 467400000,
        "grossProfitRatio": 0.350479904,
        "researchAndDevelopmentExpenses": 0,
        "generalAndAdministrativeExpenses": 0,
        "sellingAndMarketingExpenses": 0,
        "sellingGeneralAndAdministrativeExpenses": 348500000,
        "otherExpenses": 51000000,
        "operatingExpenses": 399500000,
        "costAndExpenses": 1265700000,
        "interestIncome": 0,
        "interestExpense": 0,
        "depreciationAndAmortization": 51400000,
        "ebitda": 119300000,
        "ebitdaratio": 0.0894571086,
        "operatingIncome": 67900000,
        "operatingIncomeRatio": 0.050914817,
        "totalOtherIncomeExpensesNet": 14000000,
        "incomeBeforeTax": 81900000,
        "incomeBeforeTaxRatio": 0.0614127175,
        "incomeTaxExpense": 31100000,
        "netIncome": 50800000,
        "netIncomeRatio": 0.0380923815,
        "eps": 0.45,
        "epsdiluted": 0.45,
        "weightedAverageShsOut": 112889000,
        "weightedAverageShsOutDil": 112889000,
        "link": "https://www.sec.gov/Archives/edgar/data/28917/000002891794000011/0000028917-94-000011-index.htm",
        "finalLink": "https://www.sec.gov/Archives/edgar/data/28917/000002891794000011/"
    },
    {
        "date": "1994-07-30",
        "symbol": "DDS",
        "reportedCurrency": "USD",
        "cik": "0000028917",
        "fillingDate": "1994-09-12",
        "acceptedDate": "1994-09-12 04:00:00",
        "calendarYear": "1994",
        "period": "Q2",
        "revenue": 1184300000,
        "costOfRevenue": 774500000,
        "grossProfit": 409800000,
        "grossProfitRatio": 0.3460271891,
        "researchAndDevelopmentExpenses": 0,
        "generalAndAdministrativeExpenses": 0,
        "sellingAndMarketingExpenses": 0,
        "sellingGeneralAndAdministrativeExpenses": 309900000,
        "otherExpenses": 46300000,
        "operatingExpenses": 356200000,
        "costAndExpenses": 1130700000,
        "interestIncome": 0,
        "interestExpense": 0,
        "depreciationAndAmortization": 46400000,
        "ebitda": 100000000,
        "ebitdaratio": 0.0844380647,
        "operatingIncome": 53600000,
        "operatingIncomeRatio": 0.0452588027,
        "totalOtherIncomeExpensesNet": 900000,
        "incomeBeforeTax": 54500000,
        "incomeBeforeTaxRatio": 0.0460187453,
        "incomeTaxExpense": 20700000,
        "netIncome": 33800000,
        "netIncomeRatio": 0.0285400659,
        "eps": 0.3,
        "epsdiluted": 0.3,
        "weightedAverageShsOut": 112667000,
        "weightedAverageShsOutDil": 112667000,
        "link": "https://www.sec.gov/Archives/edgar/data/28917/000002891794000010/0000028917-94-000010-index.htm",
        "finalLink": "https://www.sec.gov/Archives/edgar/data/28917/000002891794000010/"
    },
    {
        "date": "1994-04-30",
        "symbol": "DDS",
        "reportedCurrency": "USD",
        "cik": "0000028917",
        "fillingDate": "1994-06-13",
        "acceptedDate": "1994-06-13 04:00:00",
        "calendarYear": "1994",
        "period": "Q1",
        "revenue": 1283900000,
        "costOfRevenue": 852700000,
        "grossProfit": 431200000,
        "grossProfitRatio": 0.3358517018,
        "researchAndDevelopmentExpenses": 0,
        "generalAndAdministrativeExpenses": 0,
        "sellingAndMarketingExpenses": 0,
        "sellingGeneralAndAdministrativeExpenses": 311200000,
        "otherExpenses": 46100000,
        "operatingExpenses": 357300000,
        "costAndExpenses": 1210000000,
        "interestIncome": 0,
        "interestExpense": 0,
        "depreciationAndAmortization": 46100000,
        "ebitda": 120000000,
        "ebitdaratio": 0.0934652231,
        "operatingIncome": 73900000,
        "operatingIncomeRatio": 0.0575589999,
        "totalOtherIncomeExpensesNet": 4000000,
        "incomeBeforeTax": 77900000,
        "incomeBeforeTaxRatio": 0.0606745074,
        "incomeTaxExpense": 29600000,
        "netIncome": 48300000,
        "netIncomeRatio": 0.0376197523,
        "eps": 0.43,
        "epsdiluted": 0.43,
        "weightedAverageShsOut": 112326000,
        "weightedAverageShsOutDil": 112326000,
        "link": "https://www.sec.gov/Archives/edgar/data/28917/000002891794000009/0000028917-94-000009-index.htm",
        "finalLink": "https://www.sec.gov/Archives/edgar/data/28917/000002891794000009/"
    },
    {
        "date": "1994-01-31",
        "symbol": "DDS",
        "reportedCurrency": "USD",
        "cik": "0000028917",
        "fillingDate": "1994-04-29",
        "acceptedDate": "1994-04-29 04:00:00",
        "calendarYear": "1993",
        "period": "Q4",
        "revenue": 1497200000,
        "costOfRevenue": 1056600000,
        "grossProfit": 440600000,
        "grossProfitRatio": 0.294282661,
        "researchAndDevelopmentExpenses": 0,
        "generalAndAdministrativeExpenses": 0,
        "sellingAndMarketingExpenses": 0,
        "sellingGeneralAndAdministrativeExpenses": 405600000,
        "otherExpenses": 43300000,
        "operatingExpenses": 448900000,
        "costAndExpenses": 1505500000,
        "interestIncome": 0,
        "interestExpense": 0,
        "depreciationAndAmortization": 43300000,
        "ebitda": 35000000,
        "ebitdaratio": 0.0233769703,
        "operatingIncome": -8300000,
        "operatingIncomeRatio": -0.0055436815,
        "totalOtherIncomeExpensesNet": 188500000,
        "incomeBeforeTax": 180200000,
        "incomeBeforeTaxRatio": 0.1203580016,
        "incomeTaxExpense": 68900000,
        "netIncome": 111300000,
        "netIncomeRatio": 0.0743387657,
        "eps": 1,
        "epsdiluted": 1,
        "weightedAverageShsOut": 111579000,
        "weightedAverageShsOutDil": 111579000,
        "link": "https://www.sec.gov/Archives/edgar/data/28917/000002891794000006/0000028917-94-000006-index.htm",
        "finalLink": "https://www.sec.gov/Archives/edgar/data/28917/000002891794000006/"
    },
    {
        "date": "1993-10-31",
        "symbol": "DDS",
        "reportedCurrency": "USD",
        "cik": "0000028917",
        "fillingDate": "1993-10-31",
        "acceptedDate": "1993-10-31 00:00:00",
        "calendarYear": "1993",
        "period": "Q3",
        "revenue": 1272600000,
        "costOfRevenue": 744200000,
        "grossProfit": 528400000,
        "grossProfitRatio": 0.4152129499,
        "researchAndDevelopmentExpenses": 0,
        "generalAndAdministrativeExpenses": 0,
        "sellingAndMarketingExpenses": 0,
        "sellingGeneralAndAdministrativeExpenses": 312800000,
        "otherExpenses": 88800000,
        "operatingExpenses": 401600000,
        "costAndExpenses": 1145800000,
        "interestIncome": 0,
        "interestExpense": 0,
        "depreciationAndAmortization": 47500000,
        "ebitda": 215600000,
        "ebitdaratio": 0.1694169417,
        "operatingIncome": 126800000,
        "operatingIncomeRatio": 0.0996385353,
        "totalOtherIncomeExpensesNet": -45900000,
        "incomeBeforeTax": 80900000,
        "incomeBeforeTaxRatio": 0.0635706428,
        "incomeTaxExpense": 38500000,
        "netIncome": 42400000,
        "netIncomeRatio": 0.0333176175,
        "eps": 0.38,
        "epsdiluted": 0.38,
        "weightedAverageShsOut": 111579000,
        "weightedAverageShsOutDil": 111579000,
        "link": "",
        "finalLink": ""
    },
    {
        "date": "1993-07-31",
        "symbol": "DDS",
        "reportedCurrency": "USD",
        "cik": "0000028917",
        "fillingDate": "1993-07-31",
        "acceptedDate": "1993-07-31 00:00:00",
        "calendarYear": "1993",
        "period": "Q2",
        "revenue": 1150200000,
        "costOfRevenue": 709500000,
        "grossProfit": 440700000,
        "grossProfitRatio": 0.3831507564,
        "researchAndDevelopmentExpenses": 0,
        "generalAndAdministrativeExpenses": 0,
        "sellingAndMarketingExpenses": 0,
        "sellingGeneralAndAdministrativeExpenses": 292000000,
        "otherExpenses": 40700000,
        "operatingExpenses": 332700000,
        "costAndExpenses": 1042200000,
        "interestIncome": 0,
        "interestExpense": 0,
        "depreciationAndAmortization": 40700000,
        "ebitda": 148700000,
        "ebitdaratio": 0.129281864,
        "operatingIncome": 108000000,
        "operatingIncomeRatio": 0.0938967136,
        "totalOtherIncomeExpensesNet": -45700000,
        "incomeBeforeTax": 62300000,
        "incomeBeforeTaxRatio": 0.0541644931,
        "incomeTaxExpense": 23100000,
        "netIncome": 39200000,
        "netIncomeRatio": 0.0340810294,
        "eps": 0.35,
        "epsdiluted": 0.35,
        "weightedAverageShsOut": 112000000,
        "weightedAverageShsOutDil": 112000000,
        "link": "",
        "finalLink": ""
    },
    {
        "date": "1993-04-30",
        "symbol": "DDS",
        "reportedCurrency": "USD",
        "cik": "0000028917",
        "fillingDate": "1993-04-30",
        "acceptedDate": "1993-04-30 00:00:00",
        "calendarYear": "1993",
        "period": "Q1",
        "revenue": 1163200000,
        "costOfRevenue": 753700000,
        "grossProfit": 409500000,
        "grossProfitRatio": 0.3520460798,
        "researchAndDevelopmentExpenses": 0,
        "generalAndAdministrativeExpenses": 0,
        "sellingAndMarketingExpenses": 0,
        "sellingGeneralAndAdministrativeExpenses": 306500000,
        "otherExpenses": 41300000,
        "operatingExpenses": 347800000,
        "costAndExpenses": 1101500000,
        "interestIncome": 0,
        "interestExpense": 0,
        "depreciationAndAmortization": 41300000,
        "ebitda": 103000000,
        "ebitdaratio": 0.0885488308,
        "operatingIncome": 61700000,
        "operatingIncomeRatio": 0.0530433287,
        "totalOtherIncomeExpensesNet": 14500000,
        "incomeBeforeTax": 76200000,
        "incomeBeforeTaxRatio": 0.0655089409,
        "incomeTaxExpense": 28000000,
        "netIncome": 48200000,
        "netIncomeRatio": 0.041437414,
        "eps": 0.43,
        "epsdiluted": 0.43,
        "weightedAverageShsOut": 112093000,
        "weightedAverageShsOutDil": 112093000,
        "link": "",
        "finalLink": ""
    },
    {
        "date": "1993-01-31",
        "symbol": "DDS",
        "reportedCurrency": "USD",
        "cik": "0000028917",
        "fillingDate": "1993-01-31",
        "acceptedDate": "1993-01-31 00:00:00",
        "calendarYear": "1992",
        "period": "Q4",
        "revenue": 1539900000,
        "costOfRevenue": 997000000,
        "grossProfit": 542900000,
        "grossProfitRatio": 0.3525553607,
        "researchAndDevelopmentExpenses": 0,
        "generalAndAdministrativeExpenses": 0,
        "sellingAndMarketingExpenses": 0,
        "sellingGeneralAndAdministrativeExpenses": 386500000,
        "otherExpenses": 28100000,
        "operatingExpenses": 414600000,
        "costAndExpenses": 1411600000,
        "interestIncome": 0,
        "interestExpense": 0,
        "depreciationAndAmortization": 28100000,
        "ebitda": 156400000,
        "ebitdaratio": 0.1015650367,
        "operatingIncome": 128300000,
        "operatingIncomeRatio": 0.0833170985,
        "totalOtherIncomeExpensesNet": 47000000,
        "incomeBeforeTax": 175300000,
        "incomeBeforeTaxRatio": 0.1138385609,
        "incomeTaxExpense": 64900000,
        "netIncome": 110400000,
        "netIncomeRatio": 0.0716929671,
        "eps": 0.99,
        "epsdiluted": 0.99,
        "weightedAverageShsOut": 110652000,
        "weightedAverageShsOutDil": 111000000,
        "link": "",
        "finalLink": ""
    },
    {
        "date": "1992-10-31",
        "symbol": "DDS",
        "reportedCurrency": "USD",
        "cik": "0000028917",
        "fillingDate": "1992-10-31",
        "acceptedDate": "1992-10-31 00:00:00",
        "calendarYear": "1992",
        "period": "Q3",
        "revenue": 1165300000,
        "costOfRevenue": 751000000,
        "grossProfit": 414300000,
        "grossProfitRatio": 0.3555307646,
        "researchAndDevelopmentExpenses": 0,
        "generalAndAdministrativeExpenses": 0,
        "sellingAndMarketingExpenses": 0,
        "sellingGeneralAndAdministrativeExpenses": 303000000,
        "otherExpenses": 40000000,
        "operatingExpenses": 343000000,
        "costAndExpenses": 1094000000,
        "interestIncome": 0,
        "interestExpense": 0,
        "depreciationAndAmortization": 39900000,
        "ebitda": 111300000,
        "ebitdaratio": 0.0955118854,
        "operatingIncome": 71300000,
        "operatingIncomeRatio": 0.0611859607,
        "totalOtherIncomeExpensesNet": -800000,
        "incomeBeforeTax": 70500000,
        "incomeBeforeTaxRatio": 0.0604994422,
        "incomeTaxExpense": 26100000,
        "netIncome": 44400000,
        "netIncomeRatio": 0.0381017764,
        "eps": 0.4,
        "epsdiluted": 0.4,
        "weightedAverageShsOut": 111000000,
        "weightedAverageShsOutDil": 111000000,
        "link": "",
        "finalLink": ""
    },
    {
        "date": "1992-07-31",
        "symbol": "DDS",
        "reportedCurrency": "USD",
        "cik": "0000028917",
        "fillingDate": "1992-07-31",
        "acceptedDate": "1992-07-31 00:00:00",
        "calendarYear": "1992",
        "period": "Q2",
        "revenue": 974900000,
        "costOfRevenue": 627100000,
        "grossProfit": 347800000,
        "grossProfitRatio": 0.3567545389,
        "researchAndDevelopmentExpenses": 0,
        "generalAndAdministrativeExpenses": 0,
        "sellingAndMarketingExpenses": 0,
        "sellingGeneralAndAdministrativeExpenses": 268200000,
        "otherExpenses": 33700000,
        "operatingExpenses": 301900000,
        "costAndExpenses": 929000000,
        "interestIncome": 0,
        "interestExpense": 0,
        "depreciationAndAmortization": 33800000,
        "ebitda": 79700000,
        "ebitdaratio": 0.0817519746,
        "operatingIncome": 45900000,
        "operatingIncomeRatio": 0.047081752,
        "totalOtherIncomeExpensesNet": 12000000,
        "incomeBeforeTax": 57900000,
        "incomeBeforeTaxRatio": 0.0593907067,
        "incomeTaxExpense": 21400000,
        "netIncome": 36500000,
        "netIncomeRatio": 0.0374397374,
        "eps": 0.33,
        "epsdiluted": 0.33,
        "weightedAverageShsOut": 110606000,
        "weightedAverageShsOutDil": 110606000,
        "link": "",
        "finalLink": ""
    },
    {
        "date": "1992-04-30",
        "symbol": "DDS",
        "reportedCurrency": "USD",
        "cik": "0000028917",
        "fillingDate": "1992-04-30",
        "acceptedDate": "1992-04-30 00:00:00",
        "calendarYear": "1992",
        "period": "Q1",
        "revenue": 1033900000,
        "costOfRevenue": 666900000,
        "grossProfit": 367000000,
        "grossProfitRatio": 0.3549666312,
        "researchAndDevelopmentExpenses": 0,
        "generalAndAdministrativeExpenses": 0,
        "sellingAndMarketingExpenses": 0,
        "sellingGeneralAndAdministrativeExpenses": 273400000,
        "otherExpenses": 35200000,
        "operatingExpenses": 308600000,
        "costAndExpenses": 975500000,
        "interestIncome": 0,
        "interestExpense": 0,
        "depreciationAndAmortization": 35200000,
        "ebitda": 93600000,
        "ebitdaratio": 0.0905309991,
        "operatingIncome": 58400000,
        "operatingIncomeRatio": 0.0564851533,
        "totalOtherIncomeExpensesNet": 13200000,
        "incomeBeforeTax": 71600000,
        "incomeBeforeTaxRatio": 0.0692523455,
        "incomeTaxExpense": 26500000,
        "netIncome": 45100000,
        "netIncomeRatio": 0.04362124,
        "eps": 0.4,
        "epsdiluted": 0.4,
        "weightedAverageShsOut": 112750000,
        "weightedAverageShsOutDil": 112750000,
        "link": "",
        "finalLink": ""
    },
    {
        "date": "1992-01-31",
        "symbol": "DDS",
        "reportedCurrency": "USD",
        "cik": "0000028917",
        "fillingDate": "1992-01-31",
        "acceptedDate": "1992-01-31 00:00:00",
        "calendarYear": "1991",
        "period": "Q4",
        "revenue": 1321600000,
        "costOfRevenue": 854600000,
        "grossProfit": 467000000,
        "grossProfitRatio": 0.3533595642,
        "researchAndDevelopmentExpenses": 0,
        "generalAndAdministrativeExpenses": 0,
        "sellingAndMarketingExpenses": 0,
        "sellingGeneralAndAdministrativeExpenses": 307200000,
        "otherExpenses": 23600000,
        "operatingExpenses": 330800000,
        "costAndExpenses": 1185400000,
        "interestIncome": 0,
        "interestExpense": 0,
        "depreciationAndAmortization": 23600000,
        "ebitda": 159800000,
        "ebitdaratio": 0.1209140436,
        "operatingIncome": 136200000,
        "operatingIncomeRatio": 0.1030569007,
        "totalOtherIncomeExpensesNet": 9700000,
        "incomeBeforeTax": 145900000,
        "incomeBeforeTaxRatio": 0.1103964891,
        "incomeTaxExpense": 52500000,
        "netIncome": 93400000,
        "netIncomeRatio": 0.0706719128,
        "eps": 0.84,
        "epsdiluted": 0.84,
        "weightedAverageShsOut": 111429000,
        "weightedAverageShsOutDil": 111429000,
        "link": "",
        "finalLink": ""
    },
    {
        "date": "1991-10-31",
        "symbol": "DDS",
        "reportedCurrency": "USD",
        "cik": "0000028917",
        "fillingDate": "1991-10-31",
        "acceptedDate": "1991-10-31 00:00:00",
        "calendarYear": "1991",
        "period": "Q3",
        "revenue": 954900000,
        "costOfRevenue": 592600000,
        "grossProfit": 362300000,
        "grossProfitRatio": 0.3794114567,
        "researchAndDevelopmentExpenses": 0,
        "generalAndAdministrativeExpenses": 0,
        "sellingAndMarketingExpenses": 0,
        "sellingGeneralAndAdministrativeExpenses": 277000000,
        "otherExpenses": 31600000,
        "operatingExpenses": 308600000,
        "costAndExpenses": 901200000,
        "interestIncome": 0,
        "interestExpense": 0,
        "depreciationAndAmortization": 31600000,
        "ebitda": 85300000,
        "ebitdaratio": 0.0893287255,
        "operatingIncome": 53700000,
        "operatingIncomeRatio": 0.0562362551,
        "totalOtherIncomeExpensesNet": 7300000,
        "incomeBeforeTax": 61000000,
        "incomeBeforeTaxRatio": 0.0638810347,
        "incomeTaxExpense": 22000000,
        "netIncome": 39000000,
        "netIncomeRatio": 0.040841973,
        "eps": 0.35,
        "epsdiluted": 0.35,
        "weightedAverageShsOut": 111429000,
        "weightedAverageShsOutDil": 111429000,
        "link": "",
        "finalLink": ""
    },
    {
        "date": "1991-07-31",
        "symbol": "DDS",
        "reportedCurrency": "USD",
        "cik": "0000028917",
        "fillingDate": "1991-07-31",
        "acceptedDate": "1991-07-31 00:00:00",
        "calendarYear": "1991",
        "period": "Q2",
        "revenue": 873900000,
        "costOfRevenue": 556000000,
        "grossProfit": 317900000,
        "grossProfitRatio": 0.3637715986,
        "researchAndDevelopmentExpenses": 0,
        "generalAndAdministrativeExpenses": 0,
        "sellingAndMarketingExpenses": 0,
        "sellingGeneralAndAdministrativeExpenses": 244800000,
        "otherExpenses": 28900000,
        "operatingExpenses": 273700000,
        "costAndExpenses": 829700000,
        "interestIncome": 0,
        "interestExpense": 0,
        "depreciationAndAmortization": 28800000,
        "ebitda": 73100000,
        "ebitdaratio": 0.0836480146,
        "operatingIncome": 44200000,
        "operatingIncomeRatio": 0.0505778693,
        "totalOtherIncomeExpensesNet": 11600000,
        "incomeBeforeTax": 55800000,
        "incomeBeforeTaxRatio": 0.0638516993,
        "incomeTaxExpense": 20100000,
        "netIncome": 35700000,
        "netIncomeRatio": 0.040851356,
        "eps": 0.32,
        "epsdiluted": 0.32,
        "weightedAverageShsOut": 111563000,
        "weightedAverageShsOutDil": 111563000,
        "link": "",
        "finalLink": ""
    },
    {
        "date": "1991-04-30",
        "symbol": "DDS",
        "reportedCurrency": "USD",
        "cik": "0000028917",
        "fillingDate": "1991-04-30",
        "acceptedDate": "1991-04-30 00:00:00",
        "calendarYear": "1991",
        "period": "Q1",
        "revenue": 886000000,
        "costOfRevenue": 561600000,
        "grossProfit": 324400000,
        "grossProfitRatio": 0.3661399549,
        "researchAndDevelopmentExpenses": 0,
        "generalAndAdministrativeExpenses": 0,
        "sellingAndMarketingExpenses": 0,
        "sellingGeneralAndAdministrativeExpenses": 245400000,
        "otherExpenses": 29800000,
        "operatingExpenses": 275200000,
        "costAndExpenses": 836800000,
        "interestIncome": 0,
        "interestExpense": 0,
        "depreciationAndAmortization": 29800000,
        "ebitda": 79000000,
        "ebitdaratio": 0.0891647856,
        "operatingIncome": 49200000,
        "operatingIncomeRatio": 0.055530474,
        "totalOtherIncomeExpensesNet": 10300000,
        "incomeBeforeTax": 59500000,
        "incomeBeforeTaxRatio": 0.0671557562,
        "incomeTaxExpense": 21400000,
        "netIncome": 38100000,
        "netIncomeRatio": 0.0430022573,
        "eps": 0.34,
        "epsdiluted": 0.34,
        "weightedAverageShsOut": 112059000,
        "weightedAverageShsOutDil": 112059000,
        "link": "",
        "finalLink": ""
    },
    {
        "date": "1991-01-31",
        "symbol": "DDS",
        "reportedCurrency": "USD",
        "cik": "0000028917",
        "fillingDate": "1991-01-31",
        "acceptedDate": "1991-01-31 00:00:00",
        "calendarYear": "1990",
        "period": "Q4",
        "revenue": 1215100000,
        "costOfRevenue": 787900000,
        "grossProfit": 427200000,
        "grossProfitRatio": 0.351576002,
        "researchAndDevelopmentExpenses": 0,
        "generalAndAdministrativeExpenses": 0,
        "sellingAndMarketingExpenses": 0,
        "sellingGeneralAndAdministrativeExpenses": 275400000,
        "otherExpenses": 22200000,
        "operatingExpenses": 297600000,
        "costAndExpenses": 1085500000,
        "interestIncome": 0,
        "interestExpense": 0,
        "depreciationAndAmortization": 22200000,
        "ebitda": 151800000,
        "ebitdaratio": 0.1249279895,
        "operatingIncome": 129600000,
        "operatingIncomeRatio": 0.1066578882,
        "totalOtherIncomeExpensesNet": 9800000,
        "incomeBeforeTax": 139400000,
        "incomeBeforeTaxRatio": 0.1147230681,
        "incomeTaxExpense": 47100000,
        "netIncome": 92300000,
        "netIncomeRatio": 0.0759608263,
        "eps": 0.83,
        "epsdiluted": 0.83,
        "weightedAverageShsOut": 110736000,
        "weightedAverageShsOutDil": 111724000,
        "link": "",
        "finalLink": ""
    },
    {
        "date": "1990-10-31",
        "symbol": "DDS",
        "reportedCurrency": "USD",
        "cik": "0000028917",
        "fillingDate": "1990-10-31",
        "acceptedDate": "1990-10-31 00:00:00",
        "calendarYear": "1990",
        "period": "Q3",
        "revenue": 873500000,
        "costOfRevenue": 547300000,
        "grossProfit": 326200000,
        "grossProfitRatio": 0.3734401832,
        "researchAndDevelopmentExpenses": 0,
        "generalAndAdministrativeExpenses": 0,
        "sellingAndMarketingExpenses": 0,
        "sellingGeneralAndAdministrativeExpenses": 255100000,
        "otherExpenses": 27400000,
        "operatingExpenses": 282500000,
        "costAndExpenses": 829800000,
        "interestIncome": 0,
        "interestExpense": 0,
        "depreciationAndAmortization": 27400000,
        "ebitda": 71100000,
        "ebitdaratio": 0.08139668,
        "operatingIncome": 43700000,
        "operatingIncomeRatio": 0.0500286205,
        "totalOtherIncomeExpensesNet": 6900000,
        "incomeBeforeTax": 50600000,
        "incomeBeforeTaxRatio": 0.0579278764,
        "incomeTaxExpense": 18200000,
        "netIncome": 32400000,
        "netIncomeRatio": 0.037092158,
        "eps": 0.29,
        "epsdiluted": 0.29,
        "weightedAverageShsOut": 111724000,
        "weightedAverageShsOutDil": 111724000,
        "link": "",
        "finalLink": ""
    },
    {
        "date": "1990-07-31",
        "symbol": "DDS",
        "reportedCurrency": "USD",
        "cik": "0000028917",
        "fillingDate": "1990-07-31",
        "acceptedDate": "1990-07-31 00:00:00",
        "calendarYear": "1990",
        "period": "Q2",
        "revenue": 774600000,
        "costOfRevenue": 487900000,
        "grossProfit": 286700000,
        "grossProfitRatio": 0.3701265169,
        "researchAndDevelopmentExpenses": 0,
        "generalAndAdministrativeExpenses": 0,
        "sellingAndMarketingExpenses": 0,
        "sellingGeneralAndAdministrativeExpenses": 225500000,
        "otherExpenses": 24500000,
        "operatingExpenses": 250000000,
        "costAndExpenses": 737900000,
        "interestIncome": 0,
        "interestExpense": 0,
        "depreciationAndAmortization": 24500000,
        "ebitda": 61200000,
        "ebitdaratio": 0.0790085205,
        "operatingIncome": 36700000,
        "operatingIncomeRatio": 0.0473792925,
        "totalOtherIncomeExpensesNet": 8200000,
        "incomeBeforeTax": 44900000,
        "incomeBeforeTaxRatio": 0.0579654015,
        "incomeTaxExpense": 16200000,
        "netIncome": 28700000,
        "netIncomeRatio": 0.0370513814,
        "eps": 0.27,
        "epsdiluted": 0.27,
        "weightedAverageShsOut": 106296000,
        "weightedAverageShsOutDil": 106296000,
        "link": "",
        "finalLink": ""
    },
    {
        "date": "1990-04-30",
        "symbol": "DDS",
        "reportedCurrency": "USD",
        "cik": "0000028917",
        "fillingDate": "1990-04-30",
        "acceptedDate": "1990-04-30 00:00:00",
        "calendarYear": "1990",
        "period": "Q1",
        "revenue": 742400000,
        "costOfRevenue": 464000000,
        "grossProfit": 278400000,
        "grossProfitRatio": 0.375,
        "researchAndDevelopmentExpenses": 0,
        "generalAndAdministrativeExpenses": 0,
        "sellingAndMarketingExpenses": 0,
        "sellingGeneralAndAdministrativeExpenses": 213600000,
        "otherExpenses": 25400000,
        "operatingExpenses": 239000000,
        "costAndExpenses": 703000000,
        "interestIncome": 0,
        "interestExpense": 0,
        "depreciationAndAmortization": 25400000,
        "ebitda": 64800000,
        "ebitdaratio": 0.0872844828,
        "operatingIncome": 39400000,
        "operatingIncomeRatio": 0.0530711207,
        "totalOtherIncomeExpensesNet": 6500000,
        "incomeBeforeTax": 45900000,
        "incomeBeforeTaxRatio": 0.0618265086,
        "incomeTaxExpense": 16500000,
        "netIncome": 29400000,
        "netIncomeRatio": 0.0396012931,
        "eps": 0.27,
        "epsdiluted": 0.27,
        "weightedAverageShsOut": 108889000,
        "weightedAverageShsOutDil": 108889000,
        "link": "",
        "finalLink": ""
    },
    {
        "date": "1990-01-31",
        "symbol": "DDS",
        "reportedCurrency": "USD",
        "cik": "0000028917",
        "fillingDate": "1990-01-31",
        "acceptedDate": "1990-01-31 00:00:00",
        "calendarYear": "1989",
        "period": "Q4",
        "revenue": 1094700000,
        "costOfRevenue": 699800000,
        "grossProfit": 394900000,
        "grossProfitRatio": 0.3607381018,
        "researchAndDevelopmentExpenses": 0,
        "generalAndAdministrativeExpenses": 0,
        "sellingAndMarketingExpenses": 0,
        "sellingGeneralAndAdministrativeExpenses": 281600000,
        "otherExpenses": 20100000,
        "operatingExpenses": 301700000,
        "costAndExpenses": 1001500000,
        "interestIncome": 0,
        "interestExpense": 0,
        "depreciationAndAmortization": 20100000,
        "ebitda": 113300000,
        "ebitdaratio": 0.1034986754,
        "operatingIncome": 93200000,
        "operatingIncomeRatio": 0.0851374806,
        "totalOtherIncomeExpensesNet": 36800000,
        "incomeBeforeTax": 130000000,
        "incomeBeforeTaxRatio": 0.1187539965,
        "incomeTaxExpense": 44500000,
        "netIncome": 85500000,
        "netIncomeRatio": 0.07810359,
        "eps": 0.81,
        "epsdiluted": 0.81,
        "weightedAverageShsOut": 105217000,
        "weightedAverageShsOutDil": 105217000,
        "link": "",
        "finalLink": ""
    },
    {
        "date": "1989-10-31",
        "symbol": "DDS",
        "reportedCurrency": "USD",
        "cik": "0000028917",
        "fillingDate": "1989-10-31",
        "acceptedDate": "1989-10-31 00:00:00",
        "calendarYear": "1989",
        "period": "Q3",
        "revenue": 727200000,
        "costOfRevenue": 454000000,
        "grossProfit": 273200000,
        "grossProfitRatio": 0.3756875688,
        "researchAndDevelopmentExpenses": 0,
        "generalAndAdministrativeExpenses": 0,
        "sellingAndMarketingExpenses": 0,
        "sellingGeneralAndAdministrativeExpenses": 205400000,
        "otherExpenses": 23500000,
        "operatingExpenses": 228900000,
        "costAndExpenses": 682900000,
        "interestIncome": 0,
        "interestExpense": 0,
        "depreciationAndAmortization": 23700000,
        "ebitda": 68000000,
        "ebitdaratio": 0.0935093509,
        "operatingIncome": 44300000,
        "operatingIncomeRatio": 0.0609185919,
        "totalOtherIncomeExpensesNet": -6400000,
        "incomeBeforeTax": 37900000,
        "incomeBeforeTaxRatio": 0.0521177118,
        "incomeTaxExpense": 13700000,
        "netIncome": 24200000,
        "netIncomeRatio": 0.0332783278,
        "eps": 0.23,
        "epsdiluted": 0.23,
        "weightedAverageShsOut": 105217000,
        "weightedAverageShsOutDil": 105217000,
        "link": "",
        "finalLink": ""
    },
    {
        "date": "1989-07-31",
        "symbol": "DDS",
        "reportedCurrency": "USD",
        "cik": "0000028917",
        "fillingDate": "1989-07-31",
        "acceptedDate": "1989-07-31 00:00:00",
        "calendarYear": "1989",
        "period": "Q2",
        "revenue": 629200000,
        "costOfRevenue": 396400000,
        "grossProfit": 232800000,
        "grossProfitRatio": 0.3699936427,
        "researchAndDevelopmentExpenses": 0,
        "generalAndAdministrativeExpenses": 0,
        "sellingAndMarketingExpenses": 0,
        "sellingGeneralAndAdministrativeExpenses": 175000000,
        "otherExpenses": 21000000,
        "operatingExpenses": 196000000,
        "costAndExpenses": 592400000,
        "interestIncome": 0,
        "interestExpense": 0,
        "depreciationAndAmortization": 21000000,
        "ebitda": 57800000,
        "ebitdaratio": 0.0918626828,
        "operatingIncome": 36800000,
        "operatingIncomeRatio": 0.0584869676,
        "totalOtherIncomeExpensesNet": -7400000,
        "incomeBeforeTax": 29400000,
        "incomeBeforeTaxRatio": 0.0467260013,
        "incomeTaxExpense": 10600000,
        "netIncome": 18800000,
        "netIncomeRatio": 0.0298792117,
        "eps": 0.19,
        "epsdiluted": 0.19,
        "weightedAverageShsOut": 98947000,
        "weightedAverageShsOutDil": 98947000,
        "link": "",
        "finalLink": ""
    },
    {
        "date": "1989-04-30",
        "symbol": "DDS",
        "reportedCurrency": "USD",
        "cik": "0000028917",
        "fillingDate": "1989-04-30",
        "acceptedDate": "1989-04-30 00:00:00",
        "calendarYear": "1989",
        "period": "Q1",
        "revenue": 598100000,
        "costOfRevenue": 376200000,
        "grossProfit": 221900000,
        "grossProfitRatio": 0.3710081926,
        "researchAndDevelopmentExpenses": 0,
        "generalAndAdministrativeExpenses": 0,
        "sellingAndMarketingExpenses": 0,
        "sellingGeneralAndAdministrativeExpenses": 165100000,
        "otherExpenses": 21600000,
        "operatingExpenses": 186700000,
        "costAndExpenses": 562900000,
        "interestIncome": 0,
        "interestExpense": 0,
        "depreciationAndAmortization": 21600000,
        "ebitda": 56800000,
        "ebitdaratio": 0.0949673968,
        "operatingIncome": 35200000,
        "operatingIncomeRatio": 0.0588530346,
        "totalOtherIncomeExpensesNet": -4600000,
        "incomeBeforeTax": 30600000,
        "incomeBeforeTaxRatio": 0.051162013,
        "incomeTaxExpense": 11000000,
        "netIncome": 19600000,
        "netIncomeRatio": 0.0327704397,
        "eps": 0.2,
        "epsdiluted": 0.2,
        "weightedAverageShsOut": 98000000,
        "weightedAverageShsOutDil": 98000000,
        "link": "",
        "finalLink": ""
    },
    {
        "date": "1989-01-31",
        "symbol": "DDS",
        "reportedCurrency": "USD",
        "cik": "0000028917",
        "fillingDate": "1989-01-31",
        "acceptedDate": "1989-01-30 19:00:00",
        "calendarYear": "1988",
        "period": "Q4",
        "revenue": 882000000,
        "costOfRevenue": 0,
        "grossProfit": 882000000,
        "grossProfitRatio": 1,
        "researchAndDevelopmentExpenses": 0,
        "generalAndAdministrativeExpenses": 0,
        "sellingAndMarketingExpenses": 0,
        "sellingGeneralAndAdministrativeExpenses": 0,
        "otherExpenses": 2401900000,
        "operatingExpenses": 2401900000,
        "costAndExpenses": 2401900000,
        "interestIncome": 0,
        "interestExpense": 0,
        "depreciationAndAmortization": 0,
        "ebitda": -1519900000,
        "ebitdaratio": -1.7232426304,
        "operatingIncome": -1519900000,
        "operatingIncomeRatio": -1.7232426304,
        "totalOtherIncomeExpensesNet": 0,
        "incomeBeforeTax": -1519900000,
        "incomeBeforeTaxRatio": -1.7232426304,
        "incomeTaxExpense": 0,
        "netIncome": 65600000,
        "netIncomeRatio": 0.0743764172,
        "eps": 0.68,
        "epsdiluted": 0.68,
        "weightedAverageShsOut": 96535000,
        "weightedAverageShsOutDil": 96745000,
        "link": "",
        "finalLink": ""
    },
    {
        "date": "1988-10-31",
        "symbol": "DDS",
        "reportedCurrency": "USD",
        "cik": "0000028917",
        "fillingDate": "1988-10-31",
        "acceptedDate": "1988-10-30 19:00:00",
        "calendarYear": "1988",
        "period": "Q3",
        "revenue": 606200000,
        "costOfRevenue": 0,
        "grossProfit": 606200000,
        "grossProfitRatio": 1,
        "researchAndDevelopmentExpenses": 0,
        "generalAndAdministrativeExpenses": 0,
        "sellingAndMarketingExpenses": 0,
        "sellingGeneralAndAdministrativeExpenses": 0,
        "otherExpenses": 0,
        "operatingExpenses": 0,
        "costAndExpenses": 0,
        "interestIncome": 0,
        "interestExpense": 0,
        "depreciationAndAmortization": 0,
        "ebitda": 606200000,
        "ebitdaratio": 1,
        "operatingIncome": 606200000,
        "operatingIncomeRatio": 1,
        "totalOtherIncomeExpensesNet": 0,
        "incomeBeforeTax": 606200000,
        "incomeBeforeTaxRatio": 1,
        "incomeTaxExpense": 0,
        "netIncome": 17400000,
        "netIncomeRatio": 0.0287033982,
        "eps": 0.18,
        "epsdiluted": 0.18,
        "weightedAverageShsOut": 96745000,
        "weightedAverageShsOutDil": 96745000,
        "link": "",
        "finalLink": ""
    },
    {
        "date": "1988-07-31",
        "symbol": "DDS",
        "reportedCurrency": "USD",
        "cik": "0000028917",
        "fillingDate": "1988-07-31",
        "acceptedDate": "1988-07-30 20:00:00",
        "calendarYear": "1988",
        "period": "Q2",
        "revenue": 552800000,
        "costOfRevenue": 0,
        "grossProfit": 552800000,
        "grossProfitRatio": 1,
        "researchAndDevelopmentExpenses": 0,
        "generalAndAdministrativeExpenses": 0,
        "sellingAndMarketingExpenses": 0,
        "sellingGeneralAndAdministrativeExpenses": 0,
        "otherExpenses": 0,
        "operatingExpenses": 0,
        "costAndExpenses": 0,
        "interestIncome": 0,
        "interestExpense": 0,
        "depreciationAndAmortization": 0,
        "ebitda": 552800000,
        "ebitdaratio": 1,
        "operatingIncome": 552800000,
        "operatingIncomeRatio": 1,
        "totalOtherIncomeExpensesNet": 0,
        "incomeBeforeTax": 552800000,
        "incomeBeforeTaxRatio": 1,
        "incomeTaxExpense": 0,
        "netIncome": 14800000,
        "netIncomeRatio": 0.0267727931,
        "eps": 0.15,
        "epsdiluted": 0.15,
        "weightedAverageShsOut": 96730000,
        "weightedAverageShsOutDil": 96730000,
        "link": "",
        "finalLink": ""
    },
    {
        "date": "1988-04-30",
        "symbol": "DDS",
        "reportedCurrency": "USD",
        "cik": "0000028917",
        "fillingDate": "1988-04-30",
        "acceptedDate": "1988-04-29 20:00:00",
        "calendarYear": "1988",
        "period": "Q1",
        "revenue": 517400000,
        "costOfRevenue": 0,
        "grossProfit": 517400000,
        "grossProfitRatio": 1,
        "researchAndDevelopmentExpenses": 0,
        "generalAndAdministrativeExpenses": 0,
        "sellingAndMarketingExpenses": 0,
        "sellingGeneralAndAdministrativeExpenses": 0,
        "otherExpenses": 0,
        "operatingExpenses": 0,
        "costAndExpenses": 0,
        "interestIncome": 0,
        "interestExpense": 0,
        "depreciationAndAmortization": 0,
        "ebitda": 517400000,
        "ebitdaratio": 1,
        "operatingIncome": 517400000,
        "operatingIncomeRatio": 1,
        "totalOtherIncomeExpensesNet": 0,
        "incomeBeforeTax": 517400000,
        "incomeBeforeTaxRatio": 1,
        "incomeTaxExpense": 0,
        "netIncome": 16000000,
        "netIncomeRatio": 0.03092385,
        "eps": 0.17,
        "epsdiluted": 0.17,
        "weightedAverageShsOut": 96703000,
        "weightedAverageShsOutDil": 96703000,
        "link": "",
        "finalLink": ""
    },
    {
        "date": "1988-01-31",
        "symbol": "DDS",
        "reportedCurrency": "USD",
        "cik": "0000028917",
        "fillingDate": "1988-01-31",
        "acceptedDate": "1988-01-30 19:00:00",
        "calendarYear": "1987",
        "period": "Q4",
        "revenue": 778400000,
        "costOfRevenue": 0,
        "grossProfit": 778400000,
        "grossProfitRatio": 1,
        "researchAndDevelopmentExpenses": 0,
        "generalAndAdministrativeExpenses": 0,
        "sellingAndMarketingExpenses": 0,
        "sellingGeneralAndAdministrativeExpenses": 0,
        "otherExpenses": 2071200000,
        "operatingExpenses": 2071200000,
        "costAndExpenses": 2071200000,
        "interestIncome": 0,
        "interestExpense": 0,
        "depreciationAndAmortization": 0,
        "ebitda": -1292800000,
        "ebitdaratio": -1.6608427544,
        "operatingIncome": -1292800000,
        "operatingIncomeRatio": -1.6608427544,
        "totalOtherIncomeExpensesNet": 0,
        "incomeBeforeTax": -1292800000,
        "incomeBeforeTaxRatio": -1.6608427544,
        "incomeTaxExpense": 0,
        "netIncome": 49700000,
        "netIncomeRatio": 0.0638489209,
        "eps": 0.51,
        "epsdiluted": 0.51,
        "weightedAverageShsOut": 96520000,
        "weightedAverageShsOutDil": 96520000,
        "link": "",
        "finalLink": ""
    },
    {
        "date": "1987-10-31",
        "symbol": "DDS",
        "reportedCurrency": "USD",
        "cik": "0000028917",
        "fillingDate": "1987-10-31",
        "acceptedDate": "1987-10-30 19:00:00",
        "calendarYear": "1987",
        "period": "Q3",
        "revenue": 535900000,
        "costOfRevenue": 0,
        "grossProfit": 535900000,
        "grossProfitRatio": 1,
        "researchAndDevelopmentExpenses": 0,
        "generalAndAdministrativeExpenses": 0,
        "sellingAndMarketingExpenses": 0,
        "sellingGeneralAndAdministrativeExpenses": 0,
        "otherExpenses": 0,
        "operatingExpenses": 0,
        "costAndExpenses": 0,
        "interestIncome": 0,
        "interestExpense": 0,
        "depreciationAndAmortization": 0,
        "ebitda": 535900000,
        "ebitdaratio": 1,
        "operatingIncome": 535900000,
        "operatingIncomeRatio": 1,
        "totalOtherIncomeExpensesNet": 0,
        "incomeBeforeTax": 535900000,
        "incomeBeforeTaxRatio": 1,
        "incomeTaxExpense": 0,
        "netIncome": 14600000,
        "netIncomeRatio": 0.0272438888,
        "eps": 0.15,
        "epsdiluted": 0.15,
        "weightedAverageShsOut": 96520000,
        "weightedAverageShsOutDil": 96520000,
        "link": "",
        "finalLink": ""
    },
    {
        "date": "1987-07-31",
        "symbol": "DDS",
        "reportedCurrency": "USD",
        "cik": "0000028917",
        "fillingDate": "1987-07-31",
        "acceptedDate": "1987-07-30 20:00:00",
        "calendarYear": "1987",
        "period": "Q2",
        "revenue": 475300000,
        "costOfRevenue": 0,
        "grossProfit": 475300000,
        "grossProfitRatio": 1,
        "researchAndDevelopmentExpenses": 0,
        "generalAndAdministrativeExpenses": 0,
        "sellingAndMarketingExpenses": 0,
        "sellingGeneralAndAdministrativeExpenses": 0,
        "otherExpenses": 0,
        "operatingExpenses": 0,
        "costAndExpenses": 0,
        "interestIncome": 0,
        "interestExpense": 0,
        "depreciationAndAmortization": 0,
        "ebitda": 475300000,
        "ebitdaratio": 1,
        "operatingIncome": 475300000,
        "operatingIncomeRatio": 1,
        "totalOtherIncomeExpensesNet": 0,
        "incomeBeforeTax": 475300000,
        "incomeBeforeTaxRatio": 1,
        "incomeTaxExpense": 0,
        "netIncome": 12400000,
        "netIncomeRatio": 0.026088786,
        "eps": 0.13,
        "epsdiluted": 0.13,
        "weightedAverageShsOut": 96511000,
        "weightedAverageShsOutDil": 96511000,
        "link": "",
        "finalLink": ""
    },
    {
        "date": "1987-04-30",
        "symbol": "DDS",
        "reportedCurrency": "USD",
        "cik": "0000028917",
        "fillingDate": "1987-04-30",
        "acceptedDate": "1987-04-29 20:00:00",
        "calendarYear": "1987",
        "period": "Q1",
        "revenue": 416700000,
        "costOfRevenue": 0,
        "grossProfit": 416700000,
        "grossProfitRatio": 1,
        "researchAndDevelopmentExpenses": 0,
        "generalAndAdministrativeExpenses": 0,
        "sellingAndMarketingExpenses": 0,
        "sellingGeneralAndAdministrativeExpenses": 0,
        "otherExpenses": 0,
        "operatingExpenses": 0,
        "costAndExpenses": 0,
        "interestIncome": 0,
        "interestExpense": 0,
        "depreciationAndAmortization": 0,
        "ebitda": 416700000,
        "ebitdaratio": 1,
        "operatingIncome": 416700000,
        "operatingIncomeRatio": 1,
        "totalOtherIncomeExpensesNet": 0,
        "incomeBeforeTax": 416700000,
        "incomeBeforeTaxRatio": 1,
        "incomeTaxExpense": 0,
        "netIncome": 14500000,
        "netIncomeRatio": 0.0347972162,
        "eps": 0.15,
        "epsdiluted": 0.15,
        "weightedAverageShsOut": 96348000,
        "weightedAverageShsOutDil": 96348000,
        "link": "",
        "finalLink": ""
    },
    {
        "date": "1987-01-31",
        "symbol": "DDS",
        "reportedCurrency": "USD",
        "cik": "0000028917",
        "fillingDate": "1987-01-31",
        "acceptedDate": "1987-01-30 19:00:00",
        "calendarYear": "1986",
        "period": "Q4",
        "revenue": 629000000,
        "costOfRevenue": 0,
        "grossProfit": 629000000,
        "grossProfitRatio": 1,
        "researchAndDevelopmentExpenses": 0,
        "generalAndAdministrativeExpenses": 0,
        "sellingAndMarketingExpenses": 0,
        "sellingGeneralAndAdministrativeExpenses": 0,
        "otherExpenses": 1743300000,
        "operatingExpenses": 1743300000,
        "costAndExpenses": 1743300000,
        "interestIncome": 0,
        "interestExpense": 0,
        "depreciationAndAmortization": 0,
        "ebitda": -1114300000,
        "ebitdaratio": -1.7715421304,
        "operatingIncome": -1114300000,
        "operatingIncomeRatio": -1.7715421304,
        "totalOtherIncomeExpensesNet": 0,
        "incomeBeforeTax": -1114300000,
        "incomeBeforeTaxRatio": -1.7715421304,
        "incomeTaxExpense": 0,
        "netIncome": 37500000,
        "netIncomeRatio": 0.059618442,
        "eps": 0.39,
        "epsdiluted": 0.39,
        "weightedAverageShsOut": 96198000,
        "weightedAverageShsOutDil": 96198000,
        "link": "",
        "finalLink": ""
    },
    {
        "date": "1986-10-31",
        "symbol": "DDS",
        "reportedCurrency": "USD",
        "cik": "0000028917",
        "fillingDate": "1986-10-31",
        "acceptedDate": "1986-10-30 19:00:00",
        "calendarYear": "1986",
        "period": "Q3",
        "revenue": 442900000,
        "costOfRevenue": 0,
        "grossProfit": 442900000,
        "grossProfitRatio": 1,
        "researchAndDevelopmentExpenses": 0,
        "generalAndAdministrativeExpenses": 0,
        "sellingAndMarketingExpenses": 0,
        "sellingGeneralAndAdministrativeExpenses": 0,
        "otherExpenses": 0,
        "operatingExpenses": 0,
        "costAndExpenses": 0,
        "interestIncome": 0,
        "interestExpense": 0,
        "depreciationAndAmortization": 0,
        "ebitda": 442900000,
        "ebitdaratio": 1,
        "operatingIncome": 442900000,
        "operatingIncomeRatio": 1,
        "totalOtherIncomeExpensesNet": 0,
        "incomeBeforeTax": 442900000,
        "incomeBeforeTaxRatio": 1,
        "incomeTaxExpense": 0,
        "netIncome": 13700000,
        "netIncomeRatio": 0.0309324904,
        "eps": 0.14,
        "epsdiluted": 0.14,
        "weightedAverageShsOut": 96198000,
        "weightedAverageShsOutDil": 96198000,
        "link": "",
        "finalLink": ""
    },
    {
        "date": "1986-07-31",
        "symbol": "DDS",
        "reportedCurrency": "USD",
        "cik": "0000028917",
        "fillingDate": "1986-07-31",
        "acceptedDate": "1986-07-30 20:00:00",
        "calendarYear": "1986",
        "period": "Q2",
        "revenue": 409600000,
        "costOfRevenue": 0,
        "grossProfit": 409600000,
        "grossProfitRatio": 1,
        "researchAndDevelopmentExpenses": 0,
        "generalAndAdministrativeExpenses": 0,
        "sellingAndMarketingExpenses": 0,
        "sellingGeneralAndAdministrativeExpenses": 0,
        "otherExpenses": 0,
        "operatingExpenses": 0,
        "costAndExpenses": 0,
        "interestIncome": 0,
        "interestExpense": 0,
        "depreciationAndAmortization": 0,
        "ebitda": 409600000,
        "ebitdaratio": 1,
        "operatingIncome": 409600000,
        "operatingIncomeRatio": 1,
        "totalOtherIncomeExpensesNet": 0,
        "incomeBeforeTax": 409600000,
        "incomeBeforeTaxRatio": 1,
        "incomeTaxExpense": 0,
        "netIncome": 11500000,
        "netIncomeRatio": 0.0280761719,
        "eps": 0.12,
        "epsdiluted": 0.12,
        "weightedAverageShsOut": 96351000,
        "weightedAverageShsOutDil": 96351000,
        "link": "",
        "finalLink": ""
    },
    {
        "date": "1986-04-30",
        "symbol": "DDS",
        "reportedCurrency": "USD",
        "cik": "0000028917",
        "fillingDate": "1986-04-30",
        "acceptedDate": "1986-04-29 20:00:00",
        "calendarYear": "1986",
        "period": "Q1",
        "revenue": 369900000,
        "costOfRevenue": 0,
        "grossProfit": 369900000,
        "grossProfitRatio": 1,
        "researchAndDevelopmentExpenses": 0,
        "generalAndAdministrativeExpenses": 0,
        "sellingAndMarketingExpenses": 0,
        "sellingGeneralAndAdministrativeExpenses": 0,
        "otherExpenses": 0,
        "operatingExpenses": 0,
        "costAndExpenses": 0,
        "interestIncome": 0,
        "interestExpense": 0,
        "depreciationAndAmortization": 0,
        "ebitda": 369900000,
        "ebitdaratio": 1,
        "operatingIncome": 369900000,
        "operatingIncomeRatio": 1,
        "totalOtherIncomeExpensesNet": 0,
        "incomeBeforeTax": 369900000,
        "incomeBeforeTaxRatio": 1,
        "incomeTaxExpense": 0,
        "netIncome": 11800000,
        "netIncomeRatio": 0.0319005137,
        "eps": 0.13,
        "epsdiluted": 0.13,
        "weightedAverageShsOut": 95568000,
        "weightedAverageShsOutDil": 95568000,
        "link": "",
        "finalLink": ""
    },
    {
        "date": "1986-01-31",
        "symbol": "DDS",
        "reportedCurrency": "USD",
        "cik": "0000028917",
        "fillingDate": "1986-01-31",
        "acceptedDate": "1986-01-30 19:00:00",
        "calendarYear": "1985",
        "period": "Q4",
        "revenue": 538600000,
        "costOfRevenue": 0,
        "grossProfit": 538600000,
        "grossProfitRatio": 1,
        "researchAndDevelopmentExpenses": 0,
        "generalAndAdministrativeExpenses": 0,
        "sellingAndMarketingExpenses": 0,
        "sellingGeneralAndAdministrativeExpenses": 0,
        "otherExpenses": 1500900000,
        "operatingExpenses": 1500900000,
        "costAndExpenses": 1500900000,
        "interestIncome": 0,
        "interestExpense": 0,
        "depreciationAndAmortization": 0,
        "ebitda": -962300000,
        "ebitdaratio": -1.7866691422,
        "operatingIncome": -962300000,
        "operatingIncomeRatio": -1.7866691422,
        "totalOtherIncomeExpensesNet": 0,
        "incomeBeforeTax": -962300000,
        "incomeBeforeTaxRatio": -1.7866691422,
        "incomeTaxExpense": 0,
        "netIncome": 33500000,
        "netIncomeRatio": 0.0621982919,
        "eps": 0.38,
        "epsdiluted": 0.38,
        "weightedAverageShsOut": 87333000,
        "weightedAverageShsOutDil": 87333000,
        "link": "",
        "finalLink": ""
    },
    {
        "date": "1985-10-31",
        "symbol": "DDS",
        "reportedCurrency": "USD",
        "cik": "0000028917",
        "fillingDate": "1985-10-31",
        "acceptedDate": "1985-10-30 19:00:00",
        "calendarYear": "1985",
        "period": "Q3",
        "revenue": 383600000,
        "costOfRevenue": 0,
        "grossProfit": 383600000,
        "grossProfitRatio": 1,
        "researchAndDevelopmentExpenses": 0,
        "generalAndAdministrativeExpenses": 0,
        "sellingAndMarketingExpenses": 0,
        "sellingGeneralAndAdministrativeExpenses": 0,
        "otherExpenses": 0,
        "operatingExpenses": 0,
        "costAndExpenses": 0,
        "interestIncome": 0,
        "interestExpense": 0,
        "depreciationAndAmortization": 0,
        "ebitda": 383600000,
        "ebitdaratio": 1,
        "operatingIncome": 383600000,
        "operatingIncomeRatio": 1,
        "totalOtherIncomeExpensesNet": 0,
        "incomeBeforeTax": 383600000,
        "incomeBeforeTaxRatio": 1,
        "incomeTaxExpense": 0,
        "netIncome": 12100000,
        "netIncomeRatio": 0.0315432742,
        "eps": 0.14,
        "epsdiluted": 0.14,
        "weightedAverageShsOut": 87333000,
        "weightedAverageShsOutDil": 87333000,
        "link": "",
        "finalLink": ""
    }
]