[
    {
        "date": "2025-06-30",
        "symbol": "DEC",
        "reportedCurrency": "USD",
        "cik": "0001922446",
        "fillingDate": "2025-08-11",
        "acceptedDate": "2025-08-11 16:39:38",
        "calendarYear": "2025",
        "period": "Q2",
        "revenue": 738315000,
        "costOfRevenue": 305855000,
        "grossProfit": 432460000,
        "grossProfitRatio": 0.5857391493,
        "researchAndDevelopmentExpenses": 0,
        "generalAndAdministrativeExpenses": 4377000,
        "sellingAndMarketingExpenses": 47092000,
        "sellingGeneralAndAdministrativeExpenses": 51469000,
        "otherExpenses": 247776000,
        "operatingExpenses": 299245000,
        "costAndExpenses": 605100000,
        "interestIncome": 0,
        "interestExpense": 103930754,
        "depreciationAndAmortization": 188335000,
        "ebitda": 265707000,
        "ebitdaratio": 0.3598829768,
        "operatingIncome": 133215000,
        "operatingIncomeRatio": 0.1804311168,
        "totalOtherIncomeExpensesNet": -160681000,
        "incomeBeforeTax": -27466000,
        "incomeBeforeTaxRatio": -0.0372009237,
        "incomeTaxExpense": 6460000,
        "netIncome": -34481000,
        "netIncomeRatio": -0.0467022883,
        "eps": -0.5,
        "epsdiluted": -0.5,
        "weightedAverageShsOut": 68822016,
        "weightedAverageShsOutDil": 68821946,
        "link": "https://www.sec.gov/Archives/edgar/data/1922446/000192244625000007/0001922446-25-000007-index.htm",
        "finalLink": "https://www.sec.gov/Archives/edgar/data/1922446/000192244625000007/a1h25interimfinancialresul.htm"
    },
    {
        "date": "2024-12-31",
        "symbol": "DEC",
        "reportedCurrency": "USD",
        "cik": "0001922446",
        "fillingDate": "2025-03-17",
        "acceptedDate": "2025-03-17 09:55:40",
        "calendarYear": "2024",
        "period": "Q4",
        "revenue": 446160000,
        "costOfRevenue": 509267000,
        "grossProfit": -63107000,
        "grossProfitRatio": -0.1414447732,
        "researchAndDevelopmentExpenses": 0,
        "generalAndAdministrativeExpenses": 18706000,
        "sellingAndMarketingExpenses": -40482000,
        "sellingGeneralAndAdministrativeExpenses": -21776000,
        "otherExpenses": 4086000,
        "operatingExpenses": -17690000,
        "costAndExpenses": 491577000,
        "interestIncome": 0,
        "interestExpense": 137643000,
        "depreciationAndAmortization": 122597000,
        "ebitda": 44132000,
        "ebitdaratio": 0.0989151874,
        "operatingIncome": -45417000,
        "operatingIncomeRatio": -0.1017953201,
        "totalOtherIncomeExpensesNet": -96283000,
        "incomeBeforeTax": -141700000,
        "incomeBeforeTaxRatio": -0.3175990676,
        "incomeTaxExpense": -37755794,
        "netIncome": -103333000,
        "netIncomeRatio": -0.2316052537,
        "eps": -2.12,
        "epsdiluted": -2.11,
        "weightedAverageShsOut": 47202000,
        "weightedAverageShsOutDil": 47561000,
        "link": "https://www.sec.gov/Archives/edgar/data/1922446/000192244625000003/0001922446-25-000003-index.htm",
        "finalLink": "https://www.sec.gov/Archives/edgar/data/1922446/000192244625000003/dec-20241231.htm"
    },
    {
        "date": "2024-06-30",
        "symbol": "DEC",
        "reportedCurrency": "USD",
        "cik": "0001922446",
        "fillingDate": "2024-06-30",
        "acceptedDate": "2024-06-29 20:00:00",
        "calendarYear": "2024",
        "period": "Q2",
        "revenue": 348681000,
        "costOfRevenue": 176119000,
        "grossProfit": 172562000,
        "grossProfitRatio": 0.4948993493,
        "researchAndDevelopmentExpenses": 0,
        "generalAndAdministrativeExpenses": 3669000,
        "sellingAndMarketingExpenses": 40482000,
        "sellingGeneralAndAdministrativeExpenses": 44151000,
        "otherExpenses": 126020000,
        "operatingExpenses": 170171000,
        "costAndExpenses": 346290000,
        "interestIncome": 0,
        "interestExpense": 60557833,
        "depreciationAndAmortization": 133887000,
        "ebitda": 126043000,
        "ebitdaratio": 0.3614851397,
        "operatingIncome": 2391000,
        "operatingIncomeRatio": 0.0068572707,
        "totalOtherIncomeExpensesNet": -84643000,
        "incomeBeforeTax": -82252000,
        "incomeBeforeTaxRatio": -0.2358947003,
        "incomeTaxExpense": 97997000,
        "netIncome": 15061000,
        "netIncomeRatio": 0.043194209,
        "eps": 0.32,
        "epsdiluted": 0.32,
        "weightedAverageShsOut": 47202000,
        "weightedAverageShsOutDil": 47561000,
        "link": "https://find-and-update.company-information.service.gov.uk/search/companies?q=Diversified+Energy+Company+PLC",
        "finalLink": "https://find-and-update.company-information.service.gov.uk/search/companies?q=Diversified+Energy+Company+PLC"
    },
    {
        "date": "2023-12-31",
        "symbol": "DEC",
        "reportedCurrency": "USD",
        "cik": "0001922446",
        "fillingDate": "2024-03-19",
        "acceptedDate": "2024-03-19 12:19:43",
        "calendarYear": "2023",
        "period": "Q4",
        "revenue": 350791000,
        "costOfRevenue": 183096000,
        "grossProfit": 167695000,
        "grossProfitRatio": 0.4780481825,
        "researchAndDevelopmentExpenses": 0,
        "generalAndAdministrativeExpenses": 38863000,
        "sellingAndMarketingExpenses": 8478000,
        "sellingGeneralAndAdministrativeExpenses": 47341000,
        "otherExpenses": -131041000,
        "operatingExpenses": -83700000,
        "costAndExpenses": 99396000,
        "interestIncome": 0,
        "interestExpense": 67489854,
        "depreciationAndAmortization": 146048000,
        "ebitda": 371163000,
        "ebitdaratio": 1.058074466,
        "operatingIncome": 251395000,
        "operatingIncomeRatio": 0.7166517955,
        "totalOtherIncomeExpensesNet": -79307000,
        "incomeBeforeTax": 172088000,
        "incomeBeforeTaxRatio": 0.4905713088,
        "incomeTaxExpense": 43319000,
        "netIncome": 128032998,
        "netIncomeRatio": 0.3649837025,
        "eps": 2.74,
        "epsdiluted": 2.74,
        "weightedAverageShsOut": 47556000,
        "weightedAverageShsOutDil": 47556000,
        "link": "https://www.sec.gov/Archives/edgar/data/1922446/000162828024011847/0001628280-24-011847-index.htm",
        "finalLink": "https://www.sec.gov/Archives/edgar/data/1922446/000162828024011847/dec-20231231.htm"
    },
    {
        "date": "2023-06-30",
        "symbol": "DEC",
        "reportedCurrency": "USD",
        "cik": "0001922446",
        "fillingDate": "2023-06-30",
        "acceptedDate": "2023-06-29 20:00:00",
        "calendarYear": "2023",
        "period": "Q2",
        "revenue": 455998000,
        "costOfRevenue": 195992000,
        "grossProfit": 260006000,
        "grossProfitRatio": 0.5701910973,
        "researchAndDevelopmentExpenses": 0,
        "generalAndAdministrativeExpenses": 46290000,
        "sellingAndMarketingExpenses": 0,
        "sellingGeneralAndAdministrativeExpenses": 46290000,
        "otherExpenses": 0,
        "operatingExpenses": 638810000,
        "costAndExpenses": 834802000,
        "interestIncome": 0,
        "interestExpense": 70560000,
        "depreciationAndAmortization": 129027000,
        "ebitda": 1028653000,
        "ebitdaratio": 2.2558278764,
        "operatingIncome": 899626000,
        "operatingIncomeRatio": 1.972872688,
        "totalOtherIncomeExpensesNet": -81400000,
        "incomeBeforeTax": 828256000,
        "incomeBeforeTaxRatio": 1.8163588437,
        "incomeTaxExpense": 197324000,
        "netIncome": 629985000,
        "netIncomeRatio": 1.3815521121,
        "eps": 11.03,
        "epsdiluted": 10.89,
        "weightedAverageShsOut": 46303300,
        "weightedAverageShsOutDil": 46891900,
        "link": "https://find-and-update.company-information.service.gov.uk/search/companies?q=Diversified+Energy+Company+PLC",
        "finalLink": "https://find-and-update.company-information.service.gov.uk/search/companies?q=Diversified+Energy+Company+PLC"
    },
    {
        "date": "2022-12-31",
        "symbol": "DEC",
        "reportedCurrency": "USD",
        "cik": "0001922446",
        "fillingDate": "2022-12-31",
        "acceptedDate": "2022-12-31 00:00:00",
        "calendarYear": "2022",
        "period": "Q4",
        "revenue": 945850000,
        "costOfRevenue": 199565000,
        "grossProfit": 746285000,
        "grossProfitRatio": 0.7890098853,
        "researchAndDevelopmentExpenses": 0,
        "generalAndAdministrativeExpenses": 37320000,
        "sellingAndMarketingExpenses": 0,
        "sellingGeneralAndAdministrativeExpenses": 37320000,
        "otherExpenses": 0,
        "operatingExpenses": 251773998,
        "costAndExpenses": 451338998,
        "interestIncome": 0,
        "interestExpense": 64080000,
        "depreciationAndAmortization": 99774000,
        "ebitda": 608806000,
        "ebitdaratio": 0.6436601998,
        "operatingIncome": 509032000,
        "operatingIncomeRatio": 0.5381741291,
        "totalOtherIncomeExpensesNet": -75105000,
        "incomeBeforeTax": 430625000,
        "incomeBeforeTaxRatio": 0.4552783211,
        "incomeTaxExpense": 115973000,
        "netIncome": 312002000,
        "netIncomeRatio": 0.3298641434,
        "eps": 6.41,
        "epsdiluted": 6.41,
        "weightedAverageShsOut": 41446750,
        "weightedAverageShsOutDil": 41446750,
        "link": "https://find-and-update.company-information.service.gov.uk/search/companies?q=Diversified+Energy+Company+PLC",
        "finalLink": "https://find-and-update.company-information.service.gov.uk/search/companies?q=Diversified+Energy+Company+PLC"
    },
    {
        "date": "2022-06-30",
        "symbol": "DEC",
        "reportedCurrency": "USD",
        "cik": "0001922446",
        "fillingDate": "2022-06-30",
        "acceptedDate": "2022-06-30 00:00:00",
        "calendarYear": "2022",
        "period": "Q2",
        "revenue": 899650000,
        "costOfRevenue": 172479000,
        "grossProfit": 727171000,
        "grossProfitRatio": 0.8082821097,
        "researchAndDevelopmentExpenses": 0,
        "generalAndAdministrativeExpenses": 47903000,
        "sellingAndMarketingExpenses": 0,
        "sellingGeneralAndAdministrativeExpenses": 47903000,
        "otherExpenses": 0,
        "operatingExpenses": 1919007000,
        "costAndExpenses": 2091486000,
        "interestIncome": 0,
        "interestExpense": 38291000,
        "depreciationAndAmortization": 132483000,
        "ebitda": -995401000,
        "ebitdaratio": -1.10643139,
        "operatingIncome": -1127884000,
        "operatingIncomeRatio": -1.2536919913,
        "totalOtherIncomeExpensesNet": -102243000,
        "incomeBeforeTax": -1230127000,
        "incomeBeforeTaxRatio": -1.3673395209,
        "incomeTaxExpense": 294877000,
        "netIncome": -937412000,
        "netIncomeRatio": -1.041974101,
        "eps": -22.07,
        "epsdiluted": -22.07,
        "weightedAverageShsOut": 42481050,
        "weightedAverageShsOutDil": 42481050,
        "link": "https://find-and-update.company-information.service.gov.uk/search/companies?q=Diversified+Energy+Company+PLC",
        "finalLink": "https://find-and-update.company-information.service.gov.uk/search/companies?q=Diversified+Energy+Company+PLC"
    },
    {
        "date": "2021-12-31",
        "symbol": "DEC",
        "reportedCurrency": "USD",
        "cik": "0001922446",
        "fillingDate": "2021-12-31",
        "acceptedDate": "2021-12-30 19:00:00",
        "calendarYear": "2021",
        "period": "Q4",
        "revenue": 662942000,
        "costOfRevenue": 150355000,
        "grossProfit": 512587000,
        "grossProfitRatio": 0.7732003705,
        "researchAndDevelopmentExpenses": 0,
        "generalAndAdministrativeExpenses": 30728000,
        "sellingAndMarketingExpenses": -4867000,
        "sellingGeneralAndAdministrativeExpenses": 25861000,
        "otherExpenses": -4406000,
        "operatingExpenses": 691944000,
        "costAndExpenses": 842299000,
        "interestIncome": 0,
        "interestExpense": 25280500,
        "depreciationAndAmortization": 94363000,
        "ebitda": -107128000,
        "ebitdaratio": -0.1615948303,
        "operatingIncome": -201491000,
        "operatingIncomeRatio": -0.3039345825,
        "totalOtherIncomeExpensesNet": -45526000,
        "incomeBeforeTax": -206922000,
        "incomeBeforeTaxRatio": -0.3121268527,
        "incomeTaxExpense": 34327000,
        "netIncome": -241552000,
        "netIncomeRatio": -0.3643637,
        "eps": -5.69,
        "epsdiluted": -5.69,
        "weightedAverageShsOut": 42482750,
        "weightedAverageShsOutDil": 42482750,
        "link": "https://find-and-update.company-information.service.gov.uk/search/companies?q=Diversified+Energy+Company+PLC",
        "finalLink": "https://find-and-update.company-information.service.gov.uk/search/companies?q=Diversified+Energy+Company+PLC"
    },
    {
        "date": "2021-06-30",
        "symbol": "DEC",
        "reportedCurrency": "USD",
        "cik": "0001922446",
        "fillingDate": "2021-06-30",
        "acceptedDate": "2021-06-29 20:00:00",
        "calendarYear": "2021",
        "period": "Q2",
        "revenue": 314101000,
        "costOfRevenue": 110340000,
        "grossProfit": 203761000,
        "grossProfitRatio": 0.6487117201,
        "researchAndDevelopmentExpenses": 0,
        "generalAndAdministrativeExpenses": 33484000,
        "sellingAndMarketingExpenses": 602000,
        "sellingGeneralAndAdministrativeExpenses": 34086000,
        "otherExpenses": -4406000,
        "operatingExpenses": 525263000,
        "costAndExpenses": 635603000,
        "interestIncome": 0,
        "interestExpense": 25280500,
        "depreciationAndAmortization": 82059000,
        "ebitda": -225210000,
        "ebitdaratio": -0.7169986724,
        "operatingIncome": -307269000,
        "operatingIncomeRatio": -0.9782490345,
        "totalOtherIncomeExpensesNet": -36709000,
        "incomeBeforeTax": -343978000,
        "incomeBeforeTaxRatio": -1.0951190859,
        "incomeTaxExpense": 260021000,
        "netIncome": -83957000,
        "netIncomeRatio": -0.2672930045,
        "eps": -2.28,
        "epsdiluted": -2.28,
        "weightedAverageShsOut": 36827950,
        "weightedAverageShsOutDil": 36827950,
        "link": "https://find-and-update.company-information.service.gov.uk/search/companies?q=Diversified+Energy+Company+PLC",
        "finalLink": "https://find-and-update.company-information.service.gov.uk/search/companies?q=Diversified+Energy+Company+PLC"
    },
    {
        "date": "2020-12-31",
        "symbol": "DEC",
        "reportedCurrency": "USD",
        "cik": "0001922446",
        "fillingDate": "2020-12-31",
        "acceptedDate": "2020-12-30 19:00:00",
        "calendarYear": "2020",
        "period": "Q4",
        "revenue": 231563000,
        "costOfRevenue": 112760000,
        "grossProfit": 118803000,
        "grossProfitRatio": 0.5130482849,
        "researchAndDevelopmentExpenses": 0,
        "generalAndAdministrativeExpenses": 28544000,
        "sellingAndMarketingExpenses": 568000,
        "sellingGeneralAndAdministrativeExpenses": 29112000,
        "otherExpenses": -210500,
        "operatingExpenses": 173745000,
        "costAndExpenses": 286505000,
        "interestIncome": 0,
        "interestExpense": 21362500,
        "depreciationAndAmortization": 60677000,
        "ebitda": 12865000,
        "ebitdaratio": 0.055557235,
        "operatingIncome": -47812000,
        "operatingIncomeRatio": -0.2064751277,
        "totalOtherIncomeExpensesNet": -29701000,
        "incomeBeforeTax": -77513000,
        "incomeBeforeTaxRatio": -0.3347382786,
        "incomeTaxExpense": 35554000,
        "netIncome": -41959000,
        "netIncomeRatio": -0.1811990689,
        "eps": -1.19,
        "epsdiluted": -1.19,
        "weightedAverageShsOut": 35368850,
        "weightedAverageShsOutDil": 35368850,
        "link": "https://find-and-update.company-information.service.gov.uk/search/companies?q=Diversified+Energy+Company+PLC",
        "finalLink": "https://find-and-update.company-information.service.gov.uk/search/companies?q=Diversified+Energy+Company+PLC"
    },
    {
        "date": "2020-06-30",
        "symbol": "DEC",
        "reportedCurrency": "USD",
        "cik": "0001922446",
        "fillingDate": "2020-06-30",
        "acceptedDate": "2020-06-29 20:00:00",
        "calendarYear": "2020",
        "period": "Q2",
        "revenue": 177130000,
        "costOfRevenue": 91203000,
        "grossProfit": 85927000,
        "grossProfitRatio": 0.4851069836,
        "researchAndDevelopmentExpenses": 0,
        "generalAndAdministrativeExpenses": 23644000,
        "sellingAndMarketingExpenses": 991000,
        "sellingGeneralAndAdministrativeExpenses": 24635000,
        "otherExpenses": -210500,
        "operatingExpenses": 123869000,
        "costAndExpenses": 215072000,
        "interestIncome": 0,
        "interestExpense": 21362500,
        "depreciationAndAmortization": 63232000,
        "ebitda": 35118000,
        "ebitdaratio": 0.1982611641,
        "operatingIncome": -28114000,
        "operatingIncomeRatio": -0.1587195845,
        "totalOtherIncomeExpensesNet": -31113000,
        "incomeBeforeTax": -59227000,
        "incomeBeforeTaxRatio": -0.3343702365,
        "incomeTaxExpense": 77712000,
        "netIncome": 18485000,
        "netIncomeRatio": 0.1043583809,
        "eps": 0.44,
        "epsdiluted": 0.44,
        "weightedAverageShsOut": 33140200,
        "weightedAverageShsOutDil": 33364649,
        "link": "https://find-and-update.company-information.service.gov.uk/search/companies?q=Diversified+Energy+Company+PLC",
        "finalLink": "https://find-and-update.company-information.service.gov.uk/search/companies?q=Diversified+Energy+Company+PLC"
    },
    {
        "date": "2019-12-31",
        "symbol": "DEC",
        "reportedCurrency": "USD",
        "cik": "0001922446",
        "fillingDate": "2019-12-31",
        "acceptedDate": "2019-12-30 19:00:00",
        "calendarYear": "2019",
        "period": "Q4",
        "revenue": 215648000,
        "costOfRevenue": 98106000,
        "grossProfit": 117542000,
        "grossProfitRatio": 0.5450641787,
        "researchAndDevelopmentExpenses": 0,
        "generalAndAdministrativeExpenses": 19363000,
        "sellingAndMarketingExpenses": 896000,
        "sellingGeneralAndAdministrativeExpenses": 20259000,
        "otherExpenses": -95708000,
        "operatingExpenses": 51167000,
        "costAndExpenses": 149273000,
        "interestIncome": 0,
        "interestExpense": 16331000,
        "depreciationAndAmortization": 55823000,
        "ebitda": 135128000,
        "ebitdaratio": 0.6266137409,
        "operatingIncome": 79305000,
        "operatingIncomeRatio": 0.3677520775,
        "totalOtherIncomeExpensesNet": -25300000,
        "incomeBeforeTax": 47444000,
        "incomeBeforeTaxRatio": 0.2200066775,
        "incomeTaxExpense": 10210000,
        "netIncome": 37234000,
        "netIncomeRatio": 0.1726610031,
        "eps": 0.9,
        "epsdiluted": 0.9,
        "weightedAverageShsOut": 32786499,
        "weightedAverageShsOutDil": 32786499,
        "link": "https://find-and-update.company-information.service.gov.uk/search/companies?q=Diversified+Energy+Company+PLC",
        "finalLink": "https://find-and-update.company-information.service.gov.uk/search/companies?q=Diversified+Energy+Company+PLC"
    },
    {
        "date": "2019-06-30",
        "symbol": "DEC",
        "reportedCurrency": "USD",
        "cik": "0001922446",
        "fillingDate": "2019-06-30",
        "acceptedDate": "2019-06-30 00:00:00",
        "calendarYear": "2019",
        "period": "Q2",
        "revenue": 230181000,
        "costOfRevenue": 87852000,
        "grossProfit": 142329000,
        "grossProfitRatio": 0.6183351363,
        "researchAndDevelopmentExpenses": 0,
        "generalAndAdministrativeExpenses": 18878000,
        "sellingAndMarketingExpenses": 0,
        "sellingGeneralAndAdministrativeExpenses": 18878000,
        "otherExpenses": 0,
        "operatingExpenses": 40676000,
        "costAndExpenses": 128528000,
        "interestIncome": 0,
        "interestExpense": 0,
        "depreciationAndAmortization": 51450000,
        "ebitda": 156245000,
        "ebitdaratio": 0.6787919072,
        "operatingIncome": 104795000,
        "operatingIncomeRatio": 0.4552721554,
        "totalOtherIncomeExpensesNet": -23716000,
        "incomeBeforeTax": 84047000,
        "incomeBeforeTaxRatio": 0.3651343942,
        "incomeTaxExpense": 21881000,
        "netIncome": 62166000,
        "netIncomeRatio": 0.2700744197,
        "eps": 1.59,
        "epsdiluted": 1.59,
        "weightedAverageShsOut": 30190350,
        "weightedAverageShsOutDil": 30249800,
        "link": "https://find-and-update.company-information.service.gov.uk/search/companies?q=Diversified+Energy+Company+PLC",
        "finalLink": "https://find-and-update.company-information.service.gov.uk/search/companies?q=Diversified+Energy+Company+PLC"
    },
    {
        "date": "2018-12-31",
        "symbol": "DEC",
        "reportedCurrency": "USD",
        "cik": "0001922446",
        "fillingDate": "2018-12-31",
        "acceptedDate": "2018-12-31 00:00:00",
        "calendarYear": "2018",
        "period": "Q4",
        "revenue": 232436000,
        "costOfRevenue": 79048000,
        "grossProfit": 153388000,
        "grossProfitRatio": 0.6599149874,
        "researchAndDevelopmentExpenses": 0,
        "generalAndAdministrativeExpenses": 15882000,
        "sellingAndMarketingExpenses": -430000,
        "sellingGeneralAndAdministrativeExpenses": 15452000,
        "otherExpenses": 0,
        "operatingExpenses": 100654998,
        "costAndExpenses": 179702998,
        "interestIncome": 0,
        "interestExpense": 0,
        "depreciationAndAmortization": 38577000,
        "ebitda": 174364000,
        "ebitdaratio": 0.7501591836,
        "operatingIncome": 135787000,
        "operatingIncomeRatio": 0.5841909171,
        "totalOtherIncomeExpensesNet": 227651998,
        "incomeBeforeTax": 240408000,
        "incomeBeforeTaxRatio": 1.0342976131,
        "incomeTaxExpense": 62835000,
        "netIncome": 177573000,
        "netIncomeRatio": 0.7639651345,
        "eps": 6.67,
        "epsdiluted": 6.64,
        "weightedAverageShsOut": 20571586,
        "weightedAverageShsOutDil": 20643712,
        "link": "https://find-and-update.company-information.service.gov.uk/search/companies?q=Diversified+Energy+Company+PLC",
        "finalLink": "https://find-and-update.company-information.service.gov.uk/search/companies?q=Diversified+Energy+Company+PLC"
    },
    {
        "date": "2018-06-30",
        "symbol": "DEC",
        "reportedCurrency": "USD",
        "cik": "0001922446",
        "fillingDate": "2018-06-30",
        "acceptedDate": "2018-06-30 00:00:00",
        "calendarYear": "2018",
        "period": "Q2",
        "revenue": 57333000,
        "costOfRevenue": 28745000,
        "grossProfit": 28588000,
        "grossProfitRatio": 0.498630806,
        "researchAndDevelopmentExpenses": 0,
        "generalAndAdministrativeExpenses": 5005000,
        "sellingAndMarketingExpenses": 430000,
        "sellingGeneralAndAdministrativeExpenses": 5435000,
        "otherExpenses": 0,
        "operatingExpenses": 3173000,
        "costAndExpenses": 31918000,
        "interestIncome": 0,
        "interestExpense": 0,
        "depreciationAndAmortization": 10512000,
        "ebitda": 4706000,
        "ebitdaratio": 0.0820818726,
        "operatingIncome": -5806000,
        "operatingIncomeRatio": -0.1012680306,
        "totalOtherIncomeExpensesNet": -14792000,
        "incomeBeforeTax": 21387000,
        "incomeBeforeTaxRatio": 0.3730312386,
        "incomeTaxExpense": 2159000,
        "netIncome": 23546000,
        "netIncomeRatio": 0.4106884342,
        "eps": 1.77,
        "epsdiluted": 1.77,
        "weightedAverageShsOut": 13275450,
        "weightedAverageShsOutDil": 13324150,
        "link": "https://find-and-update.company-information.service.gov.uk/search/companies?q=Diversified+Energy+Company+PLC",
        "finalLink": "https://find-and-update.company-information.service.gov.uk/search/companies?q=Diversified+Energy+Company+PLC"
    },
    {
        "date": "2017-12-31",
        "symbol": "DEC",
        "reportedCurrency": "USD",
        "cik": "0001922446",
        "fillingDate": "2017-12-31",
        "acceptedDate": "2017-12-31 00:00:00",
        "calendarYear": "2017",
        "period": "Q4",
        "revenue": 31602000,
        "costOfRevenue": 16186000,
        "grossProfit": 15416000,
        "grossProfitRatio": 0.4878172268,
        "researchAndDevelopmentExpenses": 0,
        "generalAndAdministrativeExpenses": 3445000,
        "sellingAndMarketingExpenses": -42000,
        "sellingGeneralAndAdministrativeExpenses": 3403000,
        "otherExpenses": 0,
        "operatingExpenses": 11286000,
        "costAndExpenses": 27472000,
        "interestIncome": 0,
        "interestExpense": 0,
        "depreciationAndAmortization": 6473000,
        "ebitda": 12112000,
        "ebitdaratio": 0.3832668818,
        "operatingIncome": 5639000,
        "operatingIncomeRatio": 0.1784380735,
        "totalOtherIncomeExpensesNet": -5659000,
        "incomeBeforeTax": 290000,
        "incomeBeforeTaxRatio": 0.0091766344,
        "incomeTaxExpense": 4530000,
        "netIncome": 4820000,
        "netIncomeRatio": 0.1525219923,
        "eps": 0.54,
        "epsdiluted": 0.54,
        "weightedAverageShsOut": 7253800,
        "weightedAverageShsOutDil": 7253800,
        "link": "https://find-and-update.company-information.service.gov.uk/search/companies?q=Diversified+Energy+Company+PLC",
        "finalLink": "https://find-and-update.company-information.service.gov.uk/search/companies?q=Diversified+Energy+Company+PLC"
    },
    {
        "date": "2017-06-30",
        "symbol": "DEC",
        "reportedCurrency": "USD",
        "cik": "0001922446",
        "fillingDate": "2017-06-30",
        "acceptedDate": "2017-06-30 00:00:00",
        "calendarYear": "2017",
        "period": "Q2",
        "revenue": 10175000,
        "costOfRevenue": 4722000,
        "grossProfit": 5453000,
        "grossProfitRatio": 0.5359213759,
        "researchAndDevelopmentExpenses": 0,
        "generalAndAdministrativeExpenses": 1493000,
        "sellingAndMarketingExpenses": 42000,
        "sellingGeneralAndAdministrativeExpenses": 1535000,
        "otherExpenses": 0,
        "operatingExpenses": 24572000,
        "costAndExpenses": 29294000,
        "interestIncome": 0,
        "interestExpense": 0,
        "depreciationAndAmortization": 2827000,
        "ebitda": 3378000,
        "ebitdaratio": 0.331990172,
        "operatingIncome": 551000,
        "operatingIncomeRatio": 0.0541523342,
        "totalOtherIncomeExpensesNet": -5798000,
        "incomeBeforeTax": 29414000,
        "incomeBeforeTaxRatio": 2.8908108108,
        "incomeTaxExpense": 6780000,
        "netIncome": 22634000,
        "netIncomeRatio": 2.2244717445,
        "eps": 4.77,
        "epsdiluted": 4.77,
        "weightedAverageShsOut": 4748550,
        "weightedAverageShsOutDil": 4748550,
        "link": "https://find-and-update.company-information.service.gov.uk/search/companies?q=Diversified+Energy+Company+PLC",
        "finalLink": "https://find-and-update.company-information.service.gov.uk/search/companies?q=Diversified+Energy+Company+PLC"
    },
    {
        "date": "2016-12-31",
        "symbol": "DEC",
        "reportedCurrency": "USD",
        "cik": "0001922446",
        "fillingDate": "2016-12-31",
        "acceptedDate": "2016-12-31 00:00:00",
        "calendarYear": "2016",
        "period": "Q4",
        "revenue": 8602000,
        "costOfRevenue": 4243000,
        "grossProfit": 4359000,
        "grossProfitRatio": 0.506742618,
        "researchAndDevelopmentExpenses": 0,
        "generalAndAdministrativeExpenses": 1423000,
        "sellingAndMarketingExpenses": 49000,
        "sellingGeneralAndAdministrativeExpenses": 1472000,
        "otherExpenses": 0,
        "operatingExpenses": 6467000,
        "costAndExpenses": 10710000,
        "interestIncome": 0,
        "interestExpense": 0,
        "depreciationAndAmortization": 4106000,
        "ebitda": 2385000,
        "ebitdaratio": 0.2772611021,
        "operatingIncome": -1721000,
        "operatingIncomeRatio": -0.2000697512,
        "totalOtherIncomeExpensesNet": -2494000,
        "incomeBeforeTax": -3980000,
        "incomeBeforeTaxRatio": -0.462683097,
        "incomeTaxExpense": 14829000,
        "netIncome": -18809000,
        "netIncomeRatio": -2.1865845152,
        "eps": -8.51,
        "epsdiluted": -8.51,
        "weightedAverageShsOut": 2210524,
        "weightedAverageShsOutDil": 2210524,
        "link": "https://find-and-update.company-information.service.gov.uk/search/companies?q=Diversified+Energy+Company+PLC",
        "finalLink": "https://find-and-update.company-information.service.gov.uk/search/companies?q=Diversified+Energy+Company+PLC"
    },
    {
        "date": "2016-06-30",
        "symbol": "DEC",
        "reportedCurrency": "USD",
        "cik": "0001922446",
        "fillingDate": "2016-06-30",
        "acceptedDate": "2016-06-29 20:00:00",
        "calendarYear": "2016",
        "period": "Q2",
        "revenue": 7653000,
        "costOfRevenue": 6227000,
        "grossProfit": 1426000,
        "grossProfitRatio": 0.1863321573,
        "researchAndDevelopmentExpenses": 0,
        "generalAndAdministrativeExpenses": 459000,
        "sellingAndMarketingExpenses": 44000,
        "sellingGeneralAndAdministrativeExpenses": 503000,
        "otherExpenses": -1697500,
        "operatingExpenses": 36436000,
        "costAndExpenses": 42663000,
        "interestIncome": 0,
        "interestExpense": 1645500,
        "depreciationAndAmortization": 730000,
        "ebitda": 615000,
        "ebitdaratio": 0.0803606429,
        "operatingIncome": -115000,
        "operatingIncomeRatio": -0.0150267869,
        "totalOtherIncomeExpensesNet": 12555000,
        "incomeBeforeTax": 36491000,
        "incomeBeforeTaxRatio": 4.7681954789,
        "incomeTaxExpense": 7414500,
        "netIncome": 36491000,
        "netIncomeRatio": 4.7681954789,
        "eps": 18.2,
        "epsdiluted": 18.2,
        "weightedAverageShsOut": 2005000,
        "weightedAverageShsOutDil": 2005000,
        "link": "https://find-and-update.company-information.service.gov.uk/search/companies?q=Diversified+Energy+Company+PLC",
        "finalLink": "https://find-and-update.company-information.service.gov.uk/search/companies?q=Diversified+Energy+Company+PLC"
    },
    {
        "date": "2015-12-31",
        "symbol": "DEC",
        "reportedCurrency": "USD",
        "cik": "0001922446",
        "fillingDate": "2015-12-31",
        "acceptedDate": "2015-12-30 19:00:00",
        "calendarYear": "2015",
        "period": "Q4",
        "revenue": 3386000,
        "costOfRevenue": 2576000,
        "grossProfit": 810000,
        "grossProfitRatio": 0.239220319,
        "researchAndDevelopmentExpenses": 0,
        "generalAndAdministrativeExpenses": 236000,
        "sellingAndMarketingExpenses": 209000,
        "sellingGeneralAndAdministrativeExpenses": 445000,
        "otherExpenses": -780500,
        "operatingExpenses": 3699998,
        "costAndExpenses": 6275998,
        "interestIncome": 0,
        "interestExpense": 1588500,
        "depreciationAndAmortization": 2287000,
        "ebitda": 1084000,
        "ebitdaratio": 0.3201417602,
        "operatingIncome": -1203000,
        "operatingIncomeRatio": -0.3552864737,
        "totalOtherIncomeExpensesNet": -3555000,
        "incomeBeforeTax": 1789000,
        "incomeBeforeTaxRatio": 0.5283520378,
        "incomeTaxExpense": 0,
        "netIncome": 1789000,
        "netIncomeRatio": 0.5283520378,
        "eps": 0.9,
        "epsdiluted": 0.9,
        "weightedAverageShsOut": 2005002,
        "weightedAverageShsOutDil": 2005000,
        "link": "https://find-and-update.company-information.service.gov.uk/search/companies?q=Diversified+Energy+Company+PLC",
        "finalLink": "https://find-and-update.company-information.service.gov.uk/search/companies?q=Diversified+Energy+Company+PLC"
    },
    {
        "date": "2015-06-30",
        "symbol": "DEC",
        "reportedCurrency": "USD",
        "cik": "0001922446",
        "fillingDate": "2015-06-30",
        "acceptedDate": "2015-06-29 20:00:00",
        "calendarYear": "2015",
        "period": "Q2",
        "revenue": 2918000,
        "costOfRevenue": 1675000,
        "grossProfit": 1243000,
        "grossProfitRatio": 0.4259766964,
        "researchAndDevelopmentExpenses": 0,
        "generalAndAdministrativeExpenses": 237000,
        "sellingAndMarketingExpenses": 41000,
        "sellingGeneralAndAdministrativeExpenses": 278000,
        "otherExpenses": -780500,
        "operatingExpenses": 2064000,
        "costAndExpenses": 3739000,
        "interestIncome": 0,
        "interestExpense": 1588500,
        "depreciationAndAmortization": 1467000,
        "ebitda": 648000,
        "ebitdaratio": 0.2220699109,
        "operatingIncome": -819000,
        "operatingIncomeRatio": -0.2806716929,
        "totalOtherIncomeExpensesNet": -1383000,
        "incomeBeforeTax": -2202000,
        "incomeBeforeTaxRatio": -0.7546264565,
        "incomeTaxExpense": 0,
        "netIncome": -2202000,
        "netIncomeRatio": -0.7546264565,
        "eps": -1.1,
        "epsdiluted": -1.1,
        "weightedAverageShsOut": 2005000,
        "weightedAverageShsOutDil": 2005000,
        "link": "https://find-and-update.company-information.service.gov.uk/search/companies?q=Diversified+Energy+Company+PLC",
        "finalLink": "https://find-and-update.company-information.service.gov.uk/search/companies?q=Diversified+Energy+Company+PLC"
    },
    {
        "date": "2014-12-31",
        "symbol": "DEC",
        "reportedCurrency": "USD",
        "cik": "0001922446",
        "fillingDate": "2014-12-31",
        "acceptedDate": "2014-12-30 19:00:00",
        "calendarYear": "2014",
        "period": "Q4",
        "revenue": 3679000,
        "costOfRevenue": 2859500,
        "grossProfit": 819500,
        "grossProfitRatio": 0.2227507475,
        "researchAndDevelopmentExpenses": 0,
        "generalAndAdministrativeExpenses": 348500,
        "sellingAndMarketingExpenses": 0,
        "sellingGeneralAndAdministrativeExpenses": 348500,
        "otherExpenses": -919000,
        "operatingExpenses": -570500,
        "costAndExpenses": 3430000,
        "interestIncome": 0,
        "interestExpense": 1367000,
        "depreciationAndAmortization": 999000,
        "ebitda": 1248000,
        "ebitdaratio": 0.3392226148,
        "operatingIncome": 249000,
        "operatingIncomeRatio": 0.0676814352,
        "totalOtherIncomeExpensesNet": -368000,
        "incomeBeforeTax": -119000,
        "incomeBeforeTaxRatio": -0.0323457461,
        "incomeTaxExpense": 0,
        "netIncome": -119000,
        "netIncomeRatio": -0.0323457461,
        "eps": -0.003,
        "epsdiluted": -0.003,
        "weightedAverageShsOut": 40100000,
        "weightedAverageShsOutDil": 40100000,
        "link": "https://find-and-update.company-information.service.gov.uk/search/companies?q=Diversified+Energy+Company+PLC",
        "finalLink": "https://find-and-update.company-information.service.gov.uk/search/companies?q=Diversified+Energy+Company+PLC"
    },
    {
        "date": "2014-06-30",
        "symbol": "DEC",
        "reportedCurrency": "USD",
        "cik": "0001922446",
        "fillingDate": "2014-06-30",
        "acceptedDate": "2014-06-29 20:00:00",
        "calendarYear": "2014",
        "period": "Q2",
        "revenue": 3679000,
        "costOfRevenue": 2859500,
        "grossProfit": 819500,
        "grossProfitRatio": 0.2227507475,
        "researchAndDevelopmentExpenses": 0,
        "generalAndAdministrativeExpenses": 348500,
        "sellingAndMarketingExpenses": 0,
        "sellingGeneralAndAdministrativeExpenses": 348500,
        "otherExpenses": -919000,
        "operatingExpenses": -570500,
        "costAndExpenses": 3430000,
        "interestIncome": 0,
        "interestExpense": 1367000,
        "depreciationAndAmortization": 999000,
        "ebitda": 1248000,
        "ebitdaratio": 0.3392226148,
        "operatingIncome": 249000,
        "operatingIncomeRatio": 0.0676814352,
        "totalOtherIncomeExpensesNet": -368000,
        "incomeBeforeTax": -119000,
        "incomeBeforeTaxRatio": -0.0323457461,
        "incomeTaxExpense": 0,
        "netIncome": -119000,
        "netIncomeRatio": -0.0323457461,
        "eps": -0.003,
        "epsdiluted": -0.003,
        "weightedAverageShsOut": 40100000,
        "weightedAverageShsOutDil": 40100000,
        "link": "https://find-and-update.company-information.service.gov.uk/search/companies?q=Diversified+Energy+Company+PLC",
        "finalLink": "https://find-and-update.company-information.service.gov.uk/search/companies?q=Diversified+Energy+Company+PLC"
    },
    {
        "date": "2013-12-31",
        "symbol": "DEC",
        "reportedCurrency": "USD",
        "cik": "0001922446",
        "fillingDate": "2013-12-31",
        "acceptedDate": "2013-12-30 19:00:00",
        "calendarYear": "2013",
        "period": "Q4",
        "revenue": 2584500,
        "costOfRevenue": 2529500,
        "grossProfit": 55000,
        "grossProfitRatio": 0.0212807119,
        "researchAndDevelopmentExpenses": 0,
        "generalAndAdministrativeExpenses": 154000,
        "sellingAndMarketingExpenses": 0,
        "sellingGeneralAndAdministrativeExpenses": 154000,
        "otherExpenses": -432500,
        "operatingExpenses": -278500,
        "costAndExpenses": 2808000,
        "interestIncome": 0,
        "interestExpense": 1133000,
        "depreciationAndAmortization": -57000,
        "ebitda": -280500,
        "ebitdaratio": -0.1085316309,
        "operatingIncome": -223500,
        "operatingIncomeRatio": -0.0864770749,
        "totalOtherIncomeExpensesNet": -1190000,
        "incomeBeforeTax": -1413500,
        "incomeBeforeTaxRatio": -0.5469142968,
        "incomeTaxExpense": 0,
        "netIncome": -1413500,
        "netIncomeRatio": -0.5469142968,
        "eps": -0.0352,
        "epsdiluted": -0.0352,
        "weightedAverageShsOut": 40100000,
        "weightedAverageShsOutDil": 40100000,
        "link": "https://find-and-update.company-information.service.gov.uk/search/companies?q=Diversified+Energy+Company+PLC",
        "finalLink": "https://find-and-update.company-information.service.gov.uk/search/companies?q=Diversified+Energy+Company+PLC"
    },
    {
        "date": "2013-06-30",
        "symbol": "DEC",
        "reportedCurrency": "USD",
        "cik": "0001922446",
        "fillingDate": "2013-06-30",
        "acceptedDate": "2013-06-29 20:00:00",
        "calendarYear": "2013",
        "period": "Q2",
        "revenue": 2584500,
        "costOfRevenue": 2529500,
        "grossProfit": 55000,
        "grossProfitRatio": 0.0212807119,
        "researchAndDevelopmentExpenses": 0,
        "generalAndAdministrativeExpenses": 154000,
        "sellingAndMarketingExpenses": 0,
        "sellingGeneralAndAdministrativeExpenses": 154000,
        "otherExpenses": -432500,
        "operatingExpenses": -278500,
        "costAndExpenses": 2808000,
        "interestIncome": 0,
        "interestExpense": 1133000,
        "depreciationAndAmortization": -57000,
        "ebitda": -280500,
        "ebitdaratio": -0.1085316309,
        "operatingIncome": -223500,
        "operatingIncomeRatio": -0.0864770749,
        "totalOtherIncomeExpensesNet": -1190000,
        "incomeBeforeTax": -1413500,
        "incomeBeforeTaxRatio": -0.5469142968,
        "incomeTaxExpense": 0,
        "netIncome": -1413500,
        "netIncomeRatio": -0.5469142968,
        "eps": -0.0352,
        "epsdiluted": -0.0352,
        "weightedAverageShsOut": 40100000,
        "weightedAverageShsOutDil": 40100000,
        "link": "https://find-and-update.company-information.service.gov.uk/search/companies?q=Diversified+Energy+Company+PLC",
        "finalLink": "https://find-and-update.company-information.service.gov.uk/search/companies?q=Diversified+Energy+Company+PLC"
    }
]