[
    {
        "date": "2011-12-31",
        "symbol": "DIGI",
        "reportedCurrency": "USD",
        "cik": "0000000000",
        "fillingDate": "2011-12-31",
        "acceptedDate": "2011-12-31 00:00:00",
        "calendarYear": "2011",
        "period": "Q4",
        "revenue": 88494,
        "costOfRevenue": 86688,
        "grossProfit": 1806,
        "grossProfitRatio": 0.0204081633,
        "researchAndDevelopmentExpenses": 13331,
        "generalAndAdministrativeExpenses": 1208360,
        "sellingAndMarketingExpenses": 235391,
        "sellingGeneralAndAdministrativeExpenses": 1443751,
        "otherExpenses": 0,
        "operatingExpenses": 1457082,
        "costAndExpenses": 1543770,
        "interestIncome": 0,
        "interestExpense": 244408,
        "depreciationAndAmortization": 89335,
        "ebitda": -1365941,
        "ebitdaratio": -15.4354080503,
        "operatingIncome": -1455276,
        "operatingIncomeRatio": -16.4449115194,
        "totalOtherIncomeExpensesNet": 4020,
        "incomeBeforeTax": -1451256,
        "incomeBeforeTaxRatio": -16.3994847108,
        "incomeTaxExpense": 240388,
        "netIncome": -1695664,
        "netIncomeRatio": -19.1613442719,
        "eps": -0.0246,
        "epsdiluted": -0.0246,
        "weightedAverageShsOut": 69023327,
        "weightedAverageShsOutDil": 69023327,
        "link": null,
        "finalLink": null
    },
    {
        "date": "2011-09-30",
        "symbol": "DIGI",
        "reportedCurrency": "USD",
        "cik": "0000000000",
        "fillingDate": "2011-09-30",
        "acceptedDate": "2011-09-30 00:00:00",
        "calendarYear": "2011",
        "period": "Q3",
        "revenue": 498917,
        "costOfRevenue": 347205,
        "grossProfit": 151712,
        "grossProfitRatio": 0.304082643,
        "researchAndDevelopmentExpenses": 155003,
        "generalAndAdministrativeExpenses": 307042,
        "sellingAndMarketingExpenses": 52962,
        "sellingGeneralAndAdministrativeExpenses": 360004,
        "otherExpenses": 0,
        "operatingExpenses": 515007,
        "costAndExpenses": 862212,
        "interestIncome": 0,
        "interestExpense": 200909,
        "depreciationAndAmortization": 95701,
        "ebitda": -267594,
        "ebitdaratio": -0.5363497335,
        "operatingIncome": -363295,
        "operatingIncomeRatio": -0.7281672102,
        "totalOtherIncomeExpensesNet": 0,
        "incomeBeforeTax": 0,
        "incomeBeforeTaxRatio": 0,
        "incomeTaxExpense": 200909,
        "netIncome": -564204,
        "netIncomeRatio": -1.1308574372,
        "eps": -0.0082,
        "epsdiluted": -0.0082,
        "weightedAverageShsOut": 69023327,
        "weightedAverageShsOutDil": 69023327,
        "link": null,
        "finalLink": null
    },
    {
        "date": "2011-06-30",
        "symbol": "DIGI",
        "reportedCurrency": "USD",
        "cik": "0000000000",
        "fillingDate": "2011-06-30",
        "acceptedDate": "2011-06-30 00:00:00",
        "calendarYear": "2011",
        "period": "Q2",
        "revenue": 481714,
        "costOfRevenue": 361272,
        "grossProfit": 120442,
        "grossProfitRatio": 0.2500280249,
        "researchAndDevelopmentExpenses": 131289,
        "generalAndAdministrativeExpenses": 540468,
        "sellingAndMarketingExpenses": 95981,
        "sellingGeneralAndAdministrativeExpenses": 636449,
        "otherExpenses": 0,
        "operatingExpenses": 767738,
        "costAndExpenses": 1129010,
        "interestIncome": 0,
        "interestExpense": 171695,
        "depreciationAndAmortization": 97676,
        "ebitda": -549620,
        "ebitdaratio": -1.140967462,
        "operatingIncome": -647296,
        "operatingIncomeRatio": -1.3437350793,
        "totalOtherIncomeExpensesNet": 0,
        "incomeBeforeTax": 0,
        "incomeBeforeTaxRatio": 0,
        "incomeTaxExpense": 171695,
        "netIncome": -818991,
        "netIncomeRatio": -1.7001602611,
        "eps": -0.0121,
        "epsdiluted": -0.0121,
        "weightedAverageShsOut": 67780394,
        "weightedAverageShsOutDil": 67780394,
        "link": null,
        "finalLink": null
    },
    {
        "date": "2011-03-31",
        "symbol": "DIGI",
        "reportedCurrency": "USD",
        "cik": "0000000000",
        "fillingDate": "2011-03-31",
        "acceptedDate": "2011-03-31 00:00:00",
        "calendarYear": "2011",
        "period": "Q1",
        "revenue": 411029,
        "costOfRevenue": 519059,
        "grossProfit": -108030,
        "grossProfitRatio": -0.2628281703,
        "researchAndDevelopmentExpenses": 147853,
        "generalAndAdministrativeExpenses": 363575,
        "sellingAndMarketingExpenses": 143065,
        "sellingGeneralAndAdministrativeExpenses": 506640,
        "otherExpenses": 0,
        "operatingExpenses": 654493,
        "costAndExpenses": 1173552,
        "interestIncome": 0,
        "interestExpense": 75527,
        "depreciationAndAmortization": 102442,
        "ebitda": -660081,
        "ebitdaratio": -1.605923183,
        "operatingIncome": -762523,
        "operatingIncomeRatio": -1.8551562055,
        "totalOtherIncomeExpensesNet": -71634,
        "incomeBeforeTax": -834157,
        "incomeBeforeTaxRatio": -2.0294358792,
        "incomeTaxExpense": 147161,
        "netIncome": -909684,
        "netIncomeRatio": -2.2131869041,
        "eps": -0.0138,
        "epsdiluted": -0.0138,
        "weightedAverageShsOut": 66011034,
        "weightedAverageShsOutDil": 66011034,
        "link": null,
        "finalLink": null
    },
    {
        "date": "2010-12-31",
        "symbol": "DIGI",
        "reportedCurrency": "USD",
        "cik": "0000000000",
        "fillingDate": "2010-12-31",
        "acceptedDate": "2010-12-31 00:00:00",
        "calendarYear": "2010",
        "period": "Q4",
        "revenue": 424362,
        "costOfRevenue": 410616,
        "grossProfit": 13746,
        "grossProfitRatio": 0.0323921558,
        "researchAndDevelopmentExpenses": 192872,
        "generalAndAdministrativeExpenses": 722111,
        "sellingAndMarketingExpenses": 233269,
        "sellingGeneralAndAdministrativeExpenses": 955380,
        "otherExpenses": 0,
        "operatingExpenses": 1148252,
        "costAndExpenses": 1558868,
        "interestIncome": 0,
        "interestExpense": 26489,
        "depreciationAndAmortization": 157554,
        "ebitda": -976952,
        "ebitdaratio": -2.3021665465,
        "operatingIncome": -1134506,
        "operatingIncomeRatio": -2.6734391864,
        "totalOtherIncomeExpensesNet": 9000,
        "incomeBeforeTax": -1125506,
        "incomeBeforeTaxRatio": -2.6522308784,
        "incomeTaxExpense": 17489,
        "netIncome": -1151995,
        "netIncomeRatio": -2.7146516418,
        "eps": -0.0192,
        "epsdiluted": -0.0192,
        "weightedAverageShsOut": 60147988,
        "weightedAverageShsOutDil": 60147988,
        "link": null,
        "finalLink": null
    },
    {
        "date": "2010-09-30",
        "symbol": "DIGI",
        "reportedCurrency": "USD",
        "cik": "0000000000",
        "fillingDate": "2010-09-30",
        "acceptedDate": "2010-09-29 20:00:00",
        "calendarYear": "2010",
        "period": "Q3",
        "revenue": 555386,
        "costOfRevenue": 418141,
        "grossProfit": 137245,
        "grossProfitRatio": 0.2471164199,
        "researchAndDevelopmentExpenses": 242736,
        "generalAndAdministrativeExpenses": 362733,
        "sellingAndMarketingExpenses": 239490,
        "sellingGeneralAndAdministrativeExpenses": 602223,
        "otherExpenses": 0,
        "operatingExpenses": 844959,
        "costAndExpenses": 1263100,
        "interestIncome": 0,
        "interestExpense": 90790,
        "depreciationAndAmortization": 158916,
        "ebitda": -548798,
        "ebitdaratio": -0.9881379797,
        "operatingIncome": -707714,
        "operatingIncomeRatio": -1.2742741085,
        "totalOtherIncomeExpensesNet": 2866,
        "incomeBeforeTax": -704848,
        "incomeBeforeTaxRatio": -1.2691137335,
        "incomeTaxExpense": 87924,
        "netIncome": -795638,
        "netIncomeRatio": -1.4325856251,
        "eps": -0.0123,
        "epsdiluted": -0.0123,
        "weightedAverageShsOut": 64433023,
        "weightedAverageShsOutDil": 64433023,
        "link": null,
        "finalLink": null
    },
    {
        "date": "2010-06-30",
        "symbol": "DIGI",
        "reportedCurrency": "USD",
        "cik": "0000000000",
        "fillingDate": "2010-06-30",
        "acceptedDate": "2010-06-29 20:00:00",
        "calendarYear": "2010",
        "period": "Q2",
        "revenue": 539007,
        "costOfRevenue": 378397,
        "grossProfit": 160610,
        "grossProfitRatio": 0.2979738668,
        "researchAndDevelopmentExpenses": 262241,
        "generalAndAdministrativeExpenses": 1078605,
        "sellingAndMarketingExpenses": 201285,
        "sellingGeneralAndAdministrativeExpenses": 1279890,
        "otherExpenses": 0,
        "operatingExpenses": 1542131,
        "costAndExpenses": 1920528,
        "interestIncome": 0,
        "interestExpense": 1879849,
        "depreciationAndAmortization": 156747,
        "ebitda": -1264145,
        "ebitdaratio": -2.3453220459,
        "operatingIncome": -1381521,
        "operatingIncomeRatio": -2.5630854516,
        "totalOtherIncomeExpensesNet": -278923,
        "incomeBeforeTax": -1699815,
        "incomeBeforeTaxRatio": -3.1536046842,
        "incomeTaxExpense": 2198143,
        "netIncome": -3579664,
        "netIncomeRatio": -6.6412198728,
        "eps": -0.0784,
        "epsdiluted": -0.0784,
        "weightedAverageShsOut": 45663981,
        "weightedAverageShsOutDil": 45663981,
        "link": null,
        "finalLink": null
    },
    {
        "date": "2010-03-31",
        "symbol": "DIGI",
        "reportedCurrency": "USD",
        "cik": "0000000000",
        "fillingDate": "2010-03-31",
        "acceptedDate": "2010-03-30 20:00:00",
        "calendarYear": "2010",
        "period": "Q1",
        "revenue": 625127,
        "costOfRevenue": 301971,
        "grossProfit": 323156,
        "grossProfitRatio": 0.5169445569,
        "researchAndDevelopmentExpenses": 269742,
        "generalAndAdministrativeExpenses": 458631,
        "sellingAndMarketingExpenses": 175293,
        "sellingGeneralAndAdministrativeExpenses": 633924,
        "otherExpenses": 0,
        "operatingExpenses": 903666,
        "costAndExpenses": 1205637,
        "interestIncome": 0,
        "interestExpense": 228130,
        "depreciationAndAmortization": 159453,
        "ebitda": -460428,
        "ebitdaratio": -0.7365351361,
        "operatingIncome": -580510,
        "operatingIncomeRatio": -0.9286273029,
        "totalOtherIncomeExpensesNet": 0,
        "incomeBeforeTax": 0,
        "incomeBeforeTaxRatio": 0,
        "incomeTaxExpense": 228130,
        "netIncome": -808640,
        "netIncomeRatio": -1.2935611484,
        "eps": -0.0196,
        "epsdiluted": -0.0196,
        "weightedAverageShsOut": 41318675,
        "weightedAverageShsOutDil": 41318675,
        "link": null,
        "finalLink": null
    },
    {
        "date": "2009-12-31",
        "symbol": "DIGI",
        "reportedCurrency": "USD",
        "cik": "0000000000",
        "fillingDate": "2009-12-31",
        "acceptedDate": "2009-12-30 19:00:00",
        "calendarYear": "2009",
        "period": "Q4",
        "revenue": 712498,
        "costOfRevenue": 1440832,
        "grossProfit": -728334,
        "grossProfitRatio": -1.0222260273,
        "researchAndDevelopmentExpenses": 290864,
        "generalAndAdministrativeExpenses": 454841,
        "sellingAndMarketingExpenses": 69673,
        "sellingGeneralAndAdministrativeExpenses": 524514,
        "otherExpenses": 0,
        "operatingExpenses": -1834,
        "costAndExpenses": 1438998,
        "interestIncome": 0,
        "interestExpense": 1203609,
        "depreciationAndAmortization": 407982,
        "ebitda": -318518,
        "ebitdaratio": -0.4470440619,
        "operatingIncome": -726500,
        "operatingIncomeRatio": -1.019651985,
        "totalOtherIncomeExpensesNet": 195843,
        "incomeBeforeTax": -530657,
        "incomeBeforeTaxRatio": -0.744783845,
        "incomeTaxExpense": 1007766,
        "netIncome": -1734266,
        "netIncomeRatio": -2.4340643763,
        "eps": -0.0501078381,
        "epsdiluted": -0.0501078381,
        "weightedAverageShsOut": 34610673,
        "weightedAverageShsOutDil": 34610673,
        "link": null,
        "finalLink": null
    },
    {
        "date": "2009-09-30",
        "symbol": "DIGI",
        "reportedCurrency": "USD",
        "cik": "0000000000",
        "fillingDate": "2009-09-30",
        "acceptedDate": "2009-09-29 20:00:00",
        "calendarYear": "2009",
        "period": "Q3",
        "revenue": 760017,
        "costOfRevenue": 245479,
        "grossProfit": 514538,
        "grossProfitRatio": 0.6770085406,
        "researchAndDevelopmentExpenses": 206504,
        "generalAndAdministrativeExpenses": 320413,
        "sellingAndMarketingExpenses": 62046,
        "sellingGeneralAndAdministrativeExpenses": 382459,
        "otherExpenses": 0,
        "operatingExpenses": 835974,
        "costAndExpenses": 1081453,
        "interestIncome": 0,
        "interestExpense": 226217,
        "depreciationAndAmortization": 247011,
        "ebitda": -113776,
        "ebitdaratio": -0.1497019146,
        "operatingIncome": -321436,
        "operatingIncomeRatio": -0.4229326449,
        "totalOtherIncomeExpensesNet": -108187,
        "incomeBeforeTax": -429623,
        "incomeBeforeTaxRatio": -0.5652807766,
        "incomeTaxExpense": 334404,
        "netIncome": -655840,
        "netIncomeRatio": -0.8629280661,
        "eps": -0.0189,
        "epsdiluted": -0.0189,
        "weightedAverageShsOut": 34648490,
        "weightedAverageShsOutDil": 34648490,
        "link": null,
        "finalLink": null
    },
    {
        "date": "2009-06-30",
        "symbol": "DIGI",
        "reportedCurrency": "USD",
        "cik": "0000000000",
        "fillingDate": "2009-06-30",
        "acceptedDate": "2009-06-29 20:00:00",
        "calendarYear": "2009",
        "period": "Q2",
        "revenue": 859669,
        "costOfRevenue": 245352,
        "grossProfit": 614317,
        "grossProfitRatio": 0.7145971298,
        "researchAndDevelopmentExpenses": 242372,
        "generalAndAdministrativeExpenses": 621349,
        "sellingAndMarketingExpenses": 118578,
        "sellingGeneralAndAdministrativeExpenses": 739927,
        "otherExpenses": 0,
        "operatingExpenses": 1281065,
        "costAndExpenses": 1526417,
        "interestIncome": 0,
        "interestExpense": 290477,
        "depreciationAndAmortization": 298766,
        "ebitda": -367982,
        "ebitdaratio": -0.4280507963,
        "operatingIncome": -666748,
        "operatingIncomeRatio": -0.7755868829,
        "totalOtherIncomeExpensesNet": 0,
        "incomeBeforeTax": 0,
        "incomeBeforeTaxRatio": 0,
        "incomeTaxExpense": 290477,
        "netIncome": -957225,
        "netIncomeRatio": -1.1134808862,
        "eps": -0.028,
        "epsdiluted": -0.028,
        "weightedAverageShsOut": 34231316,
        "weightedAverageShsOutDil": 34231316,
        "link": null,
        "finalLink": null
    },
    {
        "date": "2009-03-31",
        "symbol": "DIGI",
        "reportedCurrency": "USD",
        "cik": "0000000000",
        "fillingDate": "2009-03-31",
        "acceptedDate": "2009-03-30 20:00:00",
        "calendarYear": "2009",
        "period": "Q1",
        "revenue": 860279,
        "costOfRevenue": 462405,
        "grossProfit": 397874,
        "grossProfitRatio": 0.4624941443,
        "researchAndDevelopmentExpenses": 90507,
        "generalAndAdministrativeExpenses": 592574,
        "sellingAndMarketingExpenses": 86751,
        "sellingGeneralAndAdministrativeExpenses": 679325,
        "otherExpenses": 0,
        "operatingExpenses": 769832,
        "costAndExpenses": 1232237,
        "interestIncome": 0,
        "interestExpense": 1281794,
        "depreciationAndAmortization": 271435,
        "ebitda": -100523,
        "ebitdaratio": -0.1168493012,
        "operatingIncome": -371958,
        "operatingIncomeRatio": -0.4323690338,
        "totalOtherIncomeExpensesNet": 371958,
        "incomeBeforeTax": 0,
        "incomeBeforeTaxRatio": 0,
        "incomeTaxExpense": 1218794,
        "netIncome": -1590752,
        "netIncomeRatio": -1.8491117417,
        "eps": -0.0494,
        "epsdiluted": -0.0494,
        "weightedAverageShsOut": 32175280,
        "weightedAverageShsOutDil": 32175280,
        "link": null,
        "finalLink": null
    },
    {
        "date": "2008-12-31",
        "symbol": "DIGI",
        "reportedCurrency": "USD",
        "cik": "0000000000",
        "fillingDate": "2008-12-31",
        "acceptedDate": "2008-12-30 19:00:00",
        "calendarYear": "2008",
        "period": "Q4",
        "revenue": 863350,
        "costOfRevenue": 1438032,
        "grossProfit": -574682,
        "grossProfitRatio": -0.665641976,
        "researchAndDevelopmentExpenses": 392353,
        "generalAndAdministrativeExpenses": 571217,
        "sellingAndMarketingExpenses": 261731,
        "sellingGeneralAndAdministrativeExpenses": 832948,
        "otherExpenses": 0,
        "operatingExpenses": 423852,
        "costAndExpenses": 1861884,
        "interestIncome": 0,
        "interestExpense": 737067,
        "depreciationAndAmortization": 251710,
        "ebitda": -746824,
        "ebitdaratio": -0.8650304048,
        "operatingIncome": -998534,
        "operatingIncomeRatio": -1.156580761,
        "totalOtherIncomeExpensesNet": 0,
        "incomeBeforeTax": 0,
        "incomeBeforeTaxRatio": 0,
        "incomeTaxExpense": 861271,
        "netIncome": -1859805,
        "netIncomeRatio": -2.1541726994,
        "eps": -0.072486354,
        "epsdiluted": -0.072486354,
        "weightedAverageShsOut": 25657312,
        "weightedAverageShsOutDil": 25657312,
        "link": null,
        "finalLink": null
    },
    {
        "date": "2008-09-30",
        "symbol": "DIGI",
        "reportedCurrency": "USD",
        "cik": "0000000000",
        "fillingDate": "2008-09-30",
        "acceptedDate": "2008-09-29 20:00:00",
        "calendarYear": "2008",
        "period": "Q3",
        "revenue": 880549,
        "costOfRevenue": 242612,
        "grossProfit": 637937,
        "grossProfitRatio": 0.7244764346,
        "researchAndDevelopmentExpenses": 402542,
        "generalAndAdministrativeExpenses": 1122346,
        "sellingAndMarketingExpenses": 195692,
        "sellingGeneralAndAdministrativeExpenses": 1318038,
        "otherExpenses": 0,
        "operatingExpenses": 1999711,
        "costAndExpenses": 2242323,
        "interestIncome": 0,
        "interestExpense": 643294,
        "depreciationAndAmortization": 279131,
        "ebitda": -1082643,
        "ebitdaratio": -1.2295090904,
        "operatingIncome": -1361774,
        "operatingIncomeRatio": -1.5465056459,
        "totalOtherIncomeExpensesNet": 0,
        "incomeBeforeTax": 0,
        "incomeBeforeTaxRatio": 0,
        "incomeTaxExpense": 643294,
        "netIncome": -2005068,
        "netIncomeRatio": -2.2770657851,
        "eps": -0.078,
        "epsdiluted": -0.078,
        "weightedAverageShsOut": 25701388,
        "weightedAverageShsOutDil": 25701388,
        "link": null,
        "finalLink": null
    },
    {
        "date": "2008-06-30",
        "symbol": "DIGI",
        "reportedCurrency": "USD",
        "cik": "0000000000",
        "fillingDate": "2008-06-30",
        "acceptedDate": "2008-06-29 20:00:00",
        "calendarYear": "2008",
        "period": "Q2",
        "revenue": 768203,
        "costOfRevenue": 193048,
        "grossProfit": 575155,
        "grossProfitRatio": 0.7487018405,
        "researchAndDevelopmentExpenses": 641792,
        "generalAndAdministrativeExpenses": 1175814,
        "sellingAndMarketingExpenses": 175933,
        "sellingGeneralAndAdministrativeExpenses": 1351747,
        "otherExpenses": 0,
        "operatingExpenses": 2261326,
        "costAndExpenses": 2454374,
        "interestIncome": 0,
        "interestExpense": 526646,
        "depreciationAndAmortization": 268286,
        "ebitda": -1417885,
        "ebitdaratio": -1.8457165619,
        "operatingIncome": -1686171,
        "operatingIncomeRatio": -2.1949549793,
        "totalOtherIncomeExpensesNet": 0,
        "incomeBeforeTax": 0,
        "incomeBeforeTaxRatio": 0,
        "incomeTaxExpense": 526646,
        "netIncome": -2212817,
        "netIncomeRatio": -2.8805107504,
        "eps": -0.0869,
        "epsdiluted": -0.0869,
        "weightedAverageShsOut": 25476751,
        "weightedAverageShsOutDil": 25476751,
        "link": null,
        "finalLink": null
    },
    {
        "date": "2008-03-31",
        "symbol": "DIGI",
        "reportedCurrency": "USD",
        "cik": "0000000000",
        "fillingDate": "2008-03-31",
        "acceptedDate": "2008-03-30 20:00:00",
        "calendarYear": "2008",
        "period": "Q1",
        "revenue": 563206,
        "costOfRevenue": 427621,
        "grossProfit": 135585,
        "grossProfitRatio": 0.2407378473,
        "researchAndDevelopmentExpenses": 670079,
        "generalAndAdministrativeExpenses": 769864,
        "sellingAndMarketingExpenses": 161690,
        "sellingGeneralAndAdministrativeExpenses": 931554,
        "otherExpenses": 0,
        "operatingExpenses": 1601633,
        "costAndExpenses": 2029254,
        "interestIncome": 0,
        "interestExpense": 331833,
        "depreciationAndAmortization": 254032,
        "ebitda": -1212016,
        "ebitdaratio": -2.1519941194,
        "operatingIncome": -1466048,
        "operatingIncomeRatio": -2.6030404506,
        "totalOtherIncomeExpensesNet": 0,
        "incomeBeforeTax": 0,
        "incomeBeforeTaxRatio": 0,
        "incomeTaxExpense": 331833,
        "netIncome": -1797881,
        "netIncomeRatio": -3.1922262902,
        "eps": -0.0715,
        "epsdiluted": -0.0715,
        "weightedAverageShsOut": 25149884,
        "weightedAverageShsOutDil": 25149884,
        "link": null,
        "finalLink": null
    },
    {
        "date": "2007-12-31",
        "symbol": "DIGI",
        "reportedCurrency": "USD",
        "cik": "0000000000",
        "fillingDate": "2007-12-31",
        "acceptedDate": "2007-12-30 19:00:00",
        "calendarYear": "2007",
        "period": "Q4",
        "revenue": 458827,
        "costOfRevenue": 729019,
        "grossProfit": -270192,
        "grossProfitRatio": -0.5888755457,
        "researchAndDevelopmentExpenses": 0,
        "generalAndAdministrativeExpenses": 742835,
        "sellingAndMarketingExpenses": 173513,
        "sellingGeneralAndAdministrativeExpenses": 916348,
        "otherExpenses": 0,
        "operatingExpenses": 351566,
        "costAndExpenses": 1080585,
        "interestIncome": 0,
        "interestExpense": 262167,
        "depreciationAndAmortization": 145049,
        "ebitda": -476709,
        "ebitdaratio": -1.0389732949,
        "operatingIncome": -621758,
        "operatingIncomeRatio": -1.3551033396,
        "totalOtherIncomeExpensesNet": 0,
        "incomeBeforeTax": 0,
        "incomeBeforeTaxRatio": 0,
        "incomeTaxExpense": 262167,
        "netIncome": -883925,
        "netIncomeRatio": -1.926488633,
        "eps": -0.0409,
        "epsdiluted": -0.0409,
        "weightedAverageShsOut": 21585526,
        "weightedAverageShsOutDil": 21585526,
        "link": null,
        "finalLink": null
    },
    {
        "date": "2007-09-30",
        "symbol": "DIGI",
        "reportedCurrency": "USD",
        "cik": "0000000000",
        "fillingDate": "2007-09-30",
        "acceptedDate": "2007-09-29 20:00:00",
        "calendarYear": "2007",
        "period": "Q3",
        "revenue": 369209,
        "costOfRevenue": 262219,
        "grossProfit": 106990,
        "grossProfitRatio": 0.2897816684,
        "researchAndDevelopmentExpenses": 24000,
        "generalAndAdministrativeExpenses": 841085,
        "sellingAndMarketingExpenses": 152081,
        "sellingGeneralAndAdministrativeExpenses": 993166,
        "otherExpenses": 0,
        "operatingExpenses": 1155945,
        "costAndExpenses": 1418164,
        "interestIncome": 0,
        "interestExpense": 168203,
        "depreciationAndAmortization": 176342,
        "ebitda": -872613,
        "ebitdaratio": -2.363466221,
        "operatingIncome": -1048955,
        "operatingIncomeRatio": -2.8410872974,
        "totalOtherIncomeExpensesNet": 0,
        "incomeBeforeTax": 0,
        "incomeBeforeTaxRatio": 0,
        "incomeTaxExpense": 168203,
        "netIncome": -1217158,
        "netIncomeRatio": -3.2966639491,
        "eps": -0.0572,
        "epsdiluted": -0.0572,
        "weightedAverageShsOut": 21286026,
        "weightedAverageShsOutDil": 21286026,
        "link": null,
        "finalLink": null
    },
    {
        "date": "2007-06-30",
        "symbol": "DIGI",
        "reportedCurrency": "USD",
        "cik": "0000000000",
        "fillingDate": "2007-06-30",
        "acceptedDate": "2007-06-29 20:00:00",
        "calendarYear": "2007",
        "period": "Q2",
        "revenue": 291048,
        "costOfRevenue": 203598,
        "grossProfit": 87450,
        "grossProfitRatio": 0.3004659025,
        "researchAndDevelopmentExpenses": 0,
        "generalAndAdministrativeExpenses": 817833,
        "sellingAndMarketingExpenses": 188826,
        "sellingGeneralAndAdministrativeExpenses": 1006659,
        "otherExpenses": 0,
        "operatingExpenses": 1184334,
        "costAndExpenses": 1387932,
        "interestIncome": 0,
        "interestExpense": 73057,
        "depreciationAndAmortization": 177675,
        "ebitda": -919209,
        "ebitdaratio": -3.1582728622,
        "operatingIncome": -1096884,
        "operatingIncomeRatio": -3.768739177,
        "totalOtherIncomeExpensesNet": 0,
        "incomeBeforeTax": 0,
        "incomeBeforeTaxRatio": 0,
        "incomeTaxExpense": 73057,
        "netIncome": -1169941,
        "netIncomeRatio": -4.0197527556,
        "eps": -0.0563,
        "epsdiluted": -0.0563,
        "weightedAverageShsOut": 20778043,
        "weightedAverageShsOutDil": 20778043,
        "link": null,
        "finalLink": null
    }
]