[
    {
        "date": "2025-06-30",
        "symbol": "DLX",
        "reportedCurrency": "USD",
        "cik": "0000027996",
        "fillingDate": "2025-08-07",
        "acceptedDate": "2025-08-07 10:49:31",
        "calendarYear": "2025",
        "period": "Q2",
        "revenue": 521300000,
        "costOfRevenue": 242000000,
        "grossProfit": 279300000,
        "grossProfitRatio": 0.5357759448,
        "researchAndDevelopmentExpenses": 0,
        "generalAndAdministrativeExpenses": 0,
        "sellingAndMarketingExpenses": 0,
        "sellingGeneralAndAdministrativeExpenses": 214500000,
        "otherExpenses": 0,
        "operatingExpenses": 214500000,
        "costAndExpenses": 456500000,
        "interestIncome": 0,
        "interestExpense": 30900000,
        "depreciationAndAmortization": 33500000,
        "ebitda": 96091000,
        "ebitdaratio": 0.1843295607,
        "operatingIncome": 60800000,
        "operatingIncomeRatio": 0.1166314982,
        "totalOtherIncomeExpensesNet": -29100000,
        "incomeBeforeTax": 31700000,
        "incomeBeforeTaxRatio": 0.0608095147,
        "incomeTaxExpense": 9248000,
        "netIncome": 22400000,
        "netIncomeRatio": 0.0429694993,
        "eps": 0.5,
        "epsdiluted": 0.5,
        "weightedAverageShsOut": 45200000,
        "weightedAverageShsOutDil": 45200000,
        "link": "https://www.sec.gov/Archives/edgar/data/27996/000002799625000163/0000027996-25-000163-index.htm",
        "finalLink": "https://www.sec.gov/Archives/edgar/data/27996/000002799625000163/dlx-20250630.htm"
    },
    {
        "date": "2025-03-31",
        "symbol": "DLX",
        "reportedCurrency": "USD",
        "cik": "0000027996",
        "fillingDate": "2025-05-02",
        "acceptedDate": "2025-05-02 09:12:49",
        "calendarYear": "2025",
        "period": "Q1",
        "revenue": 536500000,
        "costOfRevenue": 255500000,
        "grossProfit": 281000000,
        "grossProfitRatio": 0.5237651445,
        "researchAndDevelopmentExpenses": 0,
        "generalAndAdministrativeExpenses": 0,
        "sellingAndMarketingExpenses": 0,
        "sellingGeneralAndAdministrativeExpenses": 225200000,
        "otherExpenses": 0,
        "operatingExpenses": 225200000,
        "costAndExpenses": 480700000,
        "interestIncome": 0,
        "interestExpense": 31300000,
        "depreciationAndAmortization": 60067000,
        "ebitda": 48067000,
        "ebitdaratio": 0.0895936626,
        "operatingIncome": 48100000,
        "operatingIncomeRatio": 0.0896551724,
        "totalOtherIncomeExpensesNet": -28800000,
        "incomeBeforeTax": 19300000,
        "incomeBeforeTaxRatio": 0.0359739049,
        "incomeTaxExpense": 5221000,
        "netIncome": 14000000,
        "netIncomeRatio": 0.0260950606,
        "eps": 0.31,
        "epsdiluted": 0.31,
        "weightedAverageShsOut": 44717000,
        "weightedAverageShsOutDil": 45300000,
        "link": "https://www.sec.gov/Archives/edgar/data/27996/000002799625000142/0000027996-25-000142-index.htm",
        "finalLink": "https://www.sec.gov/Archives/edgar/data/27996/000002799625000142/dlx-20250331.htm"
    },
    {
        "date": "2024-12-31",
        "symbol": "DLX",
        "reportedCurrency": "USD",
        "cik": "0000027996",
        "fillingDate": "2025-02-21",
        "acceptedDate": "2025-02-21 10:11:15",
        "calendarYear": "2024",
        "period": "Q4",
        "revenue": 520546000,
        "costOfRevenue": 248291000,
        "grossProfit": 272255000,
        "grossProfitRatio": 0.5230181386,
        "researchAndDevelopmentExpenses": 0,
        "generalAndAdministrativeExpenses": 0,
        "sellingAndMarketingExpenses": 0,
        "sellingGeneralAndAdministrativeExpenses": 213500000,
        "otherExpenses": 11697000,
        "operatingExpenses": 225188000,
        "costAndExpenses": 473479000,
        "interestIncome": 0,
        "interestExpense": 32371000,
        "depreciationAndAmortization": 37828000,
        "ebitda": 85937000,
        "ebitdaratio": 0.1650901169,
        "operatingIncome": 47100000,
        "operatingIncomeRatio": 0.0904819171,
        "totalOtherIncomeExpensesNet": -31400000,
        "incomeBeforeTax": 15700000,
        "incomeBeforeTaxRatio": 0.030160639,
        "incomeTaxExpense": 3089000,
        "netIncome": 12600000,
        "netIncomeRatio": 0.0242053536,
        "eps": 0.28,
        "epsdiluted": 0.28,
        "weightedAverageShsOut": 44315000,
        "weightedAverageShsOutDil": 44900000,
        "link": "https://www.sec.gov/Archives/edgar/data/27996/000002799625000051/0000027996-25-000051-index.htm",
        "finalLink": "https://www.sec.gov/Archives/edgar/data/27996/000002799625000051/dlx-20241231.htm"
    },
    {
        "date": "2024-09-30",
        "symbol": "DLX",
        "reportedCurrency": "USD",
        "cik": "0000027996",
        "fillingDate": "2024-11-07",
        "acceptedDate": "2024-11-07 10:01:02",
        "calendarYear": "2024",
        "period": "Q3",
        "revenue": 528444000,
        "costOfRevenue": 246577000,
        "grossProfit": 281867000,
        "grossProfitRatio": 0.5333904822,
        "researchAndDevelopmentExpenses": 0,
        "generalAndAdministrativeExpenses": 0,
        "sellingAndMarketingExpenses": 0,
        "sellingGeneralAndAdministrativeExpenses": 227764000,
        "otherExpenses": 12523000,
        "operatingExpenses": 240287000,
        "costAndExpenses": 486864000,
        "interestIncome": 0,
        "interestExpense": 29905000,
        "depreciationAndAmortization": 44277000,
        "ebitda": 87691000,
        "ebitdaratio": 0.1659418973,
        "operatingIncome": 41580000,
        "operatingIncomeRatio": 0.078683834,
        "totalOtherIncomeExpensesNet": -28071000,
        "incomeBeforeTax": 13509000,
        "incomeBeforeTaxRatio": 0.0255637305,
        "incomeTaxExpense": 4540000,
        "netIncome": 18100000,
        "netIncomeRatio": 0.0342515006,
        "eps": 0.41,
        "epsdiluted": 0.4,
        "weightedAverageShsOut": 44250000,
        "weightedAverageShsOutDil": 44806000,
        "link": "https://www.sec.gov/Archives/edgar/data/27996/000002799624000172/0000027996-24-000172-index.htm",
        "finalLink": "https://www.sec.gov/Archives/edgar/data/27996/000002799624000172/dlx-20240930.htm"
    },
    {
        "date": "2024-06-30",
        "symbol": "DLX",
        "reportedCurrency": "USD",
        "cik": "0000027996",
        "fillingDate": "2024-08-02",
        "acceptedDate": "2024-08-02 11:23:02",
        "calendarYear": "2024",
        "period": "Q2",
        "revenue": 537816000,
        "costOfRevenue": 249061000,
        "grossProfit": 288755000,
        "grossProfitRatio": 0.5369029557,
        "researchAndDevelopmentExpenses": 0,
        "generalAndAdministrativeExpenses": 0,
        "sellingAndMarketingExpenses": 0,
        "sellingGeneralAndAdministrativeExpenses": 233818000,
        "otherExpenses": 1786000,
        "operatingExpenses": 233818000,
        "costAndExpenses": 482879000,
        "interestIncome": 0,
        "interestExpense": 30197000,
        "depreciationAndAmortization": 41692000,
        "ebitda": 105134000,
        "ebitdaratio": 0.1954832136,
        "operatingIncome": 54937000,
        "operatingIncomeRatio": 0.1021483184,
        "totalOtherIncomeExpensesNet": -28411000,
        "incomeBeforeTax": 30898000,
        "incomeBeforeTaxRatio": 0.0574508754,
        "incomeTaxExpense": 10401000,
        "netIncome": 20459000,
        "netIncomeRatio": 0.0380408913,
        "eps": 0.46,
        "epsdiluted": 0.46,
        "weightedAverageShsOut": 44162000,
        "weightedAverageShsOutDil": 44686000,
        "link": "https://www.sec.gov/Archives/edgar/data/27996/000002799624000141/0000027996-24-000141-index.htm",
        "finalLink": "https://www.sec.gov/Archives/edgar/data/27996/000002799624000141/dlx-20240630.htm"
    },
    {
        "date": "2024-03-31",
        "symbol": "DLX",
        "reportedCurrency": "USD",
        "cik": "0000027996",
        "fillingDate": "2024-05-03",
        "acceptedDate": "2024-05-03 10:38:17",
        "calendarYear": "2024",
        "period": "Q1",
        "revenue": 534955000,
        "costOfRevenue": 250485000,
        "grossProfit": 284470000,
        "grossProfitRatio": 0.531764354,
        "researchAndDevelopmentExpenses": 0,
        "generalAndAdministrativeExpenses": 0,
        "sellingAndMarketingExpenses": 0,
        "sellingGeneralAndAdministrativeExpenses": 234093000,
        "otherExpenses": 0,
        "operatingExpenses": 234093000,
        "costAndExpenses": 484578000,
        "interestIncome": 0,
        "interestExpense": 30809000,
        "depreciationAndAmortization": 41747000,
        "ebitda": 96878000,
        "ebitdaratio": 0.1810956062,
        "operatingIncome": 50377000,
        "operatingIncomeRatio": 0.0941705377,
        "totalOtherIncomeExpensesNet": -27869000,
        "incomeBeforeTax": 16352000,
        "incomeBeforeTaxRatio": 0.030567057,
        "incomeTaxExpense": 5522000,
        "netIncome": 10803000,
        "netIncomeRatio": 0.0201942219,
        "eps": 0.25,
        "epsdiluted": 0.24,
        "weightedAverageShsOut": 43917000,
        "weightedAverageShsOutDil": 44487000,
        "link": "https://www.sec.gov/Archives/edgar/data/27996/000002799624000120/0000027996-24-000120-index.htm",
        "finalLink": "https://www.sec.gov/Archives/edgar/data/27996/000002799624000120/dlx-20240331.htm"
    },
    {
        "date": "2023-12-31",
        "symbol": "DLX",
        "reportedCurrency": "USD",
        "cik": "0000027996",
        "fillingDate": "2024-02-22",
        "acceptedDate": "2024-02-22 13:11:54",
        "calendarYear": "2023",
        "period": "Q4",
        "revenue": 537400000,
        "costOfRevenue": 253900000,
        "grossProfit": 283500000,
        "grossProfitRatio": 0.5275400074,
        "researchAndDevelopmentExpenses": 0,
        "generalAndAdministrativeExpenses": 0,
        "sellingAndMarketingExpenses": 0,
        "sellingGeneralAndAdministrativeExpenses": 229100000,
        "otherExpenses": 0,
        "operatingExpenses": 229100000,
        "costAndExpenses": 483000000,
        "interestIncome": 0,
        "interestExpense": 31700000,
        "depreciationAndAmortization": 44718000,
        "ebitda": 98702000,
        "ebitdaratio": 0.1836657983,
        "operatingIncome": 54400000,
        "operatingIncomeRatio": 0.1012281355,
        "totalOtherIncomeExpensesNet": -31572000,
        "incomeBeforeTax": 19400000,
        "incomeBeforeTaxRatio": 0.0360997395,
        "incomeTaxExpense": 4400000,
        "netIncome": 14976000,
        "netIncomeRatio": 0.0278675102,
        "eps": 0.34,
        "epsdiluted": 0.34,
        "weightedAverageShsOut": 43743000,
        "weightedAverageShsOutDil": 44100000,
        "link": "https://www.sec.gov/Archives/edgar/data/27996/000002799624000065/0000027996-24-000065-index.htm",
        "finalLink": "https://www.sec.gov/Archives/edgar/data/27996/000002799624000065/dlx-20231231.htm"
    },
    {
        "date": "2023-09-30",
        "symbol": "DLX",
        "reportedCurrency": "USD",
        "cik": "0000027996",
        "fillingDate": "2023-11-03",
        "acceptedDate": "2023-11-03 12:03:41",
        "calendarYear": "2023",
        "period": "Q3",
        "revenue": 537800000,
        "costOfRevenue": 255100000,
        "grossProfit": 282700000,
        "grossProfitRatio": 0.5256600967,
        "researchAndDevelopmentExpenses": 0,
        "generalAndAdministrativeExpenses": 0,
        "sellingAndMarketingExpenses": 0,
        "sellingGeneralAndAdministrativeExpenses": 233900000,
        "otherExpenses": 1200000,
        "operatingExpenses": 233900000,
        "costAndExpenses": 489000000,
        "interestIncome": 0,
        "interestExpense": 32034000,
        "depreciationAndAmortization": 38857000,
        "ebitda": 95233000,
        "ebitdaratio": 0.1770788397,
        "operatingIncome": 21600000,
        "operatingIncomeRatio": 0.0401636296,
        "totalOtherIncomeExpensesNet": -30718000,
        "incomeBeforeTax": -9200000,
        "incomeBeforeTaxRatio": -0.0171067311,
        "incomeTaxExpense": -1200000,
        "netIncome": -8000000,
        "netIncomeRatio": -0.0148754184,
        "eps": -0.18,
        "epsdiluted": -0.18,
        "weightedAverageShsOut": 43663000,
        "weightedAverageShsOutDil": 43663000,
        "link": "https://www.sec.gov/Archives/edgar/data/27996/000002799623000176/0000027996-23-000176-index.htm",
        "finalLink": "https://www.sec.gov/Archives/edgar/data/27996/000002799623000176/dlx-20230930.htm"
    },
    {
        "date": "2023-06-30",
        "symbol": "DLX",
        "reportedCurrency": "USD",
        "cik": "0000027996",
        "fillingDate": "2023-08-04",
        "acceptedDate": "2023-08-04 14:03:03",
        "calendarYear": "2023",
        "period": "Q2",
        "revenue": 571700000,
        "costOfRevenue": 270000000,
        "grossProfit": 301700000,
        "grossProfitRatio": 0.5277243309,
        "researchAndDevelopmentExpenses": 0,
        "generalAndAdministrativeExpenses": 0,
        "sellingAndMarketingExpenses": 0,
        "sellingGeneralAndAdministrativeExpenses": 245300000,
        "otherExpenses": 800000,
        "operatingExpenses": 245300000,
        "costAndExpenses": 515300000,
        "interestIncome": 0,
        "interestExpense": 31932000,
        "depreciationAndAmortization": 42608000,
        "ebitda": 103395000,
        "ebitdaratio": 0.1808553437,
        "operatingIncome": 54100000,
        "operatingIncomeRatio": 0.0946300507,
        "totalOtherIncomeExpensesNet": -31108000,
        "incomeBeforeTax": 23000000,
        "incomeBeforeTaxRatio": 0.0402308903,
        "incomeTaxExpense": 6600000,
        "netIncome": 16375000,
        "netIncomeRatio": 0.0286426447,
        "eps": 0.38,
        "epsdiluted": 0.37,
        "weightedAverageShsOut": 43524000,
        "weightedAverageShsOutDil": 43740000,
        "link": "https://www.sec.gov/Archives/edgar/data/27996/000002799623000162/0000027996-23-000162-index.htm",
        "finalLink": "https://www.sec.gov/Archives/edgar/data/27996/000002799623000162/dlx-20230630.htm"
    },
    {
        "date": "2023-03-31",
        "symbol": "DLX",
        "reportedCurrency": "USD",
        "cik": "0000027996",
        "fillingDate": "2023-05-09",
        "acceptedDate": "2023-05-09 14:25:00",
        "calendarYear": "2023",
        "period": "Q1",
        "revenue": 545365000,
        "costOfRevenue": 250663000,
        "grossProfit": 294702000,
        "grossProfitRatio": 0.5403757117,
        "researchAndDevelopmentExpenses": 0,
        "generalAndAdministrativeExpenses": 0,
        "sellingAndMarketingExpenses": 0,
        "sellingGeneralAndAdministrativeExpenses": 247630000,
        "otherExpenses": 12941000,
        "operatingExpenses": 260571000,
        "costAndExpenses": 511234000,
        "interestIncome": 0,
        "interestExpense": 30016000,
        "depreciationAndAmortization": 43520000,
        "ebitda": 80075000,
        "ebitdaratio": 0.146828271,
        "operatingIncome": 34131000,
        "operatingIncomeRatio": 0.0625837742,
        "totalOtherIncomeExpensesNet": -27592000,
        "incomeBeforeTax": 6539000,
        "incomeBeforeTaxRatio": 0.011990135,
        "incomeTaxExpense": 3759000,
        "netIncome": 2752000,
        "netIncomeRatio": 0.0050461617,
        "eps": 0.0617,
        "epsdiluted": 0.0624,
        "weightedAverageShsOut": 44126607,
        "weightedAverageShsOutDil": 43661000,
        "link": "https://www.sec.gov/Archives/edgar/data/27996/000002799623000134/0000027996-23-000134-index.htm",
        "finalLink": "https://www.sec.gov/Archives/edgar/data/27996/000002799623000134/dlx-20230331.htm"
    },
    {
        "date": "2022-12-31",
        "symbol": "DLX",
        "reportedCurrency": "USD",
        "cik": "0000027996",
        "fillingDate": "2023-02-24",
        "acceptedDate": "2023-02-24 16:09:45",
        "calendarYear": "2022",
        "period": "Q4",
        "revenue": 564000000,
        "costOfRevenue": 262600000,
        "grossProfit": 301400000,
        "grossProfitRatio": 0.5343971631,
        "researchAndDevelopmentExpenses": 0,
        "generalAndAdministrativeExpenses": 0,
        "sellingAndMarketingExpenses": 0,
        "sellingGeneralAndAdministrativeExpenses": 240100000,
        "otherExpenses": 1900000,
        "operatingExpenses": 240100000,
        "costAndExpenses": 502700000,
        "interestIncome": 0,
        "interestExpense": 28983000,
        "depreciationAndAmortization": 43604000,
        "ebitda": 100809000,
        "ebitdaratio": 0.1787393617,
        "operatingIncome": 19548000,
        "operatingIncomeRatio": 0.0346595745,
        "totalOtherIncomeExpensesNet": -27089000,
        "incomeBeforeTax": 18300000,
        "incomeBeforeTaxRatio": 0.0324468085,
        "incomeTaxExpense": -700000,
        "netIncome": 18965000,
        "netIncomeRatio": 0.0336258865,
        "eps": 0.44,
        "epsdiluted": 0.44,
        "weightedAverageShsOut": 43164035,
        "weightedAverageShsOutDil": 43400000,
        "link": "https://www.sec.gov/Archives/edgar/data/27996/000002799623000060/0000027996-23-000060-index.htm",
        "finalLink": "https://www.sec.gov/Archives/edgar/data/27996/000002799623000060/dlx-20221231.htm"
    },
    {
        "date": "2022-09-30",
        "symbol": "DLX",
        "reportedCurrency": "USD",
        "cik": "0000027996",
        "fillingDate": "2022-11-04",
        "acceptedDate": "2022-11-04 10:31:52",
        "calendarYear": "2022",
        "period": "Q3",
        "revenue": 555038000,
        "costOfRevenue": 256225000,
        "grossProfit": 298813000,
        "grossProfitRatio": 0.5383649408,
        "researchAndDevelopmentExpenses": 0,
        "generalAndAdministrativeExpenses": 0,
        "sellingAndMarketingExpenses": 0,
        "sellingGeneralAndAdministrativeExpenses": 243816000,
        "otherExpenses": 0,
        "operatingExpenses": 243816000,
        "costAndExpenses": 500041000,
        "interestIncome": 0,
        "interestExpense": 23799000,
        "depreciationAndAmortization": 42304000,
        "ebitda": 99148000,
        "ebitdaratio": 0.1786328143,
        "operatingIncome": 58072000,
        "operatingIncomeRatio": 0.1046270706,
        "totalOtherIncomeExpensesNet": -20724000,
        "incomeBeforeTax": 20889000,
        "incomeBeforeTaxRatio": 0.037635261,
        "incomeTaxExpense": 6129000,
        "netIncome": 14715000,
        "netIncomeRatio": 0.0265116983,
        "eps": 0.34,
        "epsdiluted": 0.34,
        "weightedAverageShsOut": 43116000,
        "weightedAverageShsOutDil": 43350000,
        "link": "https://www.sec.gov/Archives/edgar/data/27996/000002799622000206/0000027996-22-000206-index.htm",
        "finalLink": "https://www.sec.gov/Archives/edgar/data/27996/000002799622000206/dlx-20220930.htm"
    },
    {
        "date": "2022-06-30",
        "symbol": "DLX",
        "reportedCurrency": "USD",
        "cik": "0000027996",
        "fillingDate": "2022-08-05",
        "acceptedDate": "2022-08-05 10:57:58",
        "calendarYear": "2022",
        "period": "Q2",
        "revenue": 563000000,
        "costOfRevenue": 264200000,
        "grossProfit": 298800000,
        "grossProfitRatio": 0.5307282416,
        "researchAndDevelopmentExpenses": 0,
        "generalAndAdministrativeExpenses": 0,
        "sellingAndMarketingExpenses": 0,
        "sellingGeneralAndAdministrativeExpenses": 249500000,
        "otherExpenses": 2400000,
        "operatingExpenses": 249500000,
        "costAndExpenses": 513700000,
        "interestIncome": 0,
        "interestExpense": 21400000,
        "depreciationAndAmortization": 45047000,
        "ebitda": 96004000,
        "ebitdaratio": 0.1705222025,
        "operatingIncome": 6653000,
        "operatingIncomeRatio": 0.0118170515,
        "totalOtherIncomeExpensesNet": -18935000,
        "incomeBeforeTax": 32600000,
        "incomeBeforeTaxRatio": 0.0579040853,
        "incomeTaxExpense": 10500000,
        "netIncome": 22046000,
        "netIncomeRatio": 0.0391580817,
        "eps": 0.51,
        "epsdiluted": 0.51,
        "weightedAverageShsOut": 43016000,
        "weightedAverageShsOutDil": 43285000,
        "link": "https://www.sec.gov/Archives/edgar/data/27996/000002799622000191/0000027996-22-000191-index.htm",
        "finalLink": "https://www.sec.gov/Archives/edgar/data/27996/000002799622000191/dlx-20220630.htm"
    },
    {
        "date": "2022-03-31",
        "symbol": "DLX",
        "reportedCurrency": "USD",
        "cik": "0000027996",
        "fillingDate": "2022-05-06",
        "acceptedDate": "2022-05-06 11:45:48",
        "calendarYear": "2022",
        "period": "Q1",
        "revenue": 556015000,
        "costOfRevenue": 249194000,
        "grossProfit": 306821000,
        "grossProfitRatio": 0.5518214437,
        "researchAndDevelopmentExpenses": 0,
        "generalAndAdministrativeExpenses": 0,
        "sellingAndMarketingExpenses": 0,
        "sellingGeneralAndAdministrativeExpenses": 259699000,
        "otherExpenses": 2004000,
        "operatingExpenses": 259699000,
        "costAndExpenses": 508893000,
        "interestIncome": 0,
        "interestExpense": 20324000,
        "depreciationAndAmortization": 41597000,
        "ebitda": 90494000,
        "ebitdaratio": 0.1627546019,
        "operatingIncome": 49126000,
        "operatingIncomeRatio": 0.0883537315,
        "totalOtherIncomeExpensesNet": -18320000,
        "incomeBeforeTax": 12558000,
        "incomeBeforeTaxRatio": 0.0225857216,
        "incomeTaxExpense": 2878000,
        "netIncome": 9634000,
        "netIncomeRatio": 0.0173268707,
        "eps": 0.23,
        "epsdiluted": 0.22,
        "weightedAverageShsOut": 42803000,
        "weightedAverageShsOutDil": 43232000,
        "link": "https://www.sec.gov/Archives/edgar/data/27996/000002799622000165/0000027996-22-000165-index.htm",
        "finalLink": "https://www.sec.gov/Archives/edgar/data/27996/000002799622000165/dlx-20220331.htm"
    },
    {
        "date": "2021-12-31",
        "symbol": "DLX",
        "reportedCurrency": "USD",
        "cik": "0000027996",
        "fillingDate": "2022-02-28",
        "acceptedDate": "2022-02-28 13:55:54",
        "calendarYear": "2021",
        "period": "Q4",
        "revenue": 570600000,
        "costOfRevenue": 255100000,
        "grossProfit": 315500000,
        "grossProfitRatio": 0.5529267438,
        "researchAndDevelopmentExpenses": 0,
        "generalAndAdministrativeExpenses": 0,
        "sellingAndMarketingExpenses": 0,
        "sellingGeneralAndAdministrativeExpenses": 255400000,
        "otherExpenses": 700000,
        "operatingExpenses": 255400000,
        "costAndExpenses": 510500000,
        "interestIncome": 0,
        "interestExpense": 20000000,
        "depreciationAndAmortization": 45838000,
        "ebitda": 89589000,
        "ebitdaratio": 0.1570084122,
        "operatingIncome": 43400000,
        "operatingIncomeRatio": 0.0760602874,
        "totalOtherIncomeExpensesNet": -19246000,
        "incomeBeforeTax": 24100000,
        "incomeBeforeTaxRatio": 0.0422362426,
        "incomeTaxExpense": 10300000,
        "netIncome": 13767000,
        "netIncomeRatio": 0.0241272345,
        "eps": 0.32,
        "epsdiluted": 0.32,
        "weightedAverageShsOut": 42679000,
        "weightedAverageShsOutDil": 43100000,
        "link": "https://www.sec.gov/Archives/edgar/data/27996/000002799622000078/0000027996-22-000078-index.htm",
        "finalLink": "https://www.sec.gov/Archives/edgar/data/27996/000002799622000078/dlx-20211231.htm"
    },
    {
        "date": "2021-09-30",
        "symbol": "DLX",
        "reportedCurrency": "USD",
        "cik": "0000027996",
        "fillingDate": "2021-11-05",
        "acceptedDate": "2021-11-05 12:24:23",
        "calendarYear": "2021",
        "period": "Q3",
        "revenue": 532141000,
        "costOfRevenue": 244151000,
        "grossProfit": 287990000,
        "grossProfitRatio": 0.5411911505,
        "researchAndDevelopmentExpenses": 0,
        "generalAndAdministrativeExpenses": 0,
        "sellingAndMarketingExpenses": 0,
        "sellingGeneralAndAdministrativeExpenses": 239251000,
        "otherExpenses": 2282000,
        "operatingExpenses": 239251000,
        "costAndExpenses": 483402000,
        "interestIncome": 0,
        "interestExpense": 21494000,
        "depreciationAndAmortization": 41905000,
        "ebitda": 92433000,
        "ebitdaratio": 0.1737002035,
        "operatingIncome": 36404000,
        "operatingIncomeRatio": 0.0684104401,
        "totalOtherIncomeExpensesNet": -19212000,
        "incomeBeforeTax": 17192000,
        "incomeBeforeTaxRatio": 0.0323072268,
        "incomeTaxExpense": 4691000,
        "netIncome": 12455000,
        "netIncomeRatio": 0.0234054508,
        "eps": 0.29,
        "epsdiluted": 0.28,
        "weightedAverageShsOut": 42574000,
        "weightedAverageShsOutDil": 43031000,
        "link": "https://www.sec.gov/Archives/edgar/data/27996/000002799621000196/0000027996-21-000196-index.htm",
        "finalLink": "https://www.sec.gov/Archives/edgar/data/27996/000002799621000196/dlx-20210930.htm"
    },
    {
        "date": "2021-06-30",
        "symbol": "DLX",
        "reportedCurrency": "USD",
        "cik": "0000027996",
        "fillingDate": "2021-08-06",
        "acceptedDate": "2021-08-06 14:58:53",
        "calendarYear": "2021",
        "period": "Q2",
        "revenue": 478200000,
        "costOfRevenue": 206600000,
        "grossProfit": 271600000,
        "grossProfitRatio": 0.5679631953,
        "researchAndDevelopmentExpenses": 0,
        "generalAndAdministrativeExpenses": 0,
        "sellingAndMarketingExpenses": 0,
        "sellingGeneralAndAdministrativeExpenses": 233800000,
        "otherExpenses": 2100000,
        "operatingExpenses": 233800000,
        "costAndExpenses": 440400000,
        "interestIncome": 0,
        "interestExpense": 9500000,
        "depreciationAndAmortization": 33244000,
        "ebitda": 89016000,
        "ebitdaratio": 0.1861480552,
        "operatingIncome": 26400000,
        "operatingIncomeRatio": 0.0552070263,
        "totalOtherIncomeExpensesNet": -7401000,
        "incomeBeforeTax": 19000000,
        "incomeBeforeTaxRatio": 0.0397323296,
        "incomeTaxExpense": 6900000,
        "netIncome": 12090000,
        "netIncomeRatio": 0.0252823087,
        "eps": 0.29,
        "epsdiluted": 0.28,
        "weightedAverageShsOut": 42275000,
        "weightedAverageShsOutDil": 42719000,
        "link": "https://www.sec.gov/Archives/edgar/data/27996/000002799621000181/0000027996-21-000181-index.htm",
        "finalLink": "https://www.sec.gov/Archives/edgar/data/27996/000002799621000181/dlx-20210630.htm"
    },
    {
        "date": "2021-03-31",
        "symbol": "DLX",
        "reportedCurrency": "USD",
        "cik": "0000027996",
        "fillingDate": "2021-05-07",
        "acceptedDate": "2021-05-07 13:18:47",
        "calendarYear": "2021",
        "period": "Q1",
        "revenue": 441264000,
        "costOfRevenue": 178509000,
        "grossProfit": 262755000,
        "grossProfitRatio": 0.5954598608,
        "researchAndDevelopmentExpenses": 0,
        "generalAndAdministrativeExpenses": 0,
        "sellingAndMarketingExpenses": 0,
        "sellingGeneralAndAdministrativeExpenses": 212436000,
        "otherExpenses": 2033000,
        "operatingExpenses": 212436000,
        "costAndExpenses": 390945000,
        "interestIncome": 0,
        "interestExpense": 4524000,
        "depreciationAndAmortization": 27780000,
        "ebitda": 83344000,
        "ebitdaratio": 0.1888755937,
        "operatingIncome": 36006000,
        "operatingIncomeRatio": 0.0815974111,
        "totalOtherIncomeExpensesNet": -2491000,
        "incomeBeforeTax": 33515000,
        "incomeBeforeTaxRatio": 0.0759522644,
        "incomeTaxExpense": 9190000,
        "netIncome": 24273000,
        "netIncomeRatio": 0.0550078864,
        "eps": 0.58,
        "epsdiluted": 0.57,
        "weightedAverageShsOut": 42046000,
        "weightedAverageShsOutDil": 42504000,
        "link": "https://www.sec.gov/Archives/edgar/data/27996/000002799621000147/0000027996-21-000147-index.htm",
        "finalLink": "https://www.sec.gov/Archives/edgar/data/27996/000002799621000147/dlx-20210331.htm"
    },
    {
        "date": "2020-12-31",
        "symbol": "DLX",
        "reportedCurrency": "USD",
        "cik": "0000027996",
        "fillingDate": "2021-02-19",
        "acceptedDate": "2021-02-19 15:32:17",
        "calendarYear": "2020",
        "period": "Q4",
        "revenue": 454500000,
        "costOfRevenue": 192000000,
        "grossProfit": 262500000,
        "grossProfitRatio": 0.5775577558,
        "researchAndDevelopmentExpenses": 0,
        "generalAndAdministrativeExpenses": 207013000,
        "sellingAndMarketingExpenses": -13000,
        "sellingGeneralAndAdministrativeExpenses": 207000000,
        "otherExpenses": 700000,
        "operatingExpenses": 207000000,
        "costAndExpenses": 399000000,
        "interestIncome": 0,
        "interestExpense": 4900000,
        "depreciationAndAmortization": 27727000,
        "ebitda": 64573000,
        "ebitdaratio": 0.1420748075,
        "operatingIncome": 36600000,
        "operatingIncomeRatio": 0.0805280528,
        "totalOtherIncomeExpensesNet": -4154000,
        "incomeBeforeTax": 32400000,
        "incomeBeforeTaxRatio": 0.0712871287,
        "incomeTaxExpense": 7700000,
        "netIncome": 24652000,
        "netIncomeRatio": 0.054239824,
        "eps": 0.59,
        "epsdiluted": 0.58,
        "weightedAverageShsOut": 41973000,
        "weightedAverageShsOutDil": 42200000,
        "link": "https://www.sec.gov/Archives/edgar/data/27996/000002799621000033/0000027996-21-000033-index.htm",
        "finalLink": "https://www.sec.gov/Archives/edgar/data/27996/000002799621000033/dlx-20201231.htm"
    },
    {
        "date": "2020-09-30",
        "symbol": "DLX",
        "reportedCurrency": "USD",
        "cik": "0000027996",
        "fillingDate": "2020-11-06",
        "acceptedDate": "2020-11-06 12:56:06",
        "calendarYear": "2020",
        "period": "Q3",
        "revenue": 439500000,
        "costOfRevenue": 174500000,
        "grossProfit": 265000000,
        "grossProfitRatio": 0.6029579067,
        "researchAndDevelopmentExpenses": 0,
        "generalAndAdministrativeExpenses": 0,
        "sellingAndMarketingExpenses": 0,
        "sellingGeneralAndAdministrativeExpenses": 198900000,
        "otherExpenses": 0,
        "operatingExpenses": 198900000,
        "costAndExpenses": 373400000,
        "interestIncome": 0,
        "interestExpense": 5100000,
        "depreciationAndAmortization": 27972000,
        "ebitda": 95282000,
        "ebitdaratio": 0.2167963595,
        "operatingIncome": 44400000,
        "operatingIncomeRatio": 0.1010238908,
        "totalOtherIncomeExpensesNet": -2882000,
        "incomeBeforeTax": 41500000,
        "incomeBeforeTaxRatio": 0.0944254835,
        "incomeTaxExpense": 12100000,
        "netIncome": 29393000,
        "netIncomeRatio": 0.0668782708,
        "eps": 0.7,
        "epsdiluted": 0.7,
        "weightedAverageShsOut": 41872000,
        "weightedAverageShsOutDil": 41991000,
        "link": "https://www.sec.gov/Archives/edgar/data/27996/000002799620000118/0000027996-20-000118-index.htm",
        "finalLink": "https://www.sec.gov/Archives/edgar/data/27996/000002799620000118/dlx-20200930.htm"
    },
    {
        "date": "2020-06-30",
        "symbol": "DLX",
        "reportedCurrency": "USD",
        "cik": "0000027996",
        "fillingDate": "2020-07-31",
        "acceptedDate": "2020-07-31 13:37:09",
        "calendarYear": "2020",
        "period": "Q2",
        "revenue": 410405000,
        "costOfRevenue": 162283000,
        "grossProfit": 248122000,
        "grossProfitRatio": 0.6045784043,
        "researchAndDevelopmentExpenses": 0,
        "generalAndAdministrativeExpenses": 198570000,
        "sellingAndMarketingExpenses": 0,
        "sellingGeneralAndAdministrativeExpenses": 198570000,
        "otherExpenses": 1808000,
        "operatingExpenses": 198570000,
        "costAndExpenses": 360853000,
        "interestIncome": 0,
        "interestExpense": 6171000,
        "depreciationAndAmortization": 26663000,
        "ebitda": 77450000,
        "ebitdaratio": 0.1887160244,
        "operatingIncome": 24315000,
        "operatingIncomeRatio": 0.0592463542,
        "totalOtherIncomeExpensesNet": -4363000,
        "incomeBeforeTax": 19952000,
        "incomeBeforeTaxRatio": 0.0486153921,
        "incomeTaxExpense": 5074000,
        "netIncome": 14846000,
        "netIncomeRatio": 0.0361740232,
        "eps": 0.36,
        "epsdiluted": 0.35,
        "weightedAverageShsOut": 41797000,
        "weightedAverageShsOutDil": 41948000,
        "link": "https://www.sec.gov/Archives/edgar/data/27996/000002799620000100/0000027996-20-000100-index.htm",
        "finalLink": "https://www.sec.gov/Archives/edgar/data/27996/000002799620000100/a202063010-q.htm"
    },
    {
        "date": "2020-03-31",
        "symbol": "DLX",
        "reportedCurrency": "USD",
        "cik": "0000027996",
        "fillingDate": "2020-05-08",
        "acceptedDate": "2020-05-08 13:03:36",
        "calendarYear": "2020",
        "period": "Q1",
        "revenue": 486400000,
        "costOfRevenue": 202000000,
        "grossProfit": 284400000,
        "grossProfitRatio": 0.5847039474,
        "researchAndDevelopmentExpenses": 0,
        "generalAndAdministrativeExpenses": 237204000,
        "sellingAndMarketingExpenses": -4000,
        "sellingGeneralAndAdministrativeExpenses": 237200000,
        "otherExpenses": 0,
        "operatingExpenses": 237200000,
        "costAndExpenses": 439200000,
        "interestIncome": 0,
        "interestExpense": 7000000,
        "depreciationAndAmortization": 28430000,
        "ebitda": -23886000,
        "ebitdaratio": -0.0491077303,
        "operatingIncome": -60800000,
        "operatingIncomeRatio": -0.125,
        "totalOtherIncomeExpensesNet": -2527000,
        "incomeBeforeTax": -63300000,
        "incomeBeforeTaxRatio": -0.1301398026,
        "incomeTaxExpense": -3200000,
        "netIncome": -60100000,
        "netIncomeRatio": -0.1235608553,
        "eps": -1.43,
        "epsdiluted": -1.43,
        "weightedAverageShsOut": 42028000,
        "weightedAverageShsOutDil": 42065000,
        "link": "https://www.sec.gov/Archives/edgar/data/27996/000002799620000079/0000027996-20-000079-index.htm",
        "finalLink": "https://www.sec.gov/Archives/edgar/data/27996/000002799620000079/a202033110-q.htm"
    },
    {
        "date": "2019-12-31",
        "symbol": "DLX",
        "reportedCurrency": "USD",
        "cik": "0000027996",
        "fillingDate": "2020-02-21",
        "acceptedDate": "2020-02-21 15:56:30",
        "calendarYear": "2019",
        "period": "Q4",
        "revenue": 522100000,
        "costOfRevenue": 215300000,
        "grossProfit": 306800000,
        "grossProfitRatio": 0.5876268914,
        "researchAndDevelopmentExpenses": 0,
        "generalAndAdministrativeExpenses": 225906000,
        "sellingAndMarketingExpenses": -8206000,
        "sellingGeneralAndAdministrativeExpenses": 217700000,
        "otherExpenses": 1100000,
        "operatingExpenses": 217700000,
        "costAndExpenses": 433000000,
        "interestIncome": 0,
        "interestExpense": 7400000,
        "depreciationAndAmortization": 30606000,
        "ebitda": 98626000,
        "ebitdaratio": 0.1889025091,
        "operatingIncome": 66900000,
        "operatingIncomeRatio": 0.1281363723,
        "totalOtherIncomeExpensesNet": -6356000,
        "incomeBeforeTax": 60600000,
        "incomeBeforeTaxRatio": 0.1160697184,
        "incomeTaxExpense": 15800000,
        "netIncome": 44802000,
        "netIncomeRatio": 0.0858111473,
        "eps": 1.06,
        "epsdiluted": 1.06,
        "weightedAverageShsOut": 42126000,
        "weightedAverageShsOutDil": 42300000,
        "link": "https://www.sec.gov/Archives/edgar/data/27996/000002799620000022/0000027996-20-000022-index.htm",
        "finalLink": "https://www.sec.gov/Archives/edgar/data/27996/000002799620000022/a2019123110-k.htm"
    },
    {
        "date": "2019-09-30",
        "symbol": "DLX",
        "reportedCurrency": "USD",
        "cik": "0000027996",
        "fillingDate": "2019-10-25",
        "acceptedDate": "2019-10-25 11:13:07",
        "calendarYear": "2019",
        "period": "Q3",
        "revenue": 493593000,
        "costOfRevenue": 203723000,
        "grossProfit": 289870000,
        "grossProfitRatio": 0.5872652165,
        "researchAndDevelopmentExpenses": 0,
        "generalAndAdministrativeExpenses": 213318000,
        "sellingAndMarketingExpenses": 0,
        "sellingGeneralAndAdministrativeExpenses": 213318000,
        "otherExpenses": 0,
        "operatingExpenses": 213318000,
        "costAndExpenses": 417041000,
        "interestIncome": 0,
        "interestExpense": 8710000,
        "depreciationAndAmortization": 30494000,
        "ebitda": -308006000,
        "ebitdaratio": -0.624008039,
        "operatingIncome": -340683000,
        "operatingIncomeRatio": -0.6902103555,
        "totalOtherIncomeExpensesNet": -6527000,
        "incomeBeforeTax": -347210000,
        "incomeBeforeTaxRatio": -0.7034338007,
        "incomeTaxExpense": -28717000,
        "netIncome": -318493000,
        "netIncomeRatio": -0.6452542885,
        "eps": -7.49,
        "epsdiluted": -7.49,
        "weightedAverageShsOut": 42525634,
        "weightedAverageShsOutDil": 42533000,
        "link": "https://www.sec.gov/Archives/edgar/data/27996/000002799619000105/0000027996-19-000105-index.htm",
        "finalLink": "https://www.sec.gov/Archives/edgar/data/27996/000002799619000105/a201993010-q.htm"
    },
    {
        "date": "2019-06-30",
        "symbol": "DLX",
        "reportedCurrency": "USD",
        "cik": "0000027996",
        "fillingDate": "2019-07-26",
        "acceptedDate": "2019-07-26 12:22:20",
        "calendarYear": "2019",
        "period": "Q2",
        "revenue": 494000000,
        "costOfRevenue": 202500000,
        "grossProfit": 291500000,
        "grossProfitRatio": 0.5900809717,
        "researchAndDevelopmentExpenses": 0,
        "generalAndAdministrativeExpenses": 222292000,
        "sellingAndMarketingExpenses": 108000,
        "sellingGeneralAndAdministrativeExpenses": 222400000,
        "otherExpenses": 2200000,
        "operatingExpenses": 222400000,
        "costAndExpenses": 424900000,
        "interestIncome": 0,
        "interestExpense": 9200000,
        "depreciationAndAmortization": 32517000,
        "ebitda": 104351000,
        "ebitdaratio": 0.2112368421,
        "operatingIncome": 51800000,
        "operatingIncomeRatio": 0.1048582996,
        "totalOtherIncomeExpensesNet": -7071000,
        "incomeBeforeTax": 44800000,
        "incomeBeforeTaxRatio": 0.0906882591,
        "incomeTaxExpense": 12200000,
        "netIncome": 32522000,
        "netIncomeRatio": 0.0658340081,
        "eps": 0.75,
        "epsdiluted": 0.75,
        "weightedAverageShsOut": 43400000,
        "weightedAverageShsOutDil": 43554000,
        "link": "https://www.sec.gov/Archives/edgar/data/27996/000002799619000093/0000027996-19-000093-index.htm",
        "finalLink": "https://www.sec.gov/Archives/edgar/data/27996/000002799619000093/a201963010-q.htm"
    },
    {
        "date": "2019-03-31",
        "symbol": "DLX",
        "reportedCurrency": "USD",
        "cik": "0000027996",
        "fillingDate": "2019-05-03",
        "acceptedDate": "2019-05-03 12:12:36",
        "calendarYear": "2019",
        "period": "Q1",
        "revenue": 499100000,
        "costOfRevenue": 199700000,
        "grossProfit": 299400000,
        "grossProfitRatio": 0.5998797836,
        "researchAndDevelopmentExpenses": 0,
        "generalAndAdministrativeExpenses": 230177000,
        "sellingAndMarketingExpenses": -77000,
        "sellingGeneralAndAdministrativeExpenses": 230100000,
        "otherExpenses": 1700000,
        "operatingExpenses": 230100000,
        "costAndExpenses": 429800000,
        "interestIncome": 0,
        "interestExpense": 9300000,
        "depreciationAndAmortization": 32419000,
        "ebitda": 108570000,
        "ebitdaratio": 0.2175315568,
        "operatingIncome": 63800000,
        "operatingIncomeRatio": 0.1278300942,
        "totalOtherIncomeExpensesNet": -7535000,
        "incomeBeforeTax": 56200000,
        "incomeBeforeTaxRatio": 0.1126026848,
        "incomeTaxExpense": 15000000,
        "netIncome": 41080000,
        "netIncomeRatio": 0.0823081547,
        "eps": 0.93,
        "epsdiluted": 0.93,
        "weightedAverageShsOut": 43965000,
        "weightedAverageShsOutDil": 44065000,
        "link": "https://www.sec.gov/Archives/edgar/data/27996/000002799619000068/0000027996-19-000068-index.htm",
        "finalLink": "https://www.sec.gov/Archives/edgar/data/27996/000002799619000068/a201933110-q.htm"
    },
    {
        "date": "2018-12-31",
        "symbol": "DLX",
        "reportedCurrency": "USD",
        "cik": "0000027996",
        "fillingDate": "2019-02-26",
        "acceptedDate": "2019-02-26 16:50:21",
        "calendarYear": "2018",
        "period": "Q4",
        "revenue": 524700000,
        "costOfRevenue": 215200000,
        "grossProfit": 309500000,
        "grossProfitRatio": 0.5898608729,
        "researchAndDevelopmentExpenses": 0,
        "generalAndAdministrativeExpenses": 224728000,
        "sellingAndMarketingExpenses": -8528000,
        "sellingGeneralAndAdministrativeExpenses": 216200000,
        "otherExpenses": 0,
        "operatingExpenses": 216200000,
        "costAndExpenses": 431400000,
        "interestIncome": 0,
        "interestExpense": 8200000,
        "depreciationAndAmortization": 34200000,
        "ebitda": 123177000,
        "ebitdaratio": 0.234757004,
        "operatingIncome": 86500000,
        "operatingIncomeRatio": 0.1648561083,
        "totalOtherIncomeExpensesNet": -5718000,
        "incomeBeforeTax": 80800000,
        "incomeBeforeTaxRatio": 0.1539927578,
        "incomeTaxExpense": 17300000,
        "netIncome": 56948000,
        "netIncomeRatio": 0.1085344006,
        "eps": 1.42,
        "epsdiluted": 1.4,
        "weightedAverageShsOut": 44647000,
        "weightedAverageShsOutDil": 45500000,
        "link": "https://www.sec.gov/Archives/edgar/data/27996/000002799619000036/0000027996-19-000036-index.htm",
        "finalLink": "https://www.sec.gov/Archives/edgar/data/27996/000002799619000036/a2018123110-k.htm"
    },
    {
        "date": "2018-09-30",
        "symbol": "DLX",
        "reportedCurrency": "USD",
        "cik": "0000027996",
        "fillingDate": "2018-10-26",
        "acceptedDate": "2018-10-26 13:16:58",
        "calendarYear": "2018",
        "period": "Q3",
        "revenue": 493200000,
        "costOfRevenue": 197600000,
        "grossProfit": 295600000,
        "grossProfitRatio": 0.599351176,
        "researchAndDevelopmentExpenses": 0,
        "generalAndAdministrativeExpenses": 208533000,
        "sellingAndMarketingExpenses": 67000,
        "sellingGeneralAndAdministrativeExpenses": 208600000,
        "otherExpenses": 0,
        "operatingExpenses": 208600000,
        "costAndExpenses": 406200000,
        "interestIncome": 0,
        "interestExpense": 7200000,
        "depreciationAndAmortization": 33400000,
        "ebitda": 18480000,
        "ebitdaratio": 0.0374695864,
        "operatingIncome": -17300000,
        "operatingIncomeRatio": -0.0350770479,
        "totalOtherIncomeExpensesNet": -4888000,
        "incomeBeforeTax": -22200000,
        "incomeBeforeTaxRatio": -0.0450121655,
        "incomeTaxExpense": 8900000,
        "netIncome": -31100000,
        "netIncomeRatio": -0.0630575831,
        "eps": -0.66,
        "epsdiluted": -0.66,
        "weightedAverageShsOut": 46781000,
        "weightedAverageShsOutDil": 46803000,
        "link": "https://www.sec.gov/Archives/edgar/data/27996/000002799618000105/0000027996-18-000105-index.htm",
        "finalLink": "https://www.sec.gov/Archives/edgar/data/27996/000002799618000105/a201893010-q.htm"
    },
    {
        "date": "2018-06-30",
        "symbol": "DLX",
        "reportedCurrency": "USD",
        "cik": "0000027996",
        "fillingDate": "2018-07-27",
        "acceptedDate": "2018-07-27 11:56:00",
        "calendarYear": "2018",
        "period": "Q2",
        "revenue": 488200000,
        "costOfRevenue": 190200000,
        "grossProfit": 298000000,
        "grossProfitRatio": 0.6104055715,
        "researchAndDevelopmentExpenses": 0,
        "generalAndAdministrativeExpenses": 209585000,
        "sellingAndMarketingExpenses": 15000,
        "sellingGeneralAndAdministrativeExpenses": 209600000,
        "otherExpenses": 0,
        "operatingExpenses": 209600000,
        "costAndExpenses": 399800000,
        "interestIncome": 0,
        "interestExpense": 6100000,
        "depreciationAndAmortization": 32400000,
        "ebitda": 124012000,
        "ebitdaratio": 0.2540188447,
        "operatingIncome": 82800000,
        "operatingIncomeRatio": 0.1696026219,
        "totalOtherIncomeExpensesNet": -3694000,
        "incomeBeforeTax": 79100000,
        "incomeBeforeTaxRatio": 0.1620237608,
        "incomeTaxExpense": 18900000,
        "netIncome": 59979000,
        "netIncomeRatio": 0.1228574355,
        "eps": 1.26,
        "epsdiluted": 1.25,
        "weightedAverageShsOut": 47594000,
        "weightedAverageShsOutDil": 47777000,
        "link": "https://www.sec.gov/Archives/edgar/data/27996/000002799618000096/0000027996-18-000096-index.htm",
        "finalLink": "https://www.sec.gov/Archives/edgar/data/27996/000002799618000096/a201863010-q.htm"
    },
    {
        "date": "2018-03-31",
        "symbol": "DLX",
        "reportedCurrency": "USD",
        "cik": "0000027996",
        "fillingDate": "2018-05-03",
        "acceptedDate": "2018-05-03 12:43:10",
        "calendarYear": "2018",
        "period": "Q1",
        "revenue": 491900000,
        "costOfRevenue": 188700000,
        "grossProfit": 303200000,
        "grossProfitRatio": 0.6163854442,
        "researchAndDevelopmentExpenses": 0,
        "generalAndAdministrativeExpenses": 211154000,
        "sellingAndMarketingExpenses": 146000,
        "sellingGeneralAndAdministrativeExpenses": 211300000,
        "otherExpenses": 1300000,
        "operatingExpenses": 211300000,
        "costAndExpenses": 400000000,
        "interestIncome": 0,
        "interestExpense": 5600000,
        "depreciationAndAmortization": 31100000,
        "ebitda": 117660000,
        "ebitdaratio": 0.2391949583,
        "operatingIncome": 87700000,
        "operatingIncomeRatio": 0.17828827,
        "totalOtherIncomeExpensesNet": -4290000,
        "incomeBeforeTax": 83400000,
        "incomeBeforeTaxRatio": 0.1695466558,
        "incomeTaxExpense": 20100000,
        "netIncome": 63050000,
        "netIncomeRatio": 0.1281764586,
        "eps": 1.32,
        "epsdiluted": 1.31,
        "weightedAverageShsOut": 47755000,
        "weightedAverageShsOutDil": 48017000,
        "link": "https://www.sec.gov/Archives/edgar/data/27996/000002799618000066/0000027996-18-000066-index.htm",
        "finalLink": "https://www.sec.gov/Archives/edgar/data/27996/000002799618000066/a201833110-q.htm"
    },
    {
        "date": "2017-12-31",
        "symbol": "DLX",
        "reportedCurrency": "USD",
        "cik": "0000027996",
        "fillingDate": "2018-02-23",
        "acceptedDate": "2018-02-23 14:11:56",
        "calendarYear": "2017",
        "period": "Q4",
        "revenue": 494900000,
        "costOfRevenue": 190800000,
        "grossProfit": 304100000,
        "grossProfitRatio": 0.6144675692,
        "researchAndDevelopmentExpenses": 0,
        "generalAndAdministrativeExpenses": 200732000,
        "sellingAndMarketingExpenses": -32000,
        "sellingGeneralAndAdministrativeExpenses": 200700000,
        "otherExpenses": 900000,
        "operatingExpenses": 200700000,
        "costAndExpenses": 391500000,
        "interestIncome": 0,
        "interestExpense": 5600000,
        "depreciationAndAmortization": 31400000,
        "ebitda": 130755000,
        "ebitdaratio": 0.2642048899,
        "operatingIncome": 98500000,
        "operatingIncomeRatio": 0.1990301071,
        "totalOtherIncomeExpensesNet": -4674000,
        "incomeBeforeTax": 93800000,
        "incomeBeforeTaxRatio": 0.189533239,
        "incomeTaxExpense": 9100000,
        "netIncome": 84213000,
        "netIncomeRatio": 0.1701616488,
        "eps": 1.77,
        "epsdiluted": 1.75,
        "weightedAverageShsOut": 47953000,
        "weightedAverageShsOutDil": 48100000,
        "link": "https://www.sec.gov/Archives/edgar/data/27996/000002799618000034/0000027996-18-000034-index.htm",
        "finalLink": "https://www.sec.gov/Archives/edgar/data/27996/000002799618000034/a2017123110-k.htm"
    },
    {
        "date": "2017-09-30",
        "symbol": "DLX",
        "reportedCurrency": "USD",
        "cik": "0000027996",
        "fillingDate": "2017-10-27",
        "acceptedDate": "2017-10-27 11:31:03",
        "calendarYear": "2017",
        "period": "Q3",
        "revenue": 497700000,
        "costOfRevenue": 192900000,
        "grossProfit": 304800000,
        "grossProfitRatio": 0.6124171187,
        "researchAndDevelopmentExpenses": 0,
        "generalAndAdministrativeExpenses": 202999000,
        "sellingAndMarketingExpenses": 1000,
        "sellingGeneralAndAdministrativeExpenses": 203000000,
        "otherExpenses": 700000,
        "operatingExpenses": 203000000,
        "costAndExpenses": 395900000,
        "interestIncome": 0,
        "interestExpense": 5700000,
        "depreciationAndAmortization": 31200000,
        "ebitda": 131050000,
        "ebitdaratio": 0.2633112317,
        "operatingIncome": 53900000,
        "operatingIncomeRatio": 0.1082981716,
        "totalOtherIncomeExpensesNet": -4405000,
        "incomeBeforeTax": 48900000,
        "incomeBeforeTaxRatio": 0.098251959,
        "incomeTaxExpense": 20100000,
        "netIncome": 28625000,
        "netIncomeRatio": 0.057514567,
        "eps": 0.6,
        "epsdiluted": 0.59,
        "weightedAverageShsOut": 48120000,
        "weightedAverageShsOutDil": 48400000,
        "link": "https://www.sec.gov/Archives/edgar/data/27996/000002799617000093/0000027996-17-000093-index.htm",
        "finalLink": "https://www.sec.gov/Archives/edgar/data/27996/000002799617000093/a201793010-q.htm"
    },
    {
        "date": "2017-06-30",
        "symbol": "DLX",
        "reportedCurrency": "USD",
        "cik": "0000027996",
        "fillingDate": "2017-07-31",
        "acceptedDate": "2017-07-31 11:33:00",
        "calendarYear": "2017",
        "period": "Q2",
        "revenue": 485200000,
        "costOfRevenue": 179200000,
        "grossProfit": 306000000,
        "grossProfitRatio": 0.6306677659,
        "researchAndDevelopmentExpenses": 0,
        "generalAndAdministrativeExpenses": 208306000,
        "sellingAndMarketingExpenses": -6000,
        "sellingGeneralAndAdministrativeExpenses": 208300000,
        "otherExpenses": 800000,
        "operatingExpenses": 208300000,
        "costAndExpenses": 387500000,
        "interestIncome": 0,
        "interestExpense": 5300000,
        "depreciationAndAmortization": 30500000,
        "ebitda": 128156000,
        "ebitdaratio": 0.2641302556,
        "operatingIncome": 93300000,
        "operatingIncomeRatio": 0.1922918384,
        "totalOtherIncomeExpensesNet": -4008000,
        "incomeBeforeTax": 88800000,
        "incomeBeforeTaxRatio": 0.1830173124,
        "incomeTaxExpense": 29200000,
        "netIncome": 59200000,
        "netIncomeRatio": 0.1220115416,
        "eps": 1.23,
        "epsdiluted": 1.22,
        "weightedAverageShsOut": 48351000,
        "weightedAverageShsOutDil": 48600000,
        "link": "https://www.sec.gov/Archives/edgar/data/27996/000002799617000085/0000027996-17-000085-index.htm",
        "finalLink": "https://www.sec.gov/Archives/edgar/data/27996/000002799617000085/a201763010-q.htm"
    },
    {
        "date": "2017-03-31",
        "symbol": "DLX",
        "reportedCurrency": "USD",
        "cik": "0000027996",
        "fillingDate": "2017-05-05",
        "acceptedDate": "2017-05-05 14:15:25",
        "calendarYear": "2017",
        "period": "Q1",
        "revenue": 487800000,
        "costOfRevenue": 179200000,
        "grossProfit": 308600000,
        "grossProfitRatio": 0.6326363264,
        "researchAndDevelopmentExpenses": 0,
        "generalAndAdministrativeExpenses": 216794000,
        "sellingAndMarketingExpenses": 6000,
        "sellingGeneralAndAdministrativeExpenses": 216800000,
        "otherExpenses": 500000,
        "operatingExpenses": 216800000,
        "costAndExpenses": 396000000,
        "interestIncome": 0,
        "interestExpense": 4800000,
        "depreciationAndAmortization": 29600000,
        "ebitda": 114145000,
        "ebitdaratio": 0.23399959,
        "operatingIncome": 85500000,
        "operatingIncomeRatio": 0.1752767528,
        "totalOtherIncomeExpensesNet": -3767000,
        "incomeBeforeTax": 81200000,
        "incomeBeforeTaxRatio": 0.1664616646,
        "incomeTaxExpense": 24100000,
        "netIncome": 56660000,
        "netIncomeRatio": 0.1161541615,
        "eps": 1.18,
        "epsdiluted": 1.16,
        "weightedAverageShsOut": 48502000,
        "weightedAverageShsOutDil": 48700000,
        "link": "https://www.sec.gov/Archives/edgar/data/27996/000002799617000071/0000027996-17-000071-index.htm",
        "finalLink": "https://www.sec.gov/Archives/edgar/data/27996/000002799617000071/a201733110-q.htm"
    },
    {
        "date": "2016-12-31",
        "symbol": "DLX",
        "reportedCurrency": "USD",
        "cik": "0000027996",
        "fillingDate": "2017-02-24",
        "acceptedDate": "2017-02-24 14:45:18",
        "calendarYear": "2016",
        "period": "Q4",
        "revenue": 480200000,
        "costOfRevenue": 176800000,
        "grossProfit": 303400000,
        "grossProfitRatio": 0.631820075,
        "researchAndDevelopmentExpenses": 0,
        "generalAndAdministrativeExpenses": 207407000,
        "sellingAndMarketingExpenses": 93000,
        "sellingGeneralAndAdministrativeExpenses": 207500000,
        "otherExpenses": 500000,
        "operatingExpenses": 207500000,
        "costAndExpenses": 384300000,
        "interestIncome": 0,
        "interestExpense": 7000000,
        "depreciationAndAmortization": 23900000,
        "ebitda": 109300000,
        "ebitdaratio": 0.2276134944,
        "operatingIncome": 92800000,
        "operatingIncomeRatio": 0.1932528113,
        "totalOtherIncomeExpensesNet": -14395000,
        "incomeBeforeTax": 78400000,
        "incomeBeforeTaxRatio": 0.1632653061,
        "incomeTaxExpense": 24200000,
        "netIncome": 53803000,
        "netIncomeRatio": 0.1120428988,
        "eps": 1.12,
        "epsdiluted": 1.11,
        "weightedAverageShsOut": 48546000,
        "weightedAverageShsOutDil": 48700000,
        "link": "https://www.sec.gov/Archives/edgar/data/27996/000002799617000028/0000027996-17-000028-index.htm",
        "finalLink": "https://www.sec.gov/Archives/edgar/data/27996/000002799617000028/a2016123110-k.htm"
    },
    {
        "date": "2016-09-30",
        "symbol": "DLX",
        "reportedCurrency": "USD",
        "cik": "0000027996",
        "fillingDate": "2016-10-28",
        "acceptedDate": "2016-10-28 15:18:37",
        "calendarYear": "2016",
        "period": "Q3",
        "revenue": 458900000,
        "costOfRevenue": 166300000,
        "grossProfit": 292600000,
        "grossProfitRatio": 0.6376116801,
        "researchAndDevelopmentExpenses": 0,
        "generalAndAdministrativeExpenses": 198365000,
        "sellingAndMarketingExpenses": -65000,
        "sellingGeneralAndAdministrativeExpenses": 198300000,
        "otherExpenses": 800000,
        "operatingExpenses": 198300000,
        "costAndExpenses": 364600000,
        "interestIncome": 0,
        "interestExpense": 4900000,
        "depreciationAndAmortization": 23000000,
        "ebitda": 117409000,
        "ebitdaratio": 0.2558487688,
        "operatingIncome": 92300000,
        "operatingIncomeRatio": 0.2011331445,
        "totalOtherIncomeExpensesNet": -4113000,
        "incomeBeforeTax": 88200000,
        "incomeBeforeTaxRatio": 0.1921987361,
        "incomeTaxExpense": 29500000,
        "netIncome": 58172000,
        "netIncomeRatio": 0.1267640009,
        "eps": 1.21,
        "epsdiluted": 1.19,
        "weightedAverageShsOut": 48586000,
        "weightedAverageShsOutDil": 48900000,
        "link": "https://www.sec.gov/Archives/edgar/data/27996/000002799616000111/0000027996-16-000111-index.htm",
        "finalLink": "https://www.sec.gov/Archives/edgar/data/27996/000002799616000111/a201693010-q.htm"
    },
    {
        "date": "2016-06-30",
        "symbol": "DLX",
        "reportedCurrency": "USD",
        "cik": "0000027996",
        "fillingDate": "2016-08-05",
        "acceptedDate": "2016-08-05 11:47:46",
        "calendarYear": "2016",
        "period": "Q2",
        "revenue": 450600000,
        "costOfRevenue": 159800000,
        "grossProfit": 290800000,
        "grossProfitRatio": 0.6453617399,
        "researchAndDevelopmentExpenses": 0,
        "generalAndAdministrativeExpenses": 198726000,
        "sellingAndMarketingExpenses": 74000,
        "sellingGeneralAndAdministrativeExpenses": 198800000,
        "otherExpenses": 500000,
        "operatingExpenses": 198800000,
        "costAndExpenses": 358600000,
        "interestIncome": 0,
        "interestExpense": 5200000,
        "depreciationAndAmortization": 22800000,
        "ebitda": 114939000,
        "ebitdaratio": 0.2550798935,
        "operatingIncome": 90900000,
        "operatingIncomeRatio": 0.2017310253,
        "totalOtherIncomeExpensesNet": -4741000,
        "incomeBeforeTax": 86200000,
        "incomeBeforeTaxRatio": 0.1913004882,
        "incomeTaxExpense": 27800000,
        "netIncome": 57896000,
        "netIncomeRatio": 0.1284864625,
        "eps": 1.2,
        "epsdiluted": 1.18,
        "weightedAverageShsOut": 48760000,
        "weightedAverageShsOutDil": 49000000,
        "link": "https://www.sec.gov/Archives/edgar/data/27996/000002799616000100/0000027996-16-000100-index.htm",
        "finalLink": "https://www.sec.gov/Archives/edgar/data/27996/000002799616000100/a201663010-q.htm"
    },
    {
        "date": "2016-03-31",
        "symbol": "DLX",
        "reportedCurrency": "USD",
        "cik": "0000027996",
        "fillingDate": "2016-05-05",
        "acceptedDate": "2016-05-05 12:23:39",
        "calendarYear": "2016",
        "period": "Q1",
        "revenue": 459300000,
        "costOfRevenue": 164300000,
        "grossProfit": 295000000,
        "grossProfitRatio": 0.6422817331,
        "researchAndDevelopmentExpenses": 0,
        "generalAndAdministrativeExpenses": 201471000,
        "sellingAndMarketingExpenses": 29000,
        "sellingGeneralAndAdministrativeExpenses": 201500000,
        "otherExpenses": 200000,
        "operatingExpenses": 201500000,
        "costAndExpenses": 365800000,
        "interestIncome": 0,
        "interestExpense": 5200000,
        "depreciationAndAmortization": 21900000,
        "ebitda": 115390000,
        "ebitdaratio": 0.2512301328,
        "operatingIncome": 92600000,
        "operatingIncomeRatio": 0.2016111474,
        "totalOtherIncomeExpensesNet": -5093000,
        "incomeBeforeTax": 87600000,
        "incomeBeforeTaxRatio": 0.1907250163,
        "incomeTaxExpense": 29500000,
        "netIncome": 57641000,
        "netIncomeRatio": 0.1254974962,
        "eps": 1.19,
        "epsdiluted": 1.18,
        "weightedAverageShsOut": 48910000,
        "weightedAverageShsOutDil": 49200000,
        "link": "https://www.sec.gov/Archives/edgar/data/27996/000002799616000073/0000027996-16-000073-index.htm",
        "finalLink": "https://www.sec.gov/Archives/edgar/data/27996/000002799616000073/a201633110-q.htm"
    },
    {
        "date": "2015-12-31",
        "symbol": "DLX",
        "reportedCurrency": "USD",
        "cik": "0000027996",
        "fillingDate": "2016-02-19",
        "acceptedDate": "2016-02-19 13:31:05",
        "calendarYear": "2015",
        "period": "Q4",
        "revenue": 463500000,
        "costOfRevenue": 171300000,
        "grossProfit": 292200000,
        "grossProfitRatio": 0.630420712,
        "researchAndDevelopmentExpenses": 0,
        "generalAndAdministrativeExpenses": 199749000,
        "sellingAndMarketingExpenses": -49000,
        "sellingGeneralAndAdministrativeExpenses": 199700000,
        "otherExpenses": 700000,
        "operatingExpenses": 199700000,
        "costAndExpenses": 371000000,
        "interestIncome": 0,
        "interestExpense": 5000000,
        "depreciationAndAmortization": 22300000,
        "ebitda": 118537000,
        "ebitdaratio": 0.2557432578,
        "operatingIncome": 90800000,
        "operatingIncomeRatio": 0.1959007551,
        "totalOtherIncomeExpensesNet": -4319000,
        "incomeBeforeTax": 86500000,
        "incomeBeforeTaxRatio": 0.1866235167,
        "incomeTaxExpense": 26800000,
        "netIncome": 59303000,
        "netIncomeRatio": 0.1279460626,
        "eps": 1.22,
        "epsdiluted": 1.2,
        "weightedAverageShsOut": 49019000,
        "weightedAverageShsOutDil": 49300000,
        "link": "https://www.sec.gov/Archives/edgar/data/27996/000002799616000050/0000027996-16-000050-index.htm",
        "finalLink": "https://www.sec.gov/Archives/edgar/data/27996/000002799616000050/a2015123110-k.htm"
    },
    {
        "date": "2015-09-30",
        "symbol": "DLX",
        "reportedCurrency": "USD",
        "cik": "0000027996",
        "fillingDate": "2015-10-27",
        "acceptedDate": "2015-10-27 11:27:37",
        "calendarYear": "2015",
        "period": "Q3",
        "revenue": 439800000,
        "costOfRevenue": 159300000,
        "grossProfit": 280500000,
        "grossProfitRatio": 0.6377899045,
        "researchAndDevelopmentExpenses": 0,
        "generalAndAdministrativeExpenses": 189641000,
        "sellingAndMarketingExpenses": -41000,
        "sellingGeneralAndAdministrativeExpenses": 189600000,
        "otherExpenses": 900000,
        "operatingExpenses": 189600000,
        "costAndExpenses": 348900000,
        "interestIncome": 0,
        "interestExpense": 4400000,
        "depreciationAndAmortization": 18700000,
        "ebitda": 109859000,
        "ebitdaratio": 0.2497930878,
        "operatingIncome": 89400000,
        "operatingIncomeRatio": 0.2032742156,
        "totalOtherIncomeExpensesNet": -3468000,
        "incomeBeforeTax": 85900000,
        "incomeBeforeTaxRatio": 0.1953160528,
        "incomeTaxExpense": 29000000,
        "netIncome": 56531000,
        "netIncomeRatio": 0.1285379718,
        "eps": 1.16,
        "epsdiluted": 1.13,
        "weightedAverageShsOut": 49219000,
        "weightedAverageShsOutDil": 49800000,
        "link": "https://www.sec.gov/Archives/edgar/data/27996/000002799615000031/0000027996-15-000031-index.htm",
        "finalLink": "https://www.sec.gov/Archives/edgar/data/27996/000002799615000031/a201593010-q.htm"
    },
    {
        "date": "2015-06-30",
        "symbol": "DLX",
        "reportedCurrency": "USD",
        "cik": "0000027996",
        "fillingDate": "2015-07-27",
        "acceptedDate": "2015-07-27 14:59:42",
        "calendarYear": "2015",
        "period": "Q2",
        "revenue": 435900000,
        "costOfRevenue": 156000000,
        "grossProfit": 279900000,
        "grossProfitRatio": 0.6421197522,
        "researchAndDevelopmentExpenses": 0,
        "generalAndAdministrativeExpenses": 190091000,
        "sellingAndMarketingExpenses": 9000,
        "sellingGeneralAndAdministrativeExpenses": 190100000,
        "otherExpenses": 800000,
        "operatingExpenses": 190100000,
        "costAndExpenses": 346100000,
        "interestIncome": 0,
        "interestExpense": 4400000,
        "depreciationAndAmortization": 18000000,
        "ebitda": 108028000,
        "ebitdaratio": 0.2478274834,
        "operatingIncome": 88900000,
        "operatingIncomeRatio": 0.2039458591,
        "totalOtherIncomeExpensesNet": -3596000,
        "incomeBeforeTax": 85300000,
        "incomeBeforeTaxRatio": 0.1956870842,
        "incomeTaxExpense": 29200000,
        "netIncome": 55687000,
        "netIncomeRatio": 0.1277517779,
        "eps": 1.12,
        "epsdiluted": 1.11,
        "weightedAverageShsOut": 49960000,
        "weightedAverageShsOutDil": 50200000,
        "link": "https://www.sec.gov/Archives/edgar/data/27996/000002799615000023/0000027996-15-000023-index.htm",
        "finalLink": "https://www.sec.gov/Archives/edgar/data/27996/000002799615000023/a201563010-q.htm"
    },
    {
        "date": "2015-03-31",
        "symbol": "DLX",
        "reportedCurrency": "USD",
        "cik": "0000027996",
        "fillingDate": "2015-05-01",
        "acceptedDate": "2015-05-01 12:09:30",
        "calendarYear": "2015",
        "period": "Q1",
        "revenue": 433600000,
        "costOfRevenue": 152700000,
        "grossProfit": 280900000,
        "grossProfitRatio": 0.6478321033,
        "researchAndDevelopmentExpenses": 0,
        "generalAndAdministrativeExpenses": 195378000,
        "sellingAndMarketingExpenses": -78000,
        "sellingGeneralAndAdministrativeExpenses": 195300000,
        "otherExpenses": 400000,
        "operatingExpenses": 195300000,
        "costAndExpenses": 348000000,
        "interestIncome": 0,
        "interestExpense": 6500000,
        "depreciationAndAmortization": 17700000,
        "ebitda": 103238000,
        "ebitdaratio": 0.2380950185,
        "operatingIncome": 85300000,
        "operatingIncomeRatio": 0.1967250923,
        "totalOtherIncomeExpensesNet": -15002000,
        "incomeBeforeTax": 70300000,
        "incomeBeforeTaxRatio": 0.1621309963,
        "incomeTaxExpense": 24400000,
        "netIncome": 45647000,
        "netIncomeRatio": 0.1052744465,
        "eps": 0.92,
        "epsdiluted": 0.91,
        "weightedAverageShsOut": 49929000,
        "weightedAverageShsOutDil": 50100000,
        "link": "https://www.sec.gov/Archives/edgar/data/27996/000002799615000011/0000027996-15-000011-index.htm",
        "finalLink": "https://www.sec.gov/Archives/edgar/data/27996/000002799615000011/a201533110-q.htm"
    },
    {
        "date": "2014-12-31",
        "symbol": "DLX",
        "reportedCurrency": "USD",
        "cik": "0000027996",
        "fillingDate": "2015-02-20",
        "acceptedDate": "2015-02-20 13:00:09",
        "calendarYear": "2014",
        "period": "Q4",
        "revenue": 448513000,
        "costOfRevenue": 165309000,
        "grossProfit": 283204000,
        "grossProfitRatio": 0.6314287434,
        "researchAndDevelopmentExpenses": 0,
        "generalAndAdministrativeExpenses": 192054000,
        "sellingAndMarketingExpenses": 0,
        "sellingGeneralAndAdministrativeExpenses": 192054000,
        "otherExpenses": 257000,
        "operatingExpenses": 192054000,
        "costAndExpenses": 357363000,
        "interestIncome": 0,
        "interestExpense": 7852000,
        "depreciationAndAmortization": 17297000,
        "ebitda": 107700000,
        "ebitdaratio": 0.2401268191,
        "operatingIncome": 90146000,
        "operatingIncomeRatio": 0.2009886001,
        "totalOtherIncomeExpensesNet": -7595000,
        "incomeBeforeTax": 82551000,
        "incomeBeforeTaxRatio": 0.1840548657,
        "incomeTaxExpense": 24587000,
        "netIncome": 57632000,
        "netIncomeRatio": 0.1284957181,
        "eps": 1.16,
        "epsdiluted": 1.16,
        "weightedAverageShsOut": 49641000,
        "weightedAverageShsOutDil": 49929000,
        "link": "https://www.sec.gov/Archives/edgar/data/27996/000002799615000005/0000027996-15-000005-index.htm",
        "finalLink": "https://www.sec.gov/Archives/edgar/data/27996/000002799615000005/a2014123110-k.htm"
    },
    {
        "date": "2014-09-30",
        "symbol": "DLX",
        "reportedCurrency": "USD",
        "cik": "0000027996",
        "fillingDate": "2014-10-30",
        "acceptedDate": "2014-10-30 14:12:25",
        "calendarYear": "2014",
        "period": "Q3",
        "revenue": 413200000,
        "costOfRevenue": 150100000,
        "grossProfit": 263100000,
        "grossProfitRatio": 0.6367376573,
        "researchAndDevelopmentExpenses": 0,
        "generalAndAdministrativeExpenses": 175661000,
        "sellingAndMarketingExpenses": 39000,
        "sellingGeneralAndAdministrativeExpenses": 175700000,
        "otherExpenses": 400000,
        "operatingExpenses": 175700000,
        "costAndExpenses": 325800000,
        "interestIncome": 0,
        "interestExpense": 9600000,
        "depreciationAndAmortization": 15900000,
        "ebitda": 103482000,
        "ebitdaratio": 0.2504404647,
        "operatingIncome": 76700000,
        "operatingIncomeRatio": 0.185624395,
        "totalOtherIncomeExpensesNet": -9259000,
        "incomeBeforeTax": 67500000,
        "incomeBeforeTaxRatio": 0.1633591481,
        "incomeTaxExpense": 23100000,
        "netIncome": 44175000,
        "netIncomeRatio": 0.1069094869,
        "eps": 0.89,
        "epsdiluted": 0.88,
        "weightedAverageShsOut": 49670000,
        "weightedAverageShsOutDil": 50000000,
        "link": "https://www.sec.gov/Archives/edgar/data/27996/000002799614000033/0000027996-14-000033-index.htm",
        "finalLink": "https://www.sec.gov/Archives/edgar/data/27996/000002799614000033/a201493010-q.htm"
    },
    {
        "date": "2014-06-30",
        "symbol": "DLX",
        "reportedCurrency": "USD",
        "cik": "0000027996",
        "fillingDate": "2014-08-01",
        "acceptedDate": "2014-08-01 13:19:49",
        "calendarYear": "2014",
        "period": "Q2",
        "revenue": 405400000,
        "costOfRevenue": 145900000,
        "grossProfit": 259500000,
        "grossProfitRatio": 0.6401085348,
        "researchAndDevelopmentExpenses": 0,
        "generalAndAdministrativeExpenses": 173546000,
        "sellingAndMarketingExpenses": -46000,
        "sellingGeneralAndAdministrativeExpenses": 173500000,
        "otherExpenses": 300000,
        "operatingExpenses": 173500000,
        "costAndExpenses": 319400000,
        "interestIncome": 0,
        "interestExpense": 9500000,
        "depreciationAndAmortization": 16300000,
        "ebitda": 102236000,
        "ebitdaratio": 0.2521854958,
        "operatingIncome": 85000000,
        "operatingIncomeRatio": 0.2096694623,
        "totalOtherIncomeExpensesNet": -9162000,
        "incomeBeforeTax": 75800000,
        "incomeBeforeTaxRatio": 0.1869758263,
        "incomeTaxExpense": 25700000,
        "netIncome": 49789000,
        "netIncomeRatio": 0.1228145042,
        "eps": 1.01,
        "epsdiluted": 0.99,
        "weightedAverageShsOut": 49759000,
        "weightedAverageShsOutDil": 50200000,
        "link": "https://www.sec.gov/Archives/edgar/data/27996/000002799614000027/0000027996-14-000027-index.htm",
        "finalLink": "https://www.sec.gov/Archives/edgar/data/27996/000002799614000027/a201463010-q.htm"
    },
    {
        "date": "2014-03-31",
        "symbol": "DLX",
        "reportedCurrency": "USD",
        "cik": "0000027996",
        "fillingDate": "2014-05-01",
        "acceptedDate": "2014-05-01 14:04:16",
        "calendarYear": "2014",
        "period": "Q1",
        "revenue": 407000000,
        "costOfRevenue": 145000000,
        "grossProfit": 262000000,
        "grossProfitRatio": 0.6437346437,
        "researchAndDevelopmentExpenses": 0,
        "generalAndAdministrativeExpenses": 177931000,
        "sellingAndMarketingExpenses": -31000,
        "sellingGeneralAndAdministrativeExpenses": 177900000,
        "otherExpenses": 100000,
        "operatingExpenses": 177900000,
        "costAndExpenses": 322900000,
        "interestIncome": 0,
        "interestExpense": 9500000,
        "depreciationAndAmortization": 16300000,
        "ebitda": 100593000,
        "ebitdaratio": 0.2471572482,
        "operatingIncome": 80800000,
        "operatingIncomeRatio": 0.1985257985,
        "totalOtherIncomeExpensesNet": -9436000,
        "incomeBeforeTax": 71400000,
        "incomeBeforeTaxRatio": 0.1754299754,
        "incomeTaxExpense": 24100000,
        "netIncome": 47124000,
        "netIncomeRatio": 0.1157837838,
        "eps": 0.95,
        "epsdiluted": 0.93,
        "weightedAverageShsOut": 50043000,
        "weightedAverageShsOutDil": 50700000,
        "link": "https://www.sec.gov/Archives/edgar/data/27996/000002799614000018/0000027996-14-000018-index.htm",
        "finalLink": "https://www.sec.gov/Archives/edgar/data/27996/000002799614000018/a201433110-q.htm"
    },
    {
        "date": "2013-12-31",
        "symbol": "DLX",
        "reportedCurrency": "USD",
        "cik": "0000027996",
        "fillingDate": "2014-02-28",
        "acceptedDate": "2014-02-28 15:15:45",
        "calendarYear": "2013",
        "period": "Q4",
        "revenue": 417757000,
        "costOfRevenue": 152049000,
        "grossProfit": 265708000,
        "grossProfitRatio": 0.6360348241,
        "researchAndDevelopmentExpenses": 0,
        "generalAndAdministrativeExpenses": 178346000,
        "sellingAndMarketingExpenses": 0,
        "sellingGeneralAndAdministrativeExpenses": 178346000,
        "otherExpenses": 398000,
        "operatingExpenses": 178346000,
        "costAndExpenses": 330395000,
        "interestIncome": 0,
        "interestExpense": 9597000,
        "depreciationAndAmortization": 16152000,
        "ebitda": 94552000,
        "ebitdaratio": 0.226332533,
        "operatingIncome": 78002000,
        "operatingIncomeRatio": 0.186716201,
        "totalOtherIncomeExpensesNet": -9199000,
        "incomeBeforeTax": 68803000,
        "incomeBeforeTaxRatio": 0.1646962229,
        "incomeTaxExpense": 23081000,
        "netIncome": 45565000,
        "netIncomeRatio": 0.1090705841,
        "eps": 0.91,
        "epsdiluted": 0.91,
        "weightedAverageShsOut": 50043000,
        "weightedAverageShsOutDil": 50043000,
        "link": "https://www.sec.gov/Archives/edgar/data/27996/000002799614000013/0000027996-14-000013-index.htm",
        "finalLink": "https://www.sec.gov/Archives/edgar/data/27996/000002799614000013/a2013123110-k.htm"
    },
    {
        "date": "2013-09-30",
        "symbol": "DLX",
        "reportedCurrency": "USD",
        "cik": "0000027996",
        "fillingDate": "2013-10-30",
        "acceptedDate": "2013-10-30 12:34:13",
        "calendarYear": "2013",
        "period": "Q3",
        "revenue": 398100000,
        "costOfRevenue": 142200000,
        "grossProfit": 255900000,
        "grossProfitRatio": 0.6428033157,
        "researchAndDevelopmentExpenses": 0,
        "generalAndAdministrativeExpenses": 173359000,
        "sellingAndMarketingExpenses": 41000,
        "sellingGeneralAndAdministrativeExpenses": 173400000,
        "otherExpenses": 600000,
        "operatingExpenses": 173400000,
        "costAndExpenses": 315600000,
        "interestIncome": 0,
        "interestExpense": 9700000,
        "depreciationAndAmortization": 16300000,
        "ebitda": 99072000,
        "ebitdaratio": 0.248862095,
        "operatingIncome": 79700000,
        "operatingIncomeRatio": 0.2002009545,
        "totalOtherIncomeExpensesNet": -9105000,
        "incomeBeforeTax": 70600000,
        "incomeBeforeTaxRatio": 0.1773423763,
        "incomeTaxExpense": 23700000,
        "netIncome": 46743000,
        "netIncomeRatio": 0.1174152223,
        "eps": 0.93,
        "epsdiluted": 0.92,
        "weightedAverageShsOut": 50482000,
        "weightedAverageShsOutDil": 50900000,
        "link": "https://www.sec.gov/Archives/edgar/data/27996/000002799613000022/0000027996-13-000022-index.htm",
        "finalLink": "https://www.sec.gov/Archives/edgar/data/27996/000002799613000022/a201393010-q.htm"
    },
    {
        "date": "2013-06-30",
        "symbol": "DLX",
        "reportedCurrency": "USD",
        "cik": "0000027996",
        "fillingDate": "2013-07-31",
        "acceptedDate": "2013-07-31 15:18:18",
        "calendarYear": "2013",
        "period": "Q2",
        "revenue": 381400000,
        "costOfRevenue": 133500000,
        "grossProfit": 247900000,
        "grossProfitRatio": 0.6499737808,
        "researchAndDevelopmentExpenses": 0,
        "generalAndAdministrativeExpenses": 164501000,
        "sellingAndMarketingExpenses": -1000,
        "sellingGeneralAndAdministrativeExpenses": 164500000,
        "otherExpenses": 100000,
        "operatingExpenses": 164500000,
        "costAndExpenses": 298000000,
        "interestIncome": 0,
        "interestExpense": 9600000,
        "depreciationAndAmortization": 16100000,
        "ebitda": 98750000,
        "ebitdaratio": 0.2589145254,
        "operatingIncome": 82500000,
        "operatingIncomeRatio": 0.2163083377,
        "totalOtherIncomeExpensesNet": -9421000,
        "incomeBeforeTax": 73000000,
        "incomeBeforeTaxRatio": 0.1914001049,
        "incomeTaxExpense": 24800000,
        "netIncome": 47954000,
        "netIncomeRatio": 0.1257315155,
        "eps": 0.96,
        "epsdiluted": 0.94,
        "weightedAverageShsOut": 50385000,
        "weightedAverageShsOutDil": 51000000,
        "link": "https://www.sec.gov/Archives/edgar/data/27996/000002799613000017/0000027996-13-000017-index.htm",
        "finalLink": "https://www.sec.gov/Archives/edgar/data/27996/000002799613000017/a201363010-q.htm"
    },
    {
        "date": "2013-03-31",
        "symbol": "DLX",
        "reportedCurrency": "USD",
        "cik": "0000027996",
        "fillingDate": "2013-05-02",
        "acceptedDate": "2013-05-02 12:42:07",
        "calendarYear": "2013",
        "period": "Q1",
        "revenue": 387600000,
        "costOfRevenue": 133300000,
        "grossProfit": 254300000,
        "grossProfitRatio": 0.6560887513,
        "researchAndDevelopmentExpenses": 0,
        "generalAndAdministrativeExpenses": 175152000,
        "sellingAndMarketingExpenses": 48000,
        "sellingGeneralAndAdministrativeExpenses": 175200000,
        "otherExpenses": 400000,
        "operatingExpenses": 175200000,
        "costAndExpenses": 308500000,
        "interestIncome": 0,
        "interestExpense": 9500000,
        "depreciationAndAmortization": 15900000,
        "ebitda": 93982000,
        "ebitdaratio": 0.2424716202,
        "operatingIncome": 77700000,
        "operatingIncomeRatio": 0.2004643963,
        "totalOtherIncomeExpensesNet": -9129000,
        "incomeBeforeTax": 68600000,
        "incomeBeforeTaxRatio": 0.1769865841,
        "incomeTaxExpense": 22700000,
        "netIncome": 45545000,
        "netIncomeRatio": 0.11750516,
        "eps": 0.91,
        "epsdiluted": 0.89,
        "weightedAverageShsOut": 50669000,
        "weightedAverageShsOutDil": 51200000,
        "link": "https://www.sec.gov/Archives/edgar/data/27996/000002799613000011/0000027996-13-000011-index.htm",
        "finalLink": "https://www.sec.gov/Archives/edgar/data/27996/000002799613000011/a201333110-q.htm"
    },
    {
        "date": "2012-12-31",
        "symbol": "DLX",
        "reportedCurrency": "USD",
        "cik": "0000027996",
        "fillingDate": "2013-02-22",
        "acceptedDate": "2013-02-22 12:25:06",
        "calendarYear": "2012",
        "period": "Q4",
        "revenue": 387583000,
        "costOfRevenue": 137603000,
        "grossProfit": 249980000,
        "grossProfitRatio": 0.6449715287,
        "researchAndDevelopmentExpenses": 0,
        "generalAndAdministrativeExpenses": 169674000,
        "sellingAndMarketingExpenses": 0,
        "sellingGeneralAndAdministrativeExpenses": 169674000,
        "otherExpenses": 289000,
        "operatingExpenses": 169674000,
        "costAndExpenses": 307277000,
        "interestIncome": 0,
        "interestExpense": 11903000,
        "depreciationAndAmortization": 15980000,
        "ebitda": 96575000,
        "ebitdaratio": 0.2491724353,
        "operatingIncome": 77757000,
        "operatingIncomeRatio": 0.2006202542,
        "totalOtherIncomeExpensesNet": -16872000,
        "incomeBeforeTax": 60885000,
        "incomeBeforeTaxRatio": 0.1570889332,
        "incomeTaxExpense": 18238000,
        "netIncome": 42351000,
        "netIncomeRatio": 0.1092694984,
        "eps": 0.84,
        "epsdiluted": 0.84,
        "weightedAverageShsOut": 50669000,
        "weightedAverageShsOutDil": 50669000,
        "link": "https://www.sec.gov/Archives/edgar/data/27996/000002799613000005/0000027996-13-000005-index.htm",
        "finalLink": "https://www.sec.gov/Archives/edgar/data/27996/000002799613000005/a2012123110-k.htm"
    },
    {
        "date": "2012-09-30",
        "symbol": "DLX",
        "reportedCurrency": "USD",
        "cik": "0000027996",
        "fillingDate": "2012-10-31",
        "acceptedDate": "2012-10-31 15:07:16",
        "calendarYear": "2012",
        "period": "Q3",
        "revenue": 378300000,
        "costOfRevenue": 131700000,
        "grossProfit": 246600000,
        "grossProfitRatio": 0.6518636003,
        "researchAndDevelopmentExpenses": 0,
        "generalAndAdministrativeExpenses": 171237000,
        "sellingAndMarketingExpenses": -37000,
        "sellingGeneralAndAdministrativeExpenses": 171200000,
        "otherExpenses": 200000,
        "operatingExpenses": 171200000,
        "costAndExpenses": 302900000,
        "interestIncome": 0,
        "interestExpense": 11900000,
        "depreciationAndAmortization": 16300000,
        "ebitda": 89093000,
        "ebitdaratio": 0.2355088554,
        "operatingIncome": 72700000,
        "operatingIncomeRatio": 0.1921755221,
        "totalOtherIncomeExpensesNet": -11705000,
        "incomeBeforeTax": 61000000,
        "incomeBeforeTaxRatio": 0.161247687,
        "incomeTaxExpense": 19500000,
        "netIncome": 41214000,
        "netIncomeRatio": 0.1089452815,
        "eps": 0.82,
        "epsdiluted": 0.81,
        "weightedAverageShsOut": 50900000,
        "weightedAverageShsOutDil": 51000000,
        "link": "https://www.sec.gov/Archives/edgar/data/27996/000002799612000020/0000027996-12-000020-index.htm",
        "finalLink": "https://www.sec.gov/Archives/edgar/data/27996/000002799612000020/a201293010-q.htm"
    },
    {
        "date": "2012-06-30",
        "symbol": "DLX",
        "reportedCurrency": "USD",
        "cik": "0000027996",
        "fillingDate": "2012-08-03",
        "acceptedDate": "2012-08-03 11:19:54",
        "calendarYear": "2012",
        "period": "Q2",
        "revenue": 371000000,
        "costOfRevenue": 127600000,
        "grossProfit": 243400000,
        "grossProfitRatio": 0.65606469,
        "researchAndDevelopmentExpenses": 0,
        "generalAndAdministrativeExpenses": 167718000,
        "sellingAndMarketingExpenses": 82000,
        "sellingGeneralAndAdministrativeExpenses": 167800000,
        "otherExpenses": 300000,
        "operatingExpenses": 167800000,
        "costAndExpenses": 295400000,
        "interestIncome": 0,
        "interestExpense": 11400000,
        "depreciationAndAmortization": 16300000,
        "ebitda": 90230000,
        "ebitdaratio": 0.2432075472,
        "operatingIncome": 73600000,
        "operatingIncomeRatio": 0.1983827493,
        "totalOtherIncomeExpensesNet": -11039000,
        "incomeBeforeTax": 62500000,
        "incomeBeforeTaxRatio": 0.1684636119,
        "incomeTaxExpense": 20200000,
        "netIncome": 41975000,
        "netIncomeRatio": 0.1131401617,
        "eps": 0.84,
        "epsdiluted": 0.82,
        "weightedAverageShsOut": 50541000,
        "weightedAverageShsOutDil": 51000000,
        "link": "https://www.sec.gov/Archives/edgar/data/27996/000002799612000013/0000027996-12-000013-index.htm",
        "finalLink": "https://www.sec.gov/Archives/edgar/data/27996/000002799612000013/a201263010-q.htm"
    },
    {
        "date": "2012-03-31",
        "symbol": "DLX",
        "reportedCurrency": "USD",
        "cik": "0000027996",
        "fillingDate": "2012-05-04",
        "acceptedDate": "2012-05-04 12:09:12",
        "calendarYear": "2012",
        "period": "Q1",
        "revenue": 378000000,
        "costOfRevenue": 127500000,
        "grossProfit": 250500000,
        "grossProfitRatio": 0.6626984127,
        "researchAndDevelopmentExpenses": 0,
        "generalAndAdministrativeExpenses": 171831000,
        "sellingAndMarketingExpenses": 69000,
        "sellingGeneralAndAdministrativeExpenses": 171900000,
        "otherExpenses": 39000,
        "operatingExpenses": 171900000,
        "costAndExpenses": 299400000,
        "interestIncome": 0,
        "interestExpense": 11700000,
        "depreciationAndAmortization": 17100000,
        "ebitda": 95161000,
        "ebitdaratio": 0.2517486772,
        "operatingIncome": 78000000,
        "operatingIncomeRatio": 0.2063492063,
        "totalOtherIncomeExpensesNet": -11658000,
        "incomeBeforeTax": 66400000,
        "incomeBeforeTaxRatio": 0.1756613757,
        "incomeTaxExpense": 22300000,
        "netIncome": 43791000,
        "netIncomeRatio": 0.1158492063,
        "eps": 0.86,
        "epsdiluted": 0.86,
        "weightedAverageShsOut": 50991000,
        "weightedAverageShsOutDil": 51200000,
        "link": "https://www.sec.gov/Archives/edgar/data/27996/000002799612000003/0000027996-12-000003-index.htm",
        "finalLink": "https://www.sec.gov/Archives/edgar/data/27996/000002799612000003/a201233110-q.htm"
    },
    {
        "date": "2011-12-31",
        "symbol": "DLX",
        "reportedCurrency": "USD",
        "cik": "0000027996",
        "fillingDate": "2012-02-24",
        "acceptedDate": "2012-02-24 17:05:12",
        "calendarYear": "2011",
        "period": "Q4",
        "revenue": 366426000,
        "costOfRevenue": 129915000,
        "grossProfit": 236511000,
        "grossProfitRatio": 0.6454536523,
        "researchAndDevelopmentExpenses": 0,
        "generalAndAdministrativeExpenses": 159439000,
        "sellingAndMarketingExpenses": 0,
        "sellingGeneralAndAdministrativeExpenses": 159439000,
        "otherExpenses": 0,
        "operatingExpenses": 159439000,
        "costAndExpenses": 289354000,
        "interestIncome": 0,
        "interestExpense": 11875000,
        "depreciationAndAmortization": 16881000,
        "ebitda": 90887000,
        "ebitdaratio": 0.2480364385,
        "operatingIncome": 73972000,
        "operatingIncomeRatio": 0.2018743211,
        "totalOtherIncomeExpensesNet": -11841000,
        "incomeBeforeTax": 62131000,
        "incomeBeforeTaxRatio": 0.1695594745,
        "incomeTaxExpense": 22300000,
        "netIncome": 39831000,
        "netIncomeRatio": 0.1087013476,
        "eps": 0.78,
        "epsdiluted": 0.78,
        "weightedAverageShsOut": 50808000,
        "weightedAverageShsOutDil": 50991000,
        "link": "https://www.sec.gov/Archives/edgar/data/27996/000114036112010738/0001140361-12-010738-index.htm",
        "finalLink": "https://www.sec.gov/Archives/edgar/data/27996/000114036112010738/form10k.htm"
    },
    {
        "date": "2011-09-30",
        "symbol": "DLX",
        "reportedCurrency": "USD",
        "cik": "0000027996",
        "fillingDate": "2011-11-07",
        "acceptedDate": "2011-11-07 12:10:20",
        "calendarYear": "2011",
        "period": "Q3",
        "revenue": 355144000,
        "costOfRevenue": 122638000,
        "grossProfit": 232506000,
        "grossProfitRatio": 0.6546809182,
        "researchAndDevelopmentExpenses": 0,
        "generalAndAdministrativeExpenses": 162524000,
        "sellingAndMarketingExpenses": 0,
        "sellingGeneralAndAdministrativeExpenses": 162524000,
        "otherExpenses": -301000,
        "operatingExpenses": 162524000,
        "costAndExpenses": 285162000,
        "interestIncome": 0,
        "interestExpense": 11831000,
        "depreciationAndAmortization": 17779000,
        "ebitda": 83123000,
        "ebitdaratio": 0.2340543554,
        "operatingIncome": 65645000,
        "operatingIncomeRatio": 0.1848405154,
        "totalOtherIncomeExpensesNet": -12132000,
        "incomeBeforeTax": 53513000,
        "incomeBeforeTaxRatio": 0.1506797243,
        "incomeTaxExpense": 16778000,
        "netIncome": 36495000,
        "netIncomeRatio": 0.1027611335,
        "eps": 0.72,
        "epsdiluted": 0.71,
        "weightedAverageShsOut": 50889000,
        "weightedAverageShsOutDil": 51203000,
        "link": "https://www.sec.gov/Archives/edgar/data/27996/000114036111051978/0001140361-11-051978-index.htm",
        "finalLink": "https://www.sec.gov/Archives/edgar/data/27996/000114036111051978/form10q.htm"
    },
    {
        "date": "2011-06-30",
        "symbol": "DLX",
        "reportedCurrency": "USD",
        "cik": "0000027996",
        "fillingDate": "2011-08-08",
        "acceptedDate": "2011-08-05 20:03:36",
        "calendarYear": "2011",
        "period": "Q2",
        "revenue": 346274000,
        "costOfRevenue": 120687000,
        "grossProfit": 225587000,
        "grossProfitRatio": 0.6514696454,
        "researchAndDevelopmentExpenses": 0,
        "generalAndAdministrativeExpenses": 157526000,
        "sellingAndMarketingExpenses": 0,
        "sellingGeneralAndAdministrativeExpenses": 157526000,
        "otherExpenses": 0,
        "operatingExpenses": 157526000,
        "costAndExpenses": 278213000,
        "interestIncome": 0,
        "interestExpense": 12054000,
        "depreciationAndAmortization": 18940000,
        "ebitda": 82857000,
        "ebitdaratio": 0.2392816094,
        "operatingIncome": 63986000,
        "operatingIncomeRatio": 0.1847843038,
        "totalOtherIncomeExpensesNet": -12123000,
        "incomeBeforeTax": 51863000,
        "incomeBeforeTaxRatio": 0.1497744561,
        "incomeTaxExpense": 16390000,
        "netIncome": 35473000,
        "netIncomeRatio": 0.1024419968,
        "eps": 0.69,
        "epsdiluted": 0.68,
        "weightedAverageShsOut": 51175000,
        "weightedAverageShsOutDil": 51688000,
        "link": "https://www.sec.gov/Archives/edgar/data/27996/000114036111040038/0001140361-11-040038-index.htm",
        "finalLink": "https://www.sec.gov/Archives/edgar/data/27996/000114036111040038/form10q.htm"
    },
    {
        "date": "2011-03-31",
        "symbol": "DLX",
        "reportedCurrency": "USD",
        "cik": "0000027996",
        "fillingDate": "2011-05-06",
        "acceptedDate": "2011-05-06 15:56:02",
        "calendarYear": "2011",
        "period": "Q1",
        "revenue": 349752000,
        "costOfRevenue": 120163000,
        "grossProfit": 229589000,
        "grossProfitRatio": 0.6564337016,
        "researchAndDevelopmentExpenses": 0,
        "generalAndAdministrativeExpenses": 160817000,
        "sellingAndMarketingExpenses": 0,
        "sellingGeneralAndAdministrativeExpenses": 160817000,
        "otherExpenses": 0,
        "operatingExpenses": 160817000,
        "costAndExpenses": 280980000,
        "interestIncome": 0,
        "interestExpense": 12038000,
        "depreciationAndAmortization": 19743000,
        "ebitda": 80358000,
        "ebitdaratio": 0.229757085,
        "operatingIncome": 67455000,
        "operatingIncomeRatio": 0.1928652302,
        "totalOtherIncomeExpensesNet": -18878000,
        "incomeBeforeTax": 48577000,
        "incomeBeforeTaxRatio": 0.1388898419,
        "incomeTaxExpense": 16021000,
        "netIncome": 32556000,
        "netIncomeRatio": 0.0930830989,
        "eps": 0.63,
        "epsdiluted": 0.63,
        "weightedAverageShsOut": 51298000,
        "weightedAverageShsOutDil": 51853000,
        "link": "https://www.sec.gov/Archives/edgar/data/27996/000114036111025642/0001140361-11-025642-index.htm",
        "finalLink": "https://www.sec.gov/Archives/edgar/data/27996/000114036111025642/form10q.htm"
    },
    {
        "date": "2010-12-31",
        "symbol": "DLX",
        "reportedCurrency": "USD",
        "cik": "0000027996",
        "fillingDate": "2011-02-22",
        "acceptedDate": "2011-02-22 16:51:03",
        "calendarYear": "2010",
        "period": "Q4",
        "revenue": 351488000,
        "costOfRevenue": 126683000,
        "grossProfit": 224805000,
        "grossProfitRatio": 0.6395808676,
        "researchAndDevelopmentExpenses": 0,
        "generalAndAdministrativeExpenses": 157984000,
        "sellingAndMarketingExpenses": 0,
        "sellingGeneralAndAdministrativeExpenses": 157984000,
        "otherExpenses": 0,
        "operatingExpenses": 157984000,
        "costAndExpenses": 284667000,
        "interestIncome": 0,
        "interestExpense": 10915000,
        "depreciationAndAmortization": 19252000,
        "ebitda": 79700000,
        "ebitdaratio": 0.2267502731,
        "operatingIncome": 60861000,
        "operatingIncomeRatio": 0.1731524263,
        "totalOtherIncomeExpensesNet": -11328000,
        "incomeBeforeTax": 49533000,
        "incomeBeforeTaxRatio": 0.14092373,
        "incomeTaxExpense": 14708000,
        "netIncome": 34825000,
        "netIncomeRatio": 0.0990787737,
        "eps": 0.68,
        "epsdiluted": 0.68,
        "weightedAverageShsOut": 51132000,
        "weightedAverageShsOutDil": 51298000,
        "link": "https://www.sec.gov/Archives/edgar/data/27996/000114036111011194/0001140361-11-011194-index.htm",
        "finalLink": "https://www.sec.gov/Archives/edgar/data/27996/000114036111011194/form10k.htm"
    },
    {
        "date": "2010-09-30",
        "symbol": "DLX",
        "reportedCurrency": "USD",
        "cik": "0000027996",
        "fillingDate": "2010-11-02",
        "acceptedDate": "2010-11-01 21:56:54",
        "calendarYear": "2010",
        "period": "Q3",
        "revenue": 367600000,
        "costOfRevenue": 121400000,
        "grossProfit": 246200000,
        "grossProfitRatio": 0.669749728,
        "researchAndDevelopmentExpenses": 0,
        "generalAndAdministrativeExpenses": 157589000,
        "sellingAndMarketingExpenses": 11000,
        "sellingGeneralAndAdministrativeExpenses": 157600000,
        "otherExpenses": 0,
        "operatingExpenses": 157600000,
        "costAndExpenses": 279000000,
        "interestIncome": 0,
        "interestExpense": 11200000,
        "depreciationAndAmortization": 19400000,
        "ebitda": 108270000,
        "ebitdaratio": 0.2945321001,
        "operatingIncome": 88500000,
        "operatingIncomeRatio": 0.2407508161,
        "totalOtherIncomeExpensesNet": -10824000,
        "incomeBeforeTax": 77700000,
        "incomeBeforeTaxRatio": 0.2113710555,
        "incomeTaxExpense": 26500000,
        "netIncome": 50800000,
        "netIncomeRatio": 0.1381936888,
        "eps": 0.99,
        "epsdiluted": 0.98,
        "weightedAverageShsOut": 51302000,
        "weightedAverageShsOutDil": 51400000,
        "link": "https://www.sec.gov/Archives/edgar/data/27996/000114036110043000/0001140361-10-043000-index.htm",
        "finalLink": "https://www.sec.gov/Archives/edgar/data/27996/000114036110043000/form10q.htm"
    },
    {
        "date": "2010-06-30",
        "symbol": "DLX",
        "reportedCurrency": "USD",
        "cik": "0000027996",
        "fillingDate": "2010-08-05",
        "acceptedDate": "2010-08-05 13:36:54",
        "calendarYear": "2010",
        "period": "Q2",
        "revenue": 348000000,
        "costOfRevenue": 121900000,
        "grossProfit": 226100000,
        "grossProfitRatio": 0.6497126437,
        "researchAndDevelopmentExpenses": 0,
        "generalAndAdministrativeExpenses": 160685000,
        "sellingAndMarketingExpenses": 15000,
        "sellingGeneralAndAdministrativeExpenses": 160700000,
        "otherExpenses": 0,
        "operatingExpenses": 160700000,
        "costAndExpenses": 282600000,
        "interestIncome": 0,
        "interestExpense": 11500000,
        "depreciationAndAmortization": 19900000,
        "ebitda": 82013000,
        "ebitdaratio": 0.2356695402,
        "operatingIncome": 63200000,
        "operatingIncomeRatio": 0.1816091954,
        "totalOtherIncomeExpensesNet": -12552000,
        "incomeBeforeTax": 50700000,
        "incomeBeforeTaxRatio": 0.1456896552,
        "incomeTaxExpense": 17100000,
        "netIncome": 33614000,
        "netIncomeRatio": 0.096591954,
        "eps": 0.65,
        "epsdiluted": 0.65,
        "weightedAverageShsOut": 51041000,
        "weightedAverageShsOutDil": 51400000,
        "link": "https://www.sec.gov/Archives/edgar/data/27996/000095012310073195/0000950123-10-073195-index.htm",
        "finalLink": "https://www.sec.gov/Archives/edgar/data/27996/000095012310073195/c59367e10vq.htm"
    },
    {
        "date": "2010-03-31",
        "symbol": "DLX",
        "reportedCurrency": "USD",
        "cik": "0000027996",
        "fillingDate": "2010-05-03",
        "acceptedDate": "2010-05-03 11:52:34",
        "calendarYear": "2010",
        "period": "Q1",
        "revenue": 335100000,
        "costOfRevenue": 118300000,
        "grossProfit": 216800000,
        "grossProfitRatio": 0.6469710534,
        "researchAndDevelopmentExpenses": 0,
        "generalAndAdministrativeExpenses": 148045000,
        "sellingAndMarketingExpenses": -45000,
        "sellingGeneralAndAdministrativeExpenses": 148000000,
        "otherExpenses": 0,
        "operatingExpenses": 148000000,
        "costAndExpenses": 266300000,
        "interestIncome": 0,
        "interestExpense": 10500000,
        "depreciationAndAmortization": 15400000,
        "ebitda": 84046000,
        "ebitdaratio": 0.2508087138,
        "operatingIncome": 69000000,
        "operatingIncomeRatio": 0.205908684,
        "totalOtherIncomeExpensesNet": -10891000,
        "incomeBeforeTax": 58100000,
        "incomeBeforeTaxRatio": 0.1733810803,
        "incomeTaxExpense": 24300000,
        "netIncome": 33384000,
        "netIncomeRatio": 0.0996239928,
        "eps": 0.65,
        "epsdiluted": 0.65,
        "weightedAverageShsOut": 51338000,
        "weightedAverageShsOutDil": 51338000,
        "link": "https://www.sec.gov/Archives/edgar/data/27996/000095012310042483/0000950123-10-042483-index.htm",
        "finalLink": "https://www.sec.gov/Archives/edgar/data/27996/000095012310042483/c57693e10vq.htm"
    },
    {
        "date": "2009-12-31",
        "symbol": "DLX",
        "reportedCurrency": "USD",
        "cik": "0000027996",
        "fillingDate": "2010-02-19",
        "acceptedDate": "2010-02-19 14:29:16",
        "calendarYear": "2009",
        "period": "Q4",
        "revenue": 340308000,
        "costOfRevenue": 126647000,
        "grossProfit": 213661000,
        "grossProfitRatio": 0.6278459513,
        "researchAndDevelopmentExpenses": 0,
        "generalAndAdministrativeExpenses": 152411000,
        "sellingAndMarketingExpenses": 0,
        "sellingGeneralAndAdministrativeExpenses": 152411000,
        "otherExpenses": 0,
        "operatingExpenses": 152411000,
        "costAndExpenses": 279058000,
        "interestIncome": 0,
        "interestExpense": 10738000,
        "depreciationAndAmortization": 16797000,
        "ebitda": 72716000,
        "ebitdaratio": 0.213677022,
        "operatingIncome": 55775000,
        "operatingIncomeRatio": 0.1638956475,
        "totalOtherIncomeExpensesNet": -10594000,
        "incomeBeforeTax": 45181000,
        "incomeBeforeTaxRatio": 0.1327650246,
        "incomeTaxExpense": 14652000,
        "netIncome": 30529000,
        "netIncomeRatio": 0.0897099098,
        "eps": 0.59,
        "epsdiluted": 0.59,
        "weightedAverageShsOut": 50912000,
        "weightedAverageShsOutDil": 51338000,
        "link": "https://www.sec.gov/Archives/edgar/data/27996/000095012310014487/0000950123-10-014487-index.htm",
        "finalLink": "https://www.sec.gov/Archives/edgar/data/27996/000095012310014487/c56217e10vk.htm"
    },
    {
        "date": "2009-09-30",
        "symbol": "DLX",
        "reportedCurrency": "USD",
        "cik": "0000027996",
        "fillingDate": "2009-10-29",
        "acceptedDate": "2009-10-29 14:48:53",
        "calendarYear": "2009",
        "period": "Q3",
        "revenue": 332300000,
        "costOfRevenue": 400000,
        "grossProfit": 331900000,
        "grossProfitRatio": 0.9987962684,
        "researchAndDevelopmentExpenses": 0,
        "generalAndAdministrativeExpenses": 153999000,
        "sellingAndMarketingExpenses": 101000,
        "sellingGeneralAndAdministrativeExpenses": 154100000,
        "otherExpenses": 0,
        "operatingExpenses": 154100000,
        "costAndExpenses": 154500000,
        "interestIncome": 0,
        "interestExpense": 11500000,
        "depreciationAndAmortization": 16214000,
        "ebitda": 70933000,
        "ebitdaratio": 0.2134607283,
        "operatingIncome": 54500000,
        "operatingIncomeRatio": 0.1640084261,
        "totalOtherIncomeExpensesNet": -11325000,
        "incomeBeforeTax": 43200000,
        "incomeBeforeTaxRatio": 0.1300030093,
        "incomeTaxExpense": 14600000,
        "netIncome": 28555000,
        "netIncomeRatio": 0.0859313873,
        "eps": 0.56,
        "epsdiluted": 0.56,
        "weightedAverageShsOut": 50767000,
        "weightedAverageShsOutDil": 51000000,
        "link": "https://www.sec.gov/Archives/edgar/data/27996/000095012309054777/0000950123-09-054777-index.htm",
        "finalLink": "https://www.sec.gov/Archives/edgar/data/27996/000095012309054777/c54240e10vq.htm"
    },
    {
        "date": "2009-06-30",
        "symbol": "DLX",
        "reportedCurrency": "USD",
        "cik": "0000027996",
        "fillingDate": "2009-08-07",
        "acceptedDate": "2009-08-07 12:49:54",
        "calendarYear": "2009",
        "period": "Q2",
        "revenue": 332100000,
        "costOfRevenue": 127000000,
        "grossProfit": 205100000,
        "grossProfitRatio": 0.6175850647,
        "researchAndDevelopmentExpenses": 0,
        "generalAndAdministrativeExpenses": 151730000,
        "sellingAndMarketingExpenses": -30000,
        "sellingGeneralAndAdministrativeExpenses": 151700000,
        "otherExpenses": 0,
        "operatingExpenses": 151700000,
        "costAndExpenses": 278700000,
        "interestIncome": 0,
        "interestExpense": 11600000,
        "depreciationAndAmortization": 17901000,
        "ebitda": 71191000,
        "ebitdaratio": 0.2143661548,
        "operatingIncome": 53100000,
        "operatingIncomeRatio": 0.1598915989,
        "totalOtherIncomeExpensesNet": -11420000,
        "incomeBeforeTax": 41700000,
        "incomeBeforeTaxRatio": 0.125564589,
        "incomeTaxExpense": 13900000,
        "netIncome": 27776000,
        "netIncomeRatio": 0.0836374586,
        "eps": 0.54,
        "epsdiluted": 0.54,
        "weightedAverageShsOut": 51481481,
        "weightedAverageShsOutDil": 51481481,
        "link": "https://www.sec.gov/Archives/edgar/data/27996/000095012309031876/0000950123-09-031876-index.htm",
        "finalLink": "https://www.sec.gov/Archives/edgar/data/27996/000095012309031876/c52644e10vq.htm"
    },
    {
        "date": "2009-03-31",
        "symbol": "DLX",
        "reportedCurrency": "USD",
        "cik": "0000027996",
        "fillingDate": "2009-05-01",
        "acceptedDate": "2009-05-01 10:59:59",
        "calendarYear": "2009",
        "period": "Q1",
        "revenue": 339520000,
        "costOfRevenue": 129259000,
        "grossProfit": 210261000,
        "grossProfitRatio": 0.6192889962,
        "researchAndDevelopmentExpenses": 0,
        "generalAndAdministrativeExpenses": 158356000,
        "sellingAndMarketingExpenses": 0,
        "sellingGeneralAndAdministrativeExpenses": 158356000,
        "otherExpenses": 0,
        "operatingExpenses": 158356000,
        "costAndExpenses": 287615000,
        "interestIncome": 0,
        "interestExpense": 12420000,
        "depreciationAndAmortization": 16853000,
        "ebitda": 54226000,
        "ebitdaratio": 0.1597137135,
        "operatingIncome": 27182000,
        "operatingIncomeRatio": 0.0800600848,
        "totalOtherIncomeExpensesNet": -2229000,
        "incomeBeforeTax": 24953000,
        "incomeBeforeTaxRatio": 0.073494934,
        "incomeTaxExpense": 12449000,
        "netIncome": 12504000,
        "netIncomeRatio": 0.0368284637,
        "eps": 0.24,
        "epsdiluted": 0.24,
        "weightedAverageShsOut": 50714000,
        "weightedAverageShsOutDil": 50726000,
        "link": "https://www.sec.gov/Archives/edgar/data/27996/000095013709003482/0000950137-09-003482-index.htm",
        "finalLink": "https://www.sec.gov/Archives/edgar/data/27996/000095013709003482/c50768e10vq.htm"
    },
    {
        "date": "2008-12-31",
        "symbol": "DLX",
        "reportedCurrency": "USD",
        "cik": "0000027996",
        "fillingDate": "2009-02-20",
        "acceptedDate": "2009-02-20 11:53:13",
        "calendarYear": "2008",
        "period": "Q4",
        "revenue": 353512000,
        "costOfRevenue": 128232000,
        "grossProfit": 225280000,
        "grossProfitRatio": 0.6372626672,
        "researchAndDevelopmentExpenses": 0,
        "generalAndAdministrativeExpenses": 160449000,
        "sellingAndMarketingExpenses": 0,
        "sellingGeneralAndAdministrativeExpenses": 160449000,
        "otherExpenses": -11105000,
        "operatingExpenses": 149344000,
        "costAndExpenses": 277576000,
        "interestIncome": 0,
        "interestExpense": 0,
        "depreciationAndAmortization": 43472000,
        "ebitda": 97429000,
        "ebitdaratio": 0.2756030913,
        "operatingIncome": 62820000,
        "operatingIncomeRatio": 0.1777025957,
        "totalOtherIncomeExpensesNet": -12292000,
        "incomeBeforeTax": 50528000,
        "incomeBeforeTaxRatio": 0.1429314988,
        "incomeTaxExpense": 18350000,
        "netIncome": 27940000,
        "netIncomeRatio": 0.0790355066,
        "eps": 0.55,
        "epsdiluted": 0.55,
        "weightedAverageShsOut": 50698000,
        "weightedAverageShsOutDil": 50714000,
        "link": "https://www.sec.gov/Archives/edgar/data/27996/000095013709001188/0000950137-09-001188-index.htm",
        "finalLink": "https://www.sec.gov/Archives/edgar/data/27996/000095013709001188/c49372e10vk.htm"
    },
    {
        "date": "2008-09-30",
        "symbol": "DLX",
        "reportedCurrency": "USD",
        "cik": "0000027996",
        "fillingDate": "2008-10-29",
        "acceptedDate": "2008-10-29 14:42:58",
        "calendarYear": "2008",
        "period": "Q3",
        "revenue": 366188000,
        "costOfRevenue": 152587000,
        "grossProfit": 213601000,
        "grossProfitRatio": 0.5833096661,
        "researchAndDevelopmentExpenses": 0,
        "generalAndAdministrativeExpenses": 164624000,
        "sellingAndMarketingExpenses": 0,
        "sellingGeneralAndAdministrativeExpenses": 164624000,
        "otherExpenses": 9687000,
        "operatingExpenses": 174311000,
        "costAndExpenses": 326898000,
        "interestIncome": 0,
        "interestExpense": 0,
        "depreciationAndAmortization": 3572000,
        "ebitda": 42862000,
        "ebitdaratio": 0.117049166,
        "operatingIncome": 30283000,
        "operatingIncomeRatio": 0.0826979584,
        "totalOtherIncomeExpensesNet": -12506000,
        "incomeBeforeTax": 17777000,
        "incomeBeforeTaxRatio": 0.048546102,
        "incomeTaxExpense": 4017000,
        "netIncome": 13760000,
        "netIncomeRatio": 0.0375763269,
        "eps": 0.27,
        "epsdiluted": 0.27,
        "weightedAverageShsOut": 50859000,
        "weightedAverageShsOutDil": 51273000,
        "link": "https://www.sec.gov/Archives/edgar/data/27996/000095013708013284/0000950137-08-013284-index.htm",
        "finalLink": "https://www.sec.gov/Archives/edgar/data/27996/000095013708013284/c46984e10vq.htm"
    },
    {
        "date": "2008-06-30",
        "symbol": "DLX",
        "reportedCurrency": "USD",
        "cik": "0000027996",
        "fillingDate": "2008-08-07",
        "acceptedDate": "2008-08-07 14:06:14",
        "calendarYear": "2008",
        "period": "Q2",
        "revenue": 367749000,
        "costOfRevenue": 139816000,
        "grossProfit": 227933000,
        "grossProfitRatio": 0.6198059002,
        "researchAndDevelopmentExpenses": 0,
        "generalAndAdministrativeExpenses": 166632000,
        "sellingAndMarketingExpenses": 0,
        "sellingGeneralAndAdministrativeExpenses": 166632000,
        "otherExpenses": 0,
        "operatingExpenses": 166632000,
        "costAndExpenses": 306448000,
        "interestIncome": 0,
        "interestExpense": 0,
        "depreciationAndAmortization": 21772000,
        "ebitda": 61301000,
        "ebitdaratio": 0.1666924995,
        "operatingIncome": 61301000,
        "operatingIncomeRatio": 0.1666924995,
        "totalOtherIncomeExpensesNet": -12001000,
        "incomeBeforeTax": 49300000,
        "incomeBeforeTaxRatio": 0.1340588282,
        "incomeTaxExpense": 16683000,
        "netIncome": 32617000,
        "netIncomeRatio": 0.088693647,
        "eps": 0.64,
        "epsdiluted": 0.63,
        "weightedAverageShsOut": 51005000,
        "weightedAverageShsOutDil": 51005000,
        "link": "https://www.sec.gov/Archives/edgar/data/27996/000095013708010361/0000950137-08-010361-index.htm",
        "finalLink": "https://www.sec.gov/Archives/edgar/data/27996/000095013708010361/c33938e10vq.htm"
    },
    {
        "date": "2008-03-31",
        "symbol": "DLX",
        "reportedCurrency": "USD",
        "cik": "0000027996",
        "fillingDate": "2008-05-01",
        "acceptedDate": "2008-05-01 14:54:33",
        "calendarYear": "2008",
        "period": "Q1",
        "revenue": 381213000,
        "costOfRevenue": 145878000,
        "grossProfit": 235335000,
        "grossProfitRatio": 0.6173320427,
        "researchAndDevelopmentExpenses": 0,
        "generalAndAdministrativeExpenses": 180505000,
        "sellingAndMarketingExpenses": 0,
        "sellingGeneralAndAdministrativeExpenses": 180505000,
        "otherExpenses": 0,
        "operatingExpenses": 180505000,
        "costAndExpenses": 326383000,
        "interestIncome": 0,
        "interestExpense": 0,
        "depreciationAndAmortization": 21762000,
        "ebitda": 54830000,
        "ebitdaratio": 0.1438303521,
        "operatingIncome": 54830000,
        "operatingIncomeRatio": 0.1438303521,
        "totalOtherIncomeExpensesNet": -12259000,
        "incomeBeforeTax": 42571000,
        "incomeBeforeTaxRatio": 0.1116724771,
        "incomeTaxExpense": 15254000,
        "netIncome": 27317000,
        "netIncomeRatio": 0.0716581019,
        "eps": 0.53,
        "epsdiluted": 0.53,
        "weightedAverageShsOut": 51541509,
        "weightedAverageShsOutDil": 51541509,
        "link": "https://www.sec.gov/Archives/edgar/data/27996/000095013708006489/0000950137-08-006489-index.htm",
        "finalLink": "https://www.sec.gov/Archives/edgar/data/27996/000095013708006489/c26056e10vq.htm"
    },
    {
        "date": "2007-12-31",
        "symbol": "DLX",
        "reportedCurrency": "USD",
        "cik": "0000027996",
        "fillingDate": "2008-02-22",
        "acceptedDate": "2008-02-22 17:03:54",
        "calendarYear": "2007",
        "period": "Q4",
        "revenue": 414026000,
        "costOfRevenue": 150951000,
        "grossProfit": 263075000,
        "grossProfitRatio": 0.6354069551,
        "researchAndDevelopmentExpenses": 0,
        "generalAndAdministrativeExpenses": 192707000,
        "sellingAndMarketingExpenses": 0,
        "sellingGeneralAndAdministrativeExpenses": 192707000,
        "otherExpenses": -3773000,
        "operatingExpenses": 188934000,
        "costAndExpenses": 339885000,
        "interestIncome": 0,
        "interestExpense": 0,
        "depreciationAndAmortization": 22770000,
        "ebitda": 96911000,
        "ebitdaratio": 0.234069841,
        "operatingIncome": 70368000,
        "operatingIncomeRatio": 0.1699603407,
        "totalOtherIncomeExpensesNet": -12205000,
        "incomeBeforeTax": 58163000,
        "incomeBeforeTaxRatio": 0.1404815157,
        "incomeTaxExpense": 18011000,
        "netIncome": 40152000,
        "netIncomeRatio": 0.0969794168,
        "eps": 0.78,
        "epsdiluted": 0.78,
        "weightedAverageShsOut": 51490272,
        "weightedAverageShsOutDil": 51541509,
        "link": "https://www.sec.gov/Archives/edgar/data/27996/000095013708002616/0000950137-08-002616-index.htm",
        "finalLink": "https://www.sec.gov/Archives/edgar/data/27996/000095013708002616/c23618e10vk.htm"
    },
    {
        "date": "2007-09-30",
        "symbol": "DLX",
        "reportedCurrency": "USD",
        "cik": "0000027996",
        "fillingDate": "2007-10-31",
        "acceptedDate": "2007-10-31 10:39:28",
        "calendarYear": "2007",
        "period": "Q3",
        "revenue": 388636000,
        "costOfRevenue": 143498000,
        "grossProfit": 245138000,
        "grossProfitRatio": 0.6307650346,
        "researchAndDevelopmentExpenses": 0,
        "generalAndAdministrativeExpenses": 184416000,
        "sellingAndMarketingExpenses": 0,
        "sellingGeneralAndAdministrativeExpenses": 184416000,
        "otherExpenses": 0,
        "operatingExpenses": 184416000,
        "costAndExpenses": 327914000,
        "interestIncome": 0,
        "interestExpense": 0,
        "depreciationAndAmortization": 23681000,
        "ebitda": 60722000,
        "ebitdaratio": 0.1562438889,
        "operatingIncome": 60722000,
        "operatingIncomeRatio": 0.1562438889,
        "totalOtherIncomeExpensesNet": -12842000,
        "incomeBeforeTax": 47880000,
        "incomeBeforeTaxRatio": 0.1232001153,
        "incomeTaxExpense": 15720000,
        "netIncome": 32160000,
        "netIncomeRatio": 0.0827509546,
        "eps": 0.62,
        "epsdiluted": 0.62,
        "weightedAverageShsOut": 51616000,
        "weightedAverageShsOutDil": 52123000,
        "link": "https://www.sec.gov/Archives/edgar/data/27996/000095013707016274/0000950137-07-016274-index.htm",
        "finalLink": "https://www.sec.gov/Archives/edgar/data/27996/000095013707016274/c20210e10vq.htm"
    },
    {
        "date": "2007-06-30",
        "symbol": "DLX",
        "reportedCurrency": "USD",
        "cik": "0000027996",
        "fillingDate": "2007-08-03",
        "acceptedDate": "2007-08-03 14:50:58",
        "calendarYear": "2007",
        "period": "Q2",
        "revenue": 399871000,
        "costOfRevenue": 142794000,
        "grossProfit": 257077000,
        "grossProfitRatio": 0.6428998352,
        "researchAndDevelopmentExpenses": 0,
        "generalAndAdministrativeExpenses": 189595000,
        "sellingAndMarketingExpenses": 0,
        "sellingGeneralAndAdministrativeExpenses": 189595000,
        "otherExpenses": 0,
        "operatingExpenses": 189595000,
        "costAndExpenses": 332389000,
        "interestIncome": 0,
        "interestExpense": 0,
        "depreciationAndAmortization": 23766000,
        "ebitda": 67482000,
        "ebitdaratio": 0.1687594249,
        "operatingIncome": 67482000,
        "operatingIncomeRatio": 0.1687594249,
        "totalOtherIncomeExpensesNet": -13033000,
        "incomeBeforeTax": 54449000,
        "incomeBeforeTaxRatio": 0.1361664137,
        "incomeTaxExpense": 18474000,
        "netIncome": 35975000,
        "netIncomeRatio": 0.0899665142,
        "eps": 0.7,
        "epsdiluted": 0.69,
        "weightedAverageShsOut": 51392857,
        "weightedAverageShsOutDil": 52137681,
        "link": "https://www.sec.gov/Archives/edgar/data/27996/000095013707011221/0000950137-07-011221-index.htm",
        "finalLink": "https://www.sec.gov/Archives/edgar/data/27996/000095013707011221/c17157e10vq.htm"
    },
    {
        "date": "2007-03-31",
        "symbol": "DLX",
        "reportedCurrency": "USD",
        "cik": "0000027996",
        "fillingDate": "2007-04-26",
        "acceptedDate": "2007-04-26 14:47:20",
        "calendarYear": "2007",
        "period": "Q1",
        "revenue": 403834000,
        "costOfRevenue": 149317000,
        "grossProfit": 254517000,
        "grossProfitRatio": 0.630251539,
        "researchAndDevelopmentExpenses": 0,
        "generalAndAdministrativeExpenses": 189317000,
        "sellingAndMarketingExpenses": 0,
        "sellingGeneralAndAdministrativeExpenses": 189317000,
        "otherExpenses": 0,
        "operatingExpenses": 189317000,
        "costAndExpenses": 338634000,
        "interestIncome": 0,
        "interestExpense": 0,
        "depreciationAndAmortization": 25863000,
        "ebitda": 68973000,
        "ebitdaratio": 0.1707954258,
        "operatingIncome": 68973000,
        "operatingIncomeRatio": 0.1707954258,
        "totalOtherIncomeExpensesNet": -11811000,
        "incomeBeforeTax": 57162000,
        "incomeBeforeTaxRatio": 0.1415482599,
        "incomeTaxExpense": 21934000,
        "netIncome": 35228000,
        "netIncomeRatio": 0.0872338634,
        "eps": 0.69,
        "epsdiluted": 0.68,
        "weightedAverageShsOut": 51055072,
        "weightedAverageShsOutDil": 51805882,
        "link": "https://www.sec.gov/Archives/edgar/data/27996/000089710107000928/0000897101-07-000928-index.htm",
        "finalLink": "https://www.sec.gov/Archives/edgar/data/27996/000089710107000928/deluxe071770_10q.htm"
    },
    {
        "date": "2006-12-31",
        "symbol": "DLX",
        "reportedCurrency": "USD",
        "cik": "0000027996",
        "fillingDate": "2007-02-16",
        "acceptedDate": "2007-02-16 11:07:00",
        "calendarYear": "2006",
        "period": "Q4",
        "revenue": 427178000,
        "costOfRevenue": 155906000,
        "grossProfit": 271272000,
        "grossProfitRatio": 0.635032703,
        "researchAndDevelopmentExpenses": 0,
        "generalAndAdministrativeExpenses": 192458000,
        "sellingAndMarketingExpenses": 0,
        "sellingGeneralAndAdministrativeExpenses": 192458000,
        "otherExpenses": -124000,
        "operatingExpenses": 192334000,
        "costAndExpenses": 348240000,
        "interestIncome": 0,
        "interestExpense": 0,
        "depreciationAndAmortization": 27420000,
        "ebitda": 106358000,
        "ebitdaratio": 0.2489781777,
        "operatingIncome": 78938000,
        "operatingIncomeRatio": 0.1847894789,
        "totalOtherIncomeExpensesNet": -13204000,
        "incomeBeforeTax": 65734000,
        "incomeBeforeTaxRatio": 0.1538796474,
        "incomeTaxExpense": 18243000,
        "netIncome": 47491000,
        "netIncomeRatio": 0.1111737964,
        "eps": 0.93,
        "epsdiluted": 0.93,
        "weightedAverageShsOut": 51055072,
        "weightedAverageShsOutDil": 51055072,
        "link": "https://www.sec.gov/Archives/edgar/data/27996/000089710107000382/0000897101-07-000382-index.htm",
        "finalLink": "https://www.sec.gov/Archives/edgar/data/27996/000089710107000382/deluxe070505_10k.htm"
    },
    {
        "date": "2006-09-30",
        "symbol": "DLX",
        "reportedCurrency": "USD",
        "cik": "0000027996",
        "fillingDate": "2006-11-06",
        "acceptedDate": "2006-11-06 11:07:15",
        "calendarYear": "2006",
        "period": "Q3",
        "revenue": 398087000,
        "costOfRevenue": 149729000,
        "grossProfit": 248358000,
        "grossProfitRatio": 0.6238786999,
        "researchAndDevelopmentExpenses": 0,
        "generalAndAdministrativeExpenses": 190618000,
        "sellingAndMarketingExpenses": 0,
        "sellingGeneralAndAdministrativeExpenses": 190618000,
        "otherExpenses": 490000,
        "operatingExpenses": 191108000,
        "costAndExpenses": 340837000,
        "interestIncome": 0,
        "interestExpense": 0,
        "depreciationAndAmortization": 29011000,
        "ebitda": 57250000,
        "ebitdaratio": 0.1438127846,
        "operatingIncome": 57250000,
        "operatingIncomeRatio": 0.1438127846,
        "totalOtherIncomeExpensesNet": -13860000,
        "incomeBeforeTax": 43390000,
        "incomeBeforeTaxRatio": 0.1089962747,
        "incomeTaxExpense": 12227000,
        "netIncome": 31163000,
        "netIncomeRatio": 0.0782818831,
        "eps": 0.61,
        "epsdiluted": 0.61,
        "weightedAverageShsOut": 51086885,
        "weightedAverageShsOutDil": 51086885,
        "link": "https://www.sec.gov/Archives/edgar/data/27996/000089710106002275/0000897101-06-002275-index.htm",
        "finalLink": "https://www.sec.gov/Archives/edgar/data/27996/000089710106002275/deluxe064155_10q.htm"
    },
    {
        "date": "2006-06-30",
        "symbol": "DLX",
        "reportedCurrency": "USD",
        "cik": "0000027996",
        "fillingDate": "2006-08-03",
        "acceptedDate": "2006-08-03 09:22:34",
        "calendarYear": "2006",
        "period": "Q2",
        "revenue": 402959000,
        "costOfRevenue": 151668000,
        "grossProfit": 251291000,
        "grossProfitRatio": 0.6236143131,
        "researchAndDevelopmentExpenses": 0,
        "generalAndAdministrativeExpenses": 196783000,
        "sellingAndMarketingExpenses": 0,
        "sellingGeneralAndAdministrativeExpenses": 196783000,
        "otherExpenses": 44698000,
        "operatingExpenses": 241481000,
        "costAndExpenses": 393149000,
        "interestIncome": 0,
        "interestExpense": 0,
        "depreciationAndAmortization": 32656000,
        "ebitda": 9810000,
        "ebitdaratio": 0.0243449085,
        "operatingIncome": 9810000,
        "operatingIncomeRatio": 0.0243449085,
        "totalOtherIncomeExpensesNet": -14751000,
        "incomeBeforeTax": -4941000,
        "incomeBeforeTaxRatio": -0.0122617934,
        "incomeTaxExpense": -2199000,
        "netIncome": -2367000,
        "netIncomeRatio": -0.0058740467,
        "eps": -0.05,
        "epsdiluted": -0.05,
        "weightedAverageShsOut": 47340000,
        "weightedAverageShsOutDil": 47340000,
        "link": "https://www.sec.gov/Archives/edgar/data/27996/000089710106001579/0000897101-06-001579-index.htm",
        "finalLink": "https://www.sec.gov/Archives/edgar/data/27996/000089710106001579/deluxe062550_10q.htm"
    },
    {
        "date": "2006-03-31",
        "symbol": "DLX",
        "reportedCurrency": "USD",
        "cik": "0000027996",
        "fillingDate": "2006-04-27",
        "acceptedDate": "2006-04-27 13:41:41",
        "calendarYear": "2006",
        "period": "Q1",
        "revenue": 411430000,
        "costOfRevenue": 155976000,
        "grossProfit": 255454000,
        "grossProfitRatio": 0.620892983,
        "researchAndDevelopmentExpenses": 0,
        "generalAndAdministrativeExpenses": 208101000,
        "sellingAndMarketingExpenses": 0,
        "sellingGeneralAndAdministrativeExpenses": 208101000,
        "otherExpenses": -4948000,
        "operatingExpenses": 203153000,
        "costAndExpenses": 359129000,
        "interestIncome": 0,
        "interestExpense": 0,
        "depreciationAndAmortization": 32359000,
        "ebitda": 79712000,
        "ebitdaratio": 0.1937437717,
        "operatingIncome": 52301000,
        "operatingIncomeRatio": 0.1271200447,
        "totalOtherIncomeExpensesNet": -13944000,
        "incomeBeforeTax": 38357000,
        "incomeBeforeTaxRatio": 0.0932284957,
        "incomeTaxExpense": 13711000,
        "netIncome": 24668000,
        "netIncomeRatio": 0.0599567363,
        "eps": 0.49,
        "epsdiluted": 0.48,
        "weightedAverageShsOut": 50342857,
        "weightedAverageShsOutDil": 51391667,
        "link": "https://www.sec.gov/Archives/edgar/data/27996/000089710106000887/0000897101-06-000887-index.htm",
        "finalLink": "https://www.sec.gov/Archives/edgar/data/27996/000089710106000887/deluxe061765_10q.htm"
    },
    {
        "date": "2005-12-31",
        "symbol": "DLX",
        "reportedCurrency": "USD",
        "cik": "0000027996",
        "fillingDate": "2006-03-01",
        "acceptedDate": "2006-03-01 14:05:02",
        "calendarYear": "2005",
        "period": "Q4",
        "revenue": 431997000,
        "costOfRevenue": 156269000,
        "grossProfit": 275728000,
        "grossProfitRatio": 0.6382636916,
        "researchAndDevelopmentExpenses": 0,
        "generalAndAdministrativeExpenses": 200703000,
        "sellingAndMarketingExpenses": 0,
        "sellingGeneralAndAdministrativeExpenses": 200703000,
        "otherExpenses": 0,
        "operatingExpenses": 200703000,
        "costAndExpenses": 356972000,
        "interestIncome": 0,
        "interestExpense": 0,
        "depreciationAndAmortization": 33496000,
        "ebitda": 108521000,
        "ebitdaratio": 0.251207763,
        "operatingIncome": 75025000,
        "operatingIncomeRatio": 0.1736701875,
        "totalOtherIncomeExpensesNet": -14033000,
        "incomeBeforeTax": 60992000,
        "incomeBeforeTaxRatio": 0.1411861656,
        "incomeTaxExpense": 22380000,
        "netIncome": 38959000,
        "netIncomeRatio": 0.0901834966,
        "eps": 0.77,
        "epsdiluted": 0.77,
        "weightedAverageShsOut": 50342857,
        "weightedAverageShsOutDil": 50342857,
        "link": "https://www.sec.gov/Archives/edgar/data/27996/000089710106000492/0000897101-06-000492-index.htm",
        "finalLink": "https://www.sec.gov/Archives/edgar/data/27996/000089710106000492/deluxe060594_10k.htm"
    },
    {
        "date": "2005-09-30",
        "symbol": "DLX",
        "reportedCurrency": "USD",
        "cik": "0000027996",
        "fillingDate": "2005-11-07",
        "acceptedDate": "2005-11-07 11:20:33",
        "calendarYear": "2005",
        "period": "Q3",
        "revenue": 412501000,
        "costOfRevenue": 149248000,
        "grossProfit": 263253000,
        "grossProfitRatio": 0.6381875438,
        "researchAndDevelopmentExpenses": 0,
        "generalAndAdministrativeExpenses": 191925000,
        "sellingAndMarketingExpenses": 0,
        "sellingGeneralAndAdministrativeExpenses": 191925000,
        "otherExpenses": 0,
        "operatingExpenses": 191925000,
        "costAndExpenses": 341173000,
        "interestIncome": 0,
        "interestExpense": 0,
        "depreciationAndAmortization": 32679000,
        "ebitda": 71328000,
        "ebitdaratio": 0.1729159444,
        "operatingIncome": 71328000,
        "operatingIncomeRatio": 0.1729159444,
        "totalOtherIncomeExpensesNet": -12986000,
        "incomeBeforeTax": 58342000,
        "incomeBeforeTaxRatio": 0.1414348086,
        "incomeTaxExpense": 20722000,
        "netIncome": 37134000,
        "netIncomeRatio": 0.0900215999,
        "eps": 0.73,
        "epsdiluted": 0.73,
        "weightedAverageShsOut": 50868493,
        "weightedAverageShsOutDil": 50868493,
        "link": "https://www.sec.gov/Archives/edgar/data/27996/000089710105002352/0000897101-05-002352-index.htm",
        "finalLink": "https://www.sec.gov/Archives/edgar/data/27996/000089710105002352/deluxe054335_10q.htm"
    },
    {
        "date": "2005-06-30",
        "symbol": "DLX",
        "reportedCurrency": "USD",
        "cik": "0000027996",
        "fillingDate": "2005-08-04",
        "acceptedDate": "2005-08-04 13:07:10",
        "calendarYear": "2005",
        "period": "Q2",
        "revenue": 434476000,
        "costOfRevenue": 150773000,
        "grossProfit": 283703000,
        "grossProfitRatio": 0.6529773796,
        "researchAndDevelopmentExpenses": 0,
        "generalAndAdministrativeExpenses": 201944000,
        "sellingAndMarketingExpenses": 0,
        "sellingGeneralAndAdministrativeExpenses": 201944000,
        "otherExpenses": 0,
        "operatingExpenses": 201944000,
        "costAndExpenses": 352717000,
        "interestIncome": 0,
        "interestExpense": 0,
        "depreciationAndAmortization": 37908000,
        "ebitda": 81759000,
        "ebitdaratio": 0.1881784034,
        "operatingIncome": 81759000,
        "operatingIncomeRatio": 0.1881784034,
        "totalOtherIncomeExpensesNet": -14397000,
        "incomeBeforeTax": 67362000,
        "incomeBeforeTaxRatio": 0.1550419356,
        "incomeTaxExpense": 25399000,
        "netIncome": 42056000,
        "netIncomeRatio": 0.0967970613,
        "eps": 0.83,
        "epsdiluted": 0.83,
        "weightedAverageShsOut": 50669880,
        "weightedAverageShsOutDil": 50669880,
        "link": "https://www.sec.gov/Archives/edgar/data/27996/000089710105001755/0000897101-05-001755-index.htm",
        "finalLink": "https://www.sec.gov/Archives/edgar/data/27996/000089710105001755/deluxe053116_10q.htm"
    },
    {
        "date": "2005-03-31",
        "symbol": "DLX",
        "reportedCurrency": "USD",
        "cik": "0000027996",
        "fillingDate": "2005-05-09",
        "acceptedDate": "2005-05-09 17:24:25",
        "calendarYear": "2005",
        "period": "Q1",
        "revenue": 437320000,
        "costOfRevenue": 152071000,
        "grossProfit": 285249000,
        "grossProfitRatio": 0.6522660752,
        "researchAndDevelopmentExpenses": 0,
        "generalAndAdministrativeExpenses": 208523000,
        "sellingAndMarketingExpenses": 0,
        "sellingGeneralAndAdministrativeExpenses": 208523000,
        "otherExpenses": 0,
        "operatingExpenses": 208523000,
        "costAndExpenses": 360594000,
        "interestIncome": 0,
        "interestExpense": 0,
        "depreciationAndAmortization": 38996000,
        "ebitda": 76726000,
        "ebitdaratio": 0.1754458977,
        "operatingIncome": 76726000,
        "operatingIncomeRatio": 0.1754458977,
        "totalOtherIncomeExpensesNet": -12688000,
        "incomeBeforeTax": 64038000,
        "incomeBeforeTaxRatio": 0.1464328181,
        "incomeTaxExpense": 24270000,
        "netIncome": 39372000,
        "netIncomeRatio": 0.0900301838,
        "eps": 0.78,
        "epsdiluted": 0.78,
        "weightedAverageShsOut": 50476923,
        "weightedAverageShsOutDil": 50476923,
        "link": "https://www.sec.gov/Archives/edgar/data/27996/000089710105001138/0000897101-05-001138-index.htm",
        "finalLink": "https://www.sec.gov/Archives/edgar/data/27996/000089710105001138/deluxe051983_10q.htm"
    },
    {
        "date": "2004-12-31",
        "symbol": "DLX",
        "reportedCurrency": "USD",
        "cik": "0000027996",
        "fillingDate": "2005-03-16",
        "acceptedDate": "2005-03-16 15:50:20",
        "calendarYear": "2004",
        "period": "Q4",
        "revenue": 463839000,
        "costOfRevenue": 155678000,
        "grossProfit": 308161000,
        "grossProfitRatio": 0.6643706114,
        "researchAndDevelopmentExpenses": 0,
        "generalAndAdministrativeExpenses": 222705000,
        "sellingAndMarketingExpenses": 0,
        "sellingGeneralAndAdministrativeExpenses": 222705000,
        "otherExpenses": -63000,
        "operatingExpenses": 222642000,
        "costAndExpenses": 378320000,
        "interestIncome": 0,
        "interestExpense": 0,
        "depreciationAndAmortization": 41238000,
        "ebitda": 126757000,
        "ebitdaratio": 0.2732780124,
        "operatingIncome": 85519000,
        "operatingIncomeRatio": 0.1843721636,
        "totalOtherIncomeExpensesNet": -13208000,
        "incomeBeforeTax": 72311000,
        "incomeBeforeTaxRatio": 0.1558967659,
        "incomeTaxExpense": 24818000,
        "netIncome": 46836000,
        "netIncomeRatio": 0.1009746916,
        "eps": 0.93,
        "epsdiluted": 0.93,
        "weightedAverageShsOut": 50350026,
        "weightedAverageShsOutDil": 50476923,
        "link": "https://www.sec.gov/Archives/edgar/data/27996/000089710105000730/0000897101-05-000730-index.htm",
        "finalLink": "https://www.sec.gov/Archives/edgar/data/27996/000089710105000730/deluxe050979_10k.htm"
    },
    {
        "date": "2004-09-30",
        "symbol": "DLX",
        "reportedCurrency": "USD",
        "cik": "0000027996",
        "fillingDate": "2004-11-04",
        "acceptedDate": "2004-11-04 15:16:38",
        "calendarYear": "2004",
        "period": "Q3",
        "revenue": 484965000,
        "costOfRevenue": 170520000,
        "grossProfit": 314445000,
        "grossProfitRatio": 0.648386997,
        "researchAndDevelopmentExpenses": 0,
        "generalAndAdministrativeExpenses": 213744000,
        "sellingAndMarketingExpenses": 0,
        "sellingGeneralAndAdministrativeExpenses": 213744000,
        "otherExpenses": -46000,
        "operatingExpenses": 213698000,
        "costAndExpenses": 384218000,
        "interestIncome": 0,
        "interestExpense": 0,
        "depreciationAndAmortization": 40198000,
        "ebitda": 140993000,
        "ebitdaratio": 0.2907281969,
        "operatingIncome": 100747000,
        "operatingIncomeRatio": 0.2077407648,
        "totalOtherIncomeExpensesNet": -7843000,
        "incomeBeforeTax": 92444000,
        "incomeBeforeTaxRatio": 0.1906199416,
        "incomeTaxExpense": 34939000,
        "netIncome": 57505000,
        "netIncomeRatio": 0.1185755673,
        "eps": 1.15,
        "epsdiluted": 1.14,
        "weightedAverageShsOut": 50004348,
        "weightedAverageShsOutDil": 50442982,
        "link": "https://www.sec.gov/Archives/edgar/data/27996/000089710104002293/0000897101-04-002293-index.htm",
        "finalLink": "https://www.sec.gov/Archives/edgar/data/27996/000089710104002293/deluxe045115_10q.htm"
    },
    {
        "date": "2004-06-30",
        "symbol": "DLX",
        "reportedCurrency": "USD",
        "cik": "0000027996",
        "fillingDate": "2004-08-06",
        "acceptedDate": "2004-08-06 11:02:25",
        "calendarYear": "2004",
        "period": "Q2",
        "revenue": 309379000,
        "costOfRevenue": 102866000,
        "grossProfit": 206513000,
        "grossProfitRatio": 0.6675081373,
        "researchAndDevelopmentExpenses": 0,
        "generalAndAdministrativeExpenses": 126625000,
        "sellingAndMarketingExpenses": 0,
        "sellingGeneralAndAdministrativeExpenses": 126625000,
        "otherExpenses": 48000,
        "operatingExpenses": 126673000,
        "costAndExpenses": 229539000,
        "interestIncome": 0,
        "interestExpense": 0,
        "depreciationAndAmortization": 24790000,
        "ebitda": 104713000,
        "ebitdaratio": 0.3384618866,
        "operatingIncome": 79840000,
        "operatingIncomeRatio": 0.2580653503,
        "totalOtherIncomeExpensesNet": -4765000,
        "incomeBeforeTax": 74992000,
        "incomeBeforeTaxRatio": 0.2423952498,
        "incomeTaxExpense": 29004000,
        "netIncome": 45988000,
        "netIncomeRatio": 0.1486461589,
        "eps": 0.92,
        "epsdiluted": 0.91,
        "weightedAverageShsOut": 49986957,
        "weightedAverageShsOutDil": 50536264,
        "link": "https://www.sec.gov/Archives/edgar/data/27996/000089710104001504/0000897101-04-001504-index.htm",
        "finalLink": "https://www.sec.gov/Archives/edgar/data/27996/000089710104001504/deluxe043595_10q.htm"
    },
    {
        "date": "2004-03-31",
        "symbol": "DLX",
        "reportedCurrency": "USD",
        "cik": "0000027996",
        "fillingDate": "2004-05-05",
        "acceptedDate": "2004-05-05 12:07:10",
        "calendarYear": "2004",
        "period": "Q1",
        "revenue": 308832000,
        "costOfRevenue": 106886000,
        "grossProfit": 201946000,
        "grossProfitRatio": 0.6539024453,
        "researchAndDevelopmentExpenses": 0,
        "generalAndAdministrativeExpenses": 120111000,
        "sellingAndMarketingExpenses": 0,
        "sellingGeneralAndAdministrativeExpenses": 120111000,
        "otherExpenses": 30000,
        "operatingExpenses": 120141000,
        "costAndExpenses": 227027000,
        "interestIncome": 0,
        "interestExpense": 0,
        "depreciationAndAmortization": 22158000,
        "ebitda": 81805000,
        "ebitdaratio": 0.2648851155,
        "operatingIncome": 81805000,
        "operatingIncomeRatio": 0.2648851155,
        "totalOtherIncomeExpensesNet": -4679000,
        "incomeBeforeTax": 771269000,
        "incomeBeforeTaxRatio": 2.4973739768,
        "incomeTaxExpense": 29464000,
        "netIncome": 47662000,
        "netIncomeRatio": 0.1543298622,
        "eps": 0.95,
        "epsdiluted": 0.94,
        "weightedAverageShsOut": 50170526,
        "weightedAverageShsOutDil": 50704255,
        "link": "https://www.sec.gov/Archives/edgar/data/27996/000089710104000893/0000897101-04-000893-index.htm",
        "finalLink": "https://www.sec.gov/Archives/edgar/data/27996/000089710104000893/deluxe042095_10q.htm"
    },
    {
        "date": "2003-12-31",
        "symbol": "DLX",
        "reportedCurrency": "USD",
        "cik": "0000027996",
        "fillingDate": "2004-03-12",
        "acceptedDate": "2004-03-12 12:13:13",
        "calendarYear": "2003",
        "period": "Q4",
        "revenue": 300518000,
        "costOfRevenue": 103450000,
        "grossProfit": 197068000,
        "grossProfitRatio": 0.6557610526,
        "researchAndDevelopmentExpenses": 0,
        "generalAndAdministrativeExpenses": 123696000,
        "sellingAndMarketingExpenses": 0,
        "sellingGeneralAndAdministrativeExpenses": 123696000,
        "otherExpenses": 4636000,
        "operatingExpenses": 128332000,
        "costAndExpenses": 231782000,
        "interestIncome": 0,
        "interestExpense": 16500,
        "depreciationAndAmortization": 22744000,
        "ebitda": 91480000,
        "ebitdaratio": 0.3044077227,
        "operatingIncome": 68736000,
        "operatingIncomeRatio": 0.228725068,
        "totalOtherIncomeExpensesNet": -4786000,
        "incomeBeforeTax": 63950000,
        "incomeBeforeTaxRatio": 0.2127992333,
        "incomeTaxExpense": 24531000,
        "netIncome": 39421000,
        "netIncomeRatio": 0.1311768347,
        "eps": 0.79,
        "epsdiluted": 0.79,
        "weightedAverageShsOut": 50170526,
        "weightedAverageShsOutDil": 50170526,
        "link": "https://www.sec.gov/Archives/edgar/data/27996/000089710104000509/0000897101-04-000509-index.htm",
        "finalLink": "https://www.sec.gov/Archives/edgar/data/27996/000089710104000509/deluxe040989_10k.htm"
    },
    {
        "date": "2003-09-30",
        "symbol": "DLX",
        "reportedCurrency": "USD",
        "cik": "0000027996",
        "fillingDate": "2003-11-12",
        "acceptedDate": "2003-11-12 11:10:49",
        "calendarYear": "2003",
        "period": "Q3",
        "revenue": 314869000,
        "costOfRevenue": 105974000,
        "grossProfit": 208895000,
        "grossProfitRatio": 0.6634346347,
        "researchAndDevelopmentExpenses": 0,
        "generalAndAdministrativeExpenses": 120914000,
        "sellingAndMarketingExpenses": 0,
        "sellingGeneralAndAdministrativeExpenses": 120914000,
        "otherExpenses": 319000,
        "operatingExpenses": 121233000,
        "costAndExpenses": 227207000,
        "interestIncome": 0,
        "interestExpense": 0,
        "depreciationAndAmortization": 21697000,
        "ebitda": 87662000,
        "ebitdaratio": 0.2784078458,
        "operatingIncome": 87662000,
        "operatingIncomeRatio": 0.2784078458,
        "totalOtherIncomeExpensesNet": -5283000,
        "incomeBeforeTax": 82379000,
        "incomeBeforeTaxRatio": 0.2616294395,
        "incomeTaxExpense": 24197000,
        "netIncome": 58182000,
        "netIncomeRatio": 0.1847816076,
        "eps": 1.1,
        "epsdiluted": 1.09,
        "weightedAverageShsOut": 52892727,
        "weightedAverageShsOutDil": 53377982,
        "link": "https://www.sec.gov/Archives/edgar/data/27996/000089710103001433/0000897101-03-001433-index.htm",
        "finalLink": "https://www.sec.gov/Archives/edgar/data/27996/000089710103001433/deluxe033672_10q.htm"
    },
    {
        "date": "2003-06-30",
        "symbol": "DLX",
        "reportedCurrency": "USD",
        "cik": "0000027996",
        "fillingDate": "2003-08-07",
        "acceptedDate": "2003-08-07 16:03:14",
        "calendarYear": "2003",
        "period": "Q2",
        "revenue": 309556000,
        "costOfRevenue": 106718000,
        "grossProfit": 202838000,
        "grossProfitRatio": 0.6552546228,
        "researchAndDevelopmentExpenses": 0,
        "generalAndAdministrativeExpenses": 125143000,
        "sellingAndMarketingExpenses": 0,
        "sellingGeneralAndAdministrativeExpenses": 125143000,
        "otherExpenses": -129000,
        "operatingExpenses": 125014000,
        "costAndExpenses": 231732000,
        "interestIncome": 0,
        "interestExpense": 0,
        "depreciationAndAmortization": 26609000,
        "ebitda": 77824000,
        "ebitdaratio": 0.2514052385,
        "operatingIncome": 77824000,
        "operatingIncomeRatio": 0.2514052385,
        "totalOtherIncomeExpensesNet": -5383000,
        "incomeBeforeTax": 72441000,
        "incomeBeforeTaxRatio": 0.2340158162,
        "incomeTaxExpense": 27548000,
        "netIncome": 44893000,
        "netIncomeRatio": 0.1450238406,
        "eps": 0.81,
        "epsdiluted": 0.8,
        "weightedAverageShsOut": 55423457,
        "weightedAverageShsOutDil": 56116250,
        "link": "https://www.sec.gov/Archives/edgar/data/27996/000089710103000924/0000897101-03-000924-index.htm",
        "finalLink": "https://www.sec.gov/Archives/edgar/data/27996/000089710103000924/deluxe033193_10-q.htm"
    },
    {
        "date": "2003-03-31",
        "symbol": "DLX",
        "reportedCurrency": "USD",
        "cik": "0000027996",
        "fillingDate": "2003-05-13",
        "acceptedDate": "2003-05-13 14:46:49",
        "calendarYear": "2003",
        "period": "Q1",
        "revenue": 317199000,
        "costOfRevenue": 109824000,
        "grossProfit": 207375000,
        "grossProfitRatio": 0.6537694003,
        "researchAndDevelopmentExpenses": 0,
        "generalAndAdministrativeExpenses": 122758000,
        "sellingAndMarketingExpenses": 0,
        "sellingGeneralAndAdministrativeExpenses": 122758000,
        "otherExpenses": -82000,
        "operatingExpenses": 122676000,
        "costAndExpenses": 232500000,
        "interestIncome": 0,
        "interestExpense": 0,
        "depreciationAndAmortization": 14618000,
        "ebitda": 84699000,
        "ebitdaratio": 0.2670216489,
        "operatingIncome": 84699000,
        "operatingIncomeRatio": 0.2670216489,
        "totalOtherIncomeExpensesNet": -4089000,
        "incomeBeforeTax": 80610000,
        "incomeBeforeTaxRatio": 0.2541306877,
        "incomeTaxExpense": 30631000,
        "netIncome": 49979000,
        "netIncomeRatio": 0.1575635484,
        "eps": 0.84,
        "epsdiluted": 0.83,
        "weightedAverageShsOut": 59498810,
        "weightedAverageShsOutDil": 60215663,
        "link": "https://www.sec.gov/Archives/edgar/data/27996/000089710103000420/0000897101-03-000420-index.htm",
        "finalLink": "https://www.sec.gov/Archives/edgar/data/27996/000089710103000420/deluxe032008_10-q.htm"
    },
    {
        "date": "2002-12-31",
        "symbol": "DLX",
        "reportedCurrency": "USD",
        "cik": "0000027996",
        "fillingDate": "2003-03-27",
        "acceptedDate": "2003-03-27 14:11:44",
        "calendarYear": "2002",
        "period": "Q4",
        "revenue": 306839000,
        "costOfRevenue": 104345000,
        "grossProfit": 202494000,
        "grossProfitRatio": 0.6599356666,
        "researchAndDevelopmentExpenses": 0,
        "generalAndAdministrativeExpenses": 121215000,
        "sellingAndMarketingExpenses": 0,
        "sellingGeneralAndAdministrativeExpenses": 121215000,
        "otherExpenses": 332000,
        "operatingExpenses": 121547000,
        "costAndExpenses": 225892000,
        "interestIncome": 0,
        "interestExpense": 0,
        "depreciationAndAmortization": 14389000,
        "ebitda": 95336000,
        "ebitdaratio": 0.3107036589,
        "operatingIncome": 80947000,
        "operatingIncomeRatio": 0.2638093593,
        "totalOtherIncomeExpensesNet": -1457000,
        "incomeBeforeTax": 79490000,
        "incomeBeforeTaxRatio": 0.2590609408,
        "incomeTaxExpense": 27144000,
        "netIncome": 52346000,
        "netIncomeRatio": 0.1705976098,
        "eps": 0.88,
        "epsdiluted": 0.88,
        "weightedAverageShsOut": 59498810,
        "weightedAverageShsOutDil": 59498810,
        "link": "https://www.sec.gov/Archives/edgar/data/27996/000089710103000235/0000897101-03-000235-index.htm",
        "finalLink": "https://www.sec.gov/Archives/edgar/data/27996/000089710103000235/deluxe031250_10k.htm"
    },
    {
        "date": "2002-09-30",
        "symbol": "DLX",
        "reportedCurrency": "USD",
        "cik": "0000027996",
        "fillingDate": "2002-11-14",
        "acceptedDate": "2002-11-14 12:15:59",
        "calendarYear": "2002",
        "period": "Q3",
        "revenue": 319773000,
        "costOfRevenue": 107794000,
        "grossProfit": 211979000,
        "grossProfitRatio": 0.662904623,
        "researchAndDevelopmentExpenses": 0,
        "generalAndAdministrativeExpenses": 124755000,
        "sellingAndMarketingExpenses": 0,
        "sellingGeneralAndAdministrativeExpenses": 124755000,
        "otherExpenses": 675000,
        "operatingExpenses": 125430000,
        "costAndExpenses": 233224000,
        "interestIncome": 0,
        "interestExpense": 0,
        "depreciationAndAmortization": 14543000,
        "ebitda": 86549000,
        "ebitdaratio": 0.2706576228,
        "operatingIncome": 86549000,
        "operatingIncomeRatio": 0.2706576228,
        "totalOtherIncomeExpensesNet": -1580000,
        "incomeBeforeTax": 84969000,
        "incomeBeforeTaxRatio": 0.2657166177,
        "incomeTaxExpense": 32306000,
        "netIncome": 52663000,
        "netIncomeRatio": 0.164688701,
        "eps": 0.85,
        "epsdiluted": 0.83,
        "weightedAverageShsOut": 61956471,
        "weightedAverageShsOutDil": 63449398,
        "link": "https://www.sec.gov/Archives/edgar/data/27996/000104596902001905/0001045969-02-001905-index.htm",
        "finalLink": "https://www.sec.gov/Archives/edgar/data/27996/000104596902001905/d10q.htm"
    },
    {
        "date": "2002-06-30",
        "symbol": "DLX",
        "reportedCurrency": "USD",
        "cik": "0000027996",
        "fillingDate": "2002-08-12",
        "acceptedDate": "2002-08-12 13:30:08",
        "calendarYear": "2002",
        "period": "Q2",
        "revenue": 328463000,
        "costOfRevenue": 110560000,
        "grossProfit": 217903000,
        "grossProfitRatio": 0.6634019661,
        "researchAndDevelopmentExpenses": 0,
        "generalAndAdministrativeExpenses": 129595000,
        "sellingAndMarketingExpenses": 0,
        "sellingGeneralAndAdministrativeExpenses": 129595000,
        "otherExpenses": 31000,
        "operatingExpenses": 129626000,
        "costAndExpenses": 240186000,
        "interestIncome": 0,
        "interestExpense": 0,
        "depreciationAndAmortization": 14620000,
        "ebitda": 88277000,
        "ebitdaratio": 0.2687578205,
        "operatingIncome": 88277000,
        "operatingIncomeRatio": 0.2687578205,
        "totalOtherIncomeExpensesNet": -65000,
        "incomeBeforeTax": 88212000,
        "incomeBeforeTaxRatio": 0.2685599291,
        "incomeTaxExpense": 33503000,
        "netIncome": 54709000,
        "netIncomeRatio": 0.1665606172,
        "eps": 0.87,
        "epsdiluted": 0.85,
        "weightedAverageShsOut": 62883908,
        "weightedAverageShsOutDil": 64363529,
        "link": "https://www.sec.gov/Archives/edgar/data/27996/000104596902001366/0001045969-02-001366-index.htm",
        "finalLink": "https://www.sec.gov/Archives/edgar/data/27996/000104596902001366/d10q.htm"
    },
    {
        "date": "2002-03-31",
        "symbol": "DLX",
        "reportedCurrency": "USD",
        "cik": "0000027996",
        "fillingDate": "2002-05-09",
        "acceptedDate": "2002-05-09 15:58:36",
        "calendarYear": "2002",
        "period": "Q1",
        "revenue": 328908000,
        "costOfRevenue": 113094000,
        "grossProfit": 215814000,
        "grossProfitRatio": 0.6561530884,
        "researchAndDevelopmentExpenses": 0,
        "generalAndAdministrativeExpenses": 127396000,
        "sellingAndMarketingExpenses": 0,
        "sellingGeneralAndAdministrativeExpenses": 127396000,
        "otherExpenses": -741000,
        "operatingExpenses": 126655000,
        "costAndExpenses": 239749000,
        "interestIncome": 0,
        "interestExpense": 0,
        "depreciationAndAmortization": 14653000,
        "ebitda": 89159000,
        "ebitdaratio": 0.2710758024,
        "operatingIncome": 89159000,
        "operatingIncomeRatio": 0.2710758024,
        "totalOtherIncomeExpensesNet": -1108000,
        "incomeBeforeTax": 88051000,
        "incomeBeforeTaxRatio": 0.2677070792,
        "incomeTaxExpense": 33495000,
        "netIncome": 54556000,
        "netIncomeRatio": 0.1658700913,
        "eps": 0.85,
        "epsdiluted": 0.84,
        "weightedAverageShsOut": 64183529,
        "weightedAverageShsOutDil": 64947619,
        "link": "https://www.sec.gov/Archives/edgar/data/27996/000104596902000861/0001045969-02-000861-index.htm",
        "finalLink": "https://www.sec.gov/Archives/edgar/data/27996/000104596902000861/d10q.htm"
    },
    {
        "date": "2001-12-31",
        "symbol": "DLX",
        "reportedCurrency": "USD",
        "cik": "0000027996",
        "fillingDate": "2002-03-26",
        "acceptedDate": "2002-03-26 00:00:00",
        "calendarYear": "2001",
        "period": "Q4",
        "revenue": 321268000,
        "costOfRevenue": 113847000,
        "grossProfit": 207421000,
        "grossProfitRatio": 0.645632307,
        "researchAndDevelopmentExpenses": 0,
        "generalAndAdministrativeExpenses": 121227000,
        "sellingAndMarketingExpenses": 0,
        "sellingGeneralAndAdministrativeExpenses": 121227000,
        "otherExpenses": 8250000,
        "operatingExpenses": 129477000,
        "costAndExpenses": 243324000,
        "interestIncome": 0,
        "interestExpense": 0,
        "depreciationAndAmortization": 16273000,
        "ebitda": 94217000,
        "ebitdaratio": 0.2932660582,
        "operatingIncome": 77944000,
        "operatingIncomeRatio": 0.2426136434,
        "totalOtherIncomeExpensesNet": -1081000,
        "incomeBeforeTax": 76863000,
        "incomeBeforeTaxRatio": 0.2392488514,
        "incomeTaxExpense": 28816000,
        "netIncome": 48047000,
        "netIncomeRatio": 0.1495542662,
        "eps": 0.75,
        "epsdiluted": 0.75,
        "weightedAverageShsOut": 64183529,
        "weightedAverageShsOutDil": 64183529,
        "link": "https://www.sec.gov/Archives/edgar/data/27996/000104596902000507/0001045969-02-000507-index.htm",
        "finalLink": "https://www.sec.gov/Archives/edgar/data/27996/000104596902000507/d10k.htm"
    },
    {
        "date": "2001-09-30",
        "symbol": "DLX",
        "reportedCurrency": "USD",
        "cik": "0000027996",
        "fillingDate": "2001-10-30",
        "acceptedDate": "2001-10-30 00:00:00",
        "calendarYear": "2001",
        "period": "Q3",
        "revenue": 323533000,
        "costOfRevenue": 111060000,
        "grossProfit": 212473000,
        "grossProfitRatio": 0.6567274436,
        "researchAndDevelopmentExpenses": 0,
        "generalAndAdministrativeExpenses": 129006000,
        "sellingAndMarketingExpenses": 0,
        "sellingGeneralAndAdministrativeExpenses": 129006000,
        "otherExpenses": 0,
        "operatingExpenses": 129006000,
        "costAndExpenses": 240066000,
        "interestIncome": 0,
        "interestExpense": 0,
        "depreciationAndAmortization": 17891000,
        "ebitda": 100734000,
        "ebitdaratio": 0.3113561831,
        "operatingIncome": 83467000,
        "operatingIncomeRatio": 0.2579860478,
        "totalOtherIncomeExpensesNet": -1127000,
        "incomeBeforeTax": 81716000,
        "incomeBeforeTaxRatio": 0.252573926,
        "incomeTaxExpense": 30654000,
        "netIncome": 51062000,
        "netIncomeRatio": 0.1578262496,
        "eps": 0.76,
        "epsdiluted": 0.75,
        "weightedAverageShsOut": 67228000,
        "weightedAverageShsOutDil": 68132000,
        "link": "https://www.sec.gov/Archives/edgar/data/27996/000089710101500697/0000897101-01-500697-index.htm",
        "finalLink": "https://www.sec.gov/Archives/edgar/data/27996/000089710101500697/deluxe013671_10q.txt"
    },
    {
        "date": "2001-06-30",
        "symbol": "DLX",
        "reportedCurrency": "USD",
        "cik": "0000027996",
        "fillingDate": "2001-08-06",
        "acceptedDate": "2001-08-06 00:00:00",
        "calendarYear": "2001",
        "period": "Q2",
        "revenue": 317780000,
        "costOfRevenue": 112428000,
        "grossProfit": 205352000,
        "grossProfitRatio": 0.6462080685,
        "researchAndDevelopmentExpenses": 0,
        "generalAndAdministrativeExpenses": 132367000,
        "sellingAndMarketingExpenses": 0,
        "sellingGeneralAndAdministrativeExpenses": 132367000,
        "otherExpenses": 0,
        "operatingExpenses": 132367000,
        "costAndExpenses": 244795000,
        "interestIncome": 0,
        "interestExpense": 0,
        "depreciationAndAmortization": 21830000,
        "ebitda": 93694000,
        "ebitdaratio": 0.2948391969,
        "operatingIncome": 72985000,
        "operatingIncomeRatio": 0.2296714708,
        "totalOtherIncomeExpensesNet": -898000,
        "incomeBeforeTax": 70966000,
        "incomeBeforeTaxRatio": 0.2233180188,
        "incomeTaxExpense": 26654000,
        "netIncome": 44312000,
        "netIncomeRatio": 0.1394423815,
        "eps": 0.64,
        "epsdiluted": 0.63,
        "weightedAverageShsOut": 69605000,
        "weightedAverageShsOutDil": 70147000,
        "link": "https://www.sec.gov/Archives/edgar/data/27996/000089710101500466/0000897101-01-500466-index.htm",
        "finalLink": "https://www.sec.gov/Archives/edgar/data/27996/000089710101500466/deluxe012690_10q.txt"
    },
    {
        "date": "2001-03-31",
        "symbol": "DLX",
        "reportedCurrency": "USD",
        "cik": "0000027996",
        "fillingDate": "2001-05-08",
        "acceptedDate": "2001-05-08 00:00:00",
        "calendarYear": "2001",
        "period": "Q1",
        "revenue": 315794000,
        "costOfRevenue": 116483000,
        "grossProfit": 199311000,
        "grossProfitRatio": 0.6311424536,
        "researchAndDevelopmentExpenses": 0,
        "generalAndAdministrativeExpenses": 131769000,
        "sellingAndMarketingExpenses": 0,
        "sellingGeneralAndAdministrativeExpenses": 131769000,
        "otherExpenses": 0,
        "operatingExpenses": 131769000,
        "costAndExpenses": 248252000,
        "interestIncome": 0,
        "interestExpense": 0,
        "depreciationAndAmortization": 17988000,
        "ebitda": 86227000,
        "ebitdaratio": 0.273048253,
        "operatingIncome": 67542000,
        "operatingIncomeRatio": 0.2138799344,
        "totalOtherIncomeExpensesNet": -251000,
        "incomeBeforeTax": 67988000,
        "incomeBeforeTaxRatio": 0.2152922475,
        "incomeTaxExpense": 25509000,
        "netIncome": 42479000,
        "netIncomeRatio": 0.1345149053,
        "eps": 0.59,
        "epsdiluted": 0.59,
        "weightedAverageShsOut": 71685000,
        "weightedAverageShsOutDil": 71865000,
        "link": "https://www.sec.gov/Archives/edgar/data/27996/000089710101500258/0000897101-01-500258-index.htm",
        "finalLink": "https://www.sec.gov/Archives/edgar/data/27996/000089710101500258/deluxe011307_10q.txt"
    },
    {
        "date": "2000-12-31",
        "symbol": "DLX",
        "reportedCurrency": "USD",
        "cik": "0000027996",
        "fillingDate": "2001-03-23",
        "acceptedDate": "2001-03-23 00:00:00",
        "calendarYear": "2000",
        "period": "Q4",
        "revenue": 46583000,
        "costOfRevenue": -74059000,
        "grossProfit": 120642000,
        "grossProfitRatio": 2.5898289075,
        "researchAndDevelopmentExpenses": 0,
        "generalAndAdministrativeExpenses": 55683000,
        "sellingAndMarketingExpenses": 0,
        "sellingGeneralAndAdministrativeExpenses": 55683000,
        "otherExpenses": -1756000,
        "operatingExpenses": 53927000,
        "costAndExpenses": -20132000,
        "interestIncome": 0,
        "interestExpense": 0,
        "depreciationAndAmortization": -1756000,
        "ebitda": 64959000,
        "ebitdaratio": 1.3944786725,
        "operatingIncome": 66715000,
        "operatingIncomeRatio": 1.4321748277,
        "totalOtherIncomeExpensesNet": 1019000,
        "incomeBeforeTax": 67734000,
        "incomeBeforeTaxRatio": 1.4540497606,
        "incomeTaxExpense": 26821000,
        "netIncome": 33377000,
        "netIncomeRatio": 0.7165060215,
        "eps": 0.46,
        "epsdiluted": 0.46,
        "weightedAverageShsOut": 71998305,
        "weightedAverageShsOutDil": 71998305,
        "link": "https://www.sec.gov/Archives/edgar/data/27996/000089710101500044/0000897101-01-500044-index.htm",
        "finalLink": "https://www.sec.gov/Archives/edgar/data/27996/000089710101500044/deluxe010420_10-k.txt"
    },
    {
        "date": "2000-09-30",
        "symbol": "DLX",
        "reportedCurrency": "USD",
        "cik": "0000027996",
        "fillingDate": "2000-11-09",
        "acceptedDate": "2000-11-09 00:00:00",
        "calendarYear": "2000",
        "period": "Q3",
        "revenue": 404947000,
        "costOfRevenue": 149875000,
        "grossProfit": 255072000,
        "grossProfitRatio": 0.6298898374,
        "researchAndDevelopmentExpenses": 0,
        "generalAndAdministrativeExpenses": 152543000,
        "sellingAndMarketingExpenses": 0,
        "sellingGeneralAndAdministrativeExpenses": 152543000,
        "otherExpenses": 25304000,
        "operatingExpenses": 177847000,
        "costAndExpenses": 327722000,
        "interestIncome": 0,
        "interestExpense": 0,
        "depreciationAndAmortization": 25304000,
        "ebitda": 90400000,
        "ebitdaratio": 0.2232390905,
        "operatingIncome": 77225000,
        "operatingIncomeRatio": 0.1907039687,
        "totalOtherIncomeExpensesNet": -2883000,
        "incomeBeforeTax": 79035000,
        "incomeBeforeTaxRatio": 0.1951736894,
        "incomeTaxExpense": 29638000,
        "netIncome": 49397000,
        "netIncomeRatio": 0.1219838646,
        "eps": 0.68,
        "epsdiluted": 0.68,
        "weightedAverageShsOut": 72391000,
        "weightedAverageShsOutDil": 72480000,
        "link": "https://www.sec.gov/Archives/edgar/data/27996/000089710100001061/0000897101-00-001061-index.htm",
        "finalLink": "https://www.sec.gov/Archives/edgar/data/27996/000089710100001061/0000897101-00-001061-0001.txt"
    },
    {
        "date": "2000-06-30",
        "symbol": "DLX",
        "reportedCurrency": "USD",
        "cik": "0000027996",
        "fillingDate": "2000-08-18",
        "acceptedDate": "2000-08-18 00:00:00",
        "calendarYear": "2000",
        "period": "Q2",
        "revenue": 406756000,
        "costOfRevenue": 157189000,
        "grossProfit": 249567000,
        "grossProfitRatio": 0.6135545634,
        "researchAndDevelopmentExpenses": 0,
        "generalAndAdministrativeExpenses": 165984000,
        "sellingAndMarketingExpenses": 0,
        "sellingGeneralAndAdministrativeExpenses": 165984000,
        "otherExpenses": 23020000,
        "operatingExpenses": 189004000,
        "costAndExpenses": 346193000,
        "interestIncome": 0,
        "interestExpense": 0,
        "depreciationAndAmortization": 23020000,
        "ebitda": 88304000,
        "ebitdaratio": 0.2170932943,
        "operatingIncome": 60563000,
        "operatingIncomeRatio": 0.1488927023,
        "totalOtherIncomeExpensesNet": -4235000,
        "incomeBeforeTax": 85875000,
        "incomeBeforeTaxRatio": 0.2111216552,
        "incomeTaxExpense": 4206000,
        "netIncome": 81669000,
        "netIncomeRatio": 0.2007813038,
        "eps": 1.13,
        "epsdiluted": 1.13,
        "weightedAverageShsOut": 72275000,
        "weightedAverageShsOutDil": 72362000,
        "link": "https://www.sec.gov/Archives/edgar/data/27996/000089710100000848/0000897101-00-000848-index.htm",
        "finalLink": "https://www.sec.gov/Archives/edgar/data/27996/000089710100000848/0000897101-00-000848-0001.txt"
    },
    {
        "date": "2000-03-31",
        "symbol": "DLX",
        "reportedCurrency": "USD",
        "cik": "0000027996",
        "fillingDate": "2000-08-18",
        "acceptedDate": "2000-08-18 00:00:00",
        "calendarYear": "2000",
        "period": "Q1",
        "revenue": 404426000,
        "costOfRevenue": 149682000,
        "grossProfit": 254744000,
        "grossProfitRatio": 0.6298902642,
        "researchAndDevelopmentExpenses": 1301000,
        "generalAndAdministrativeExpenses": 158634000,
        "sellingAndMarketingExpenses": 0,
        "sellingGeneralAndAdministrativeExpenses": 158634000,
        "otherExpenses": 22002000,
        "operatingExpenses": 181937000,
        "costAndExpenses": 331619000,
        "interestIncome": 0,
        "interestExpense": 0,
        "depreciationAndAmortization": 22002000,
        "ebitda": 84401000,
        "ebitdaratio": 0.2086933085,
        "operatingIncome": 72807000,
        "operatingIncomeRatio": 0.1800255176,
        "totalOtherIncomeExpensesNet": 1845000,
        "incomeBeforeTax": 70899000,
        "incomeBeforeTaxRatio": 0.1753077201,
        "incomeTaxExpense": 26577000,
        "netIncome": 44322000,
        "netIncomeRatio": 0.1095923605,
        "eps": 0.61,
        "epsdiluted": 0.61,
        "weightedAverageShsOut": 72135000,
        "weightedAverageShsOutDil": 72211000,
        "link": "https://www.sec.gov/Archives/edgar/data/27996/000089710100000850/0000897101-00-000850-index.htm",
        "finalLink": "https://www.sec.gov/Archives/edgar/data/27996/000089710100000850/0000897101-00-000850-0001.txt"
    },
    {
        "date": "1999-12-31",
        "symbol": "DLX",
        "reportedCurrency": "USD",
        "cik": "0000027996",
        "fillingDate": "2000-05-01",
        "acceptedDate": "2000-05-01 00:00:00",
        "calendarYear": "1999",
        "period": "Q4",
        "revenue": 411500000,
        "costOfRevenue": 177200000,
        "grossProfit": 234300000,
        "grossProfitRatio": 0.5693803159,
        "researchAndDevelopmentExpenses": 0,
        "generalAndAdministrativeExpenses": 133600000,
        "sellingAndMarketingExpenses": 0,
        "sellingGeneralAndAdministrativeExpenses": 133600000,
        "otherExpenses": 27100000,
        "operatingExpenses": 160700000,
        "costAndExpenses": 337900000,
        "interestIncome": 0,
        "interestExpense": 0,
        "depreciationAndAmortization": 22100000,
        "ebitda": 95700000,
        "ebitdaratio": 0.232563791,
        "operatingIncome": 73600000,
        "operatingIncomeRatio": 0.1788578372,
        "totalOtherIncomeExpensesNet": 17500000,
        "incomeBeforeTax": 91100000,
        "incomeBeforeTaxRatio": 0.2213851762,
        "incomeTaxExpense": 33000000,
        "netIncome": 58100000,
        "netIncomeRatio": 0.1411907655,
        "eps": 0.8,
        "epsdiluted": 0.8,
        "weightedAverageShsOut": 72659016,
        "weightedAverageShsOutDil": 72659016,
        "link": "https://www.sec.gov/Archives/edgar/data/27996/000089710100000454/0000897101-00-000454-index.html",
        "finalLink": "https://www.sec.gov/Archives/edgar/data/27996/000089710100000454/"
    },
    {
        "date": "1999-09-30",
        "symbol": "DLX",
        "reportedCurrency": "USD",
        "cik": "0000027996",
        "fillingDate": "1999-11-15",
        "acceptedDate": "1999-11-15 00:00:00",
        "calendarYear": "1999",
        "period": "Q3",
        "revenue": 417100000,
        "costOfRevenue": 162400000,
        "grossProfit": 254700000,
        "grossProfitRatio": 0.6106449293,
        "researchAndDevelopmentExpenses": 0,
        "generalAndAdministrativeExpenses": 161000000,
        "sellingAndMarketingExpenses": 0,
        "sellingGeneralAndAdministrativeExpenses": 161000000,
        "otherExpenses": 20300000,
        "operatingExpenses": 181300000,
        "costAndExpenses": 343700000,
        "interestIncome": 0,
        "interestExpense": 0,
        "depreciationAndAmortization": 20300000,
        "ebitda": 93700000,
        "ebitdaratio": 0.2246463678,
        "operatingIncome": 73400000,
        "operatingIncomeRatio": 0.1759769839,
        "totalOtherIncomeExpensesNet": 4300000,
        "incomeBeforeTax": 77700000,
        "incomeBeforeTaxRatio": 0.1862862623,
        "incomeTaxExpense": 28600000,
        "netIncome": 49100000,
        "netIncomeRatio": 0.1177175737,
        "eps": 0.65,
        "epsdiluted": 0.65,
        "weightedAverageShsOut": 75538462,
        "weightedAverageShsOutDil": 75538462,
        "link": "https://www.sec.gov/Archives/edgar/data/27996/000089710199001084/0000897101-99-001084-index.html",
        "finalLink": "https://www.sec.gov/Archives/edgar/data/27996/000089710199001084/"
    },
    {
        "date": "1999-06-30",
        "symbol": "DLX",
        "reportedCurrency": "USD",
        "cik": "0000027996",
        "fillingDate": "1999-08-16",
        "acceptedDate": "1999-08-16 00:00:00",
        "calendarYear": "1999",
        "period": "Q2",
        "revenue": 407800000,
        "costOfRevenue": 159500000,
        "grossProfit": 248300000,
        "grossProfitRatio": 0.6088769004,
        "researchAndDevelopmentExpenses": 0,
        "generalAndAdministrativeExpenses": 151600000,
        "sellingAndMarketingExpenses": 0,
        "sellingGeneralAndAdministrativeExpenses": 151600000,
        "otherExpenses": 20500000,
        "operatingExpenses": 172100000,
        "costAndExpenses": 331600000,
        "interestIncome": 0,
        "interestExpense": 0,
        "depreciationAndAmortization": 20500000,
        "ebitda": 96700000,
        "ebitdaratio": 0.2371260422,
        "operatingIncome": 76200000,
        "operatingIncomeRatio": 0.1868563021,
        "totalOtherIncomeExpensesNet": 800000,
        "incomeBeforeTax": 77000000,
        "incomeBeforeTaxRatio": 0.1888180481,
        "incomeTaxExpense": 29600000,
        "netIncome": 47400000,
        "netIncomeRatio": 0.1162334478,
        "eps": 0.61,
        "epsdiluted": 0.61,
        "weightedAverageShsOut": 77704918,
        "weightedAverageShsOutDil": 77704918,
        "link": "https://www.sec.gov/Archives/edgar/data/27996/000089710199000841/0000897101-99-000841-index.html",
        "finalLink": "https://www.sec.gov/Archives/edgar/data/27996/000089710199000841/"
    },
    {
        "date": "1999-03-31",
        "symbol": "DLX",
        "reportedCurrency": "USD",
        "cik": "0000027996",
        "fillingDate": "1999-05-17",
        "acceptedDate": "1999-05-17 00:00:00",
        "calendarYear": "1999",
        "period": "Q1",
        "revenue": 414100000,
        "costOfRevenue": 159500000,
        "grossProfit": 254600000,
        "grossProfitRatio": 0.6148273364,
        "researchAndDevelopmentExpenses": 0,
        "generalAndAdministrativeExpenses": 155900000,
        "sellingAndMarketingExpenses": 0,
        "sellingGeneralAndAdministrativeExpenses": 155900000,
        "otherExpenses": 21000000,
        "operatingExpenses": 176900000,
        "costAndExpenses": 336400000,
        "interestIncome": 0,
        "interestExpense": 0,
        "depreciationAndAmortization": 21000000,
        "ebitda": 98677000,
        "ebitdaratio": 0.2382926829,
        "operatingIncome": 77700000,
        "operatingIncomeRatio": 0.1876358368,
        "totalOtherIncomeExpensesNet": -177000,
        "incomeBeforeTax": 77500000,
        "incomeBeforeTaxRatio": 0.1871528616,
        "incomeTaxExpense": 29900000,
        "netIncome": 47600000,
        "netIncomeRatio": 0.1149480802,
        "eps": 0.6,
        "epsdiluted": 0.59,
        "weightedAverageShsOut": 79961000,
        "weightedAverageShsOutDil": 80227000,
        "link": "https://www.sec.gov/Archives/edgar/data/27996/000089710199000559/0000897101-99-000559-index.html",
        "finalLink": "https://www.sec.gov/Archives/edgar/data/27996/"
    },
    {
        "date": "1998-12-31",
        "symbol": "DLX",
        "reportedCurrency": "USD",
        "cik": "0000027996",
        "fillingDate": "1999-03-31",
        "acceptedDate": "1999-03-31 00:00:00",
        "calendarYear": "1998",
        "period": "Q4",
        "revenue": 498300000,
        "costOfRevenue": 195400000,
        "grossProfit": 302900000,
        "grossProfitRatio": 0.6078667469,
        "researchAndDevelopmentExpenses": 0,
        "generalAndAdministrativeExpenses": 175900000,
        "sellingAndMarketingExpenses": 0,
        "sellingGeneralAndAdministrativeExpenses": 175900000,
        "otherExpenses": 24200000,
        "operatingExpenses": 200100000,
        "costAndExpenses": 395500000,
        "interestIncome": 0,
        "interestExpense": 0,
        "depreciationAndAmortization": 24200000,
        "ebitda": 127000000,
        "ebitdaratio": 0.2548665463,
        "operatingIncome": 102800000,
        "operatingIncomeRatio": 0.2063014248,
        "totalOtherIncomeExpensesNet": -7500000,
        "incomeBeforeTax": 95300000,
        "incomeBeforeTaxRatio": 0.1912502509,
        "incomeTaxExpense": 38600000,
        "netIncome": 56700000,
        "netIncomeRatio": 0.1137868754,
        "eps": 0.71,
        "epsdiluted": 0.71,
        "weightedAverageShsOut": 79333333,
        "weightedAverageShsOutDil": 79333333,
        "link": "https://www.sec.gov/Archives/edgar/data/27996/000089710199000319/0000897101-99-000319-index.html",
        "finalLink": "https://www.sec.gov/Archives/edgar/data/27996/"
    },
    {
        "date": "1998-09-30",
        "symbol": "DLX",
        "reportedCurrency": "USD",
        "cik": "0000027996",
        "fillingDate": "1999-10-07",
        "acceptedDate": "1999-10-07 00:00:00",
        "calendarYear": "1998",
        "period": "Q3",
        "revenue": 469800000,
        "costOfRevenue": 232700000,
        "grossProfit": 237100000,
        "grossProfitRatio": 0.5046828438,
        "researchAndDevelopmentExpenses": 0,
        "generalAndAdministrativeExpenses": 210900000,
        "sellingAndMarketingExpenses": 0,
        "sellingGeneralAndAdministrativeExpenses": 210900000,
        "otherExpenses": 21900000,
        "operatingExpenses": 232800000,
        "costAndExpenses": 465500000,
        "interestIncome": 0,
        "interestExpense": 0,
        "depreciationAndAmortization": 21900000,
        "ebitda": 26200000,
        "ebitdaratio": 0.0557684121,
        "operatingIncome": 4300000,
        "operatingIncomeRatio": 0.009152831,
        "totalOtherIncomeExpensesNet": 3200000,
        "incomeBeforeTax": 7500000,
        "incomeBeforeTaxRatio": 0.0159642401,
        "incomeTaxExpense": 4700000,
        "netIncome": 2800000,
        "netIncomeRatio": 0.005959983,
        "eps": 0.04,
        "epsdiluted": 0.04,
        "weightedAverageShsOut": 70000000,
        "weightedAverageShsOutDil": 70000000,
        "link": "https://www.sec.gov/Archives/edgar/data/27996/000089710199000961/0000897101-99-000961-index.html",
        "finalLink": "https://www.sec.gov/Archives/edgar/data/27996/000089710199000961/"
    },
    {
        "date": "1998-06-30",
        "symbol": "DLX",
        "reportedCurrency": "USD",
        "cik": "0000027996",
        "fillingDate": "1998-08-14",
        "acceptedDate": "1998-08-14 00:00:00",
        "calendarYear": "1998",
        "period": "Q2",
        "revenue": 474800000,
        "costOfRevenue": 195800000,
        "grossProfit": 279000000,
        "grossProfitRatio": 0.5876158382,
        "researchAndDevelopmentExpenses": 0,
        "generalAndAdministrativeExpenses": 191800000,
        "sellingAndMarketingExpenses": 0,
        "sellingGeneralAndAdministrativeExpenses": 191800000,
        "otherExpenses": 19200000,
        "operatingExpenses": 211000000,
        "costAndExpenses": 406800000,
        "interestIncome": 0,
        "interestExpense": 0,
        "depreciationAndAmortization": 19200000,
        "ebitda": 87200000,
        "ebitdaratio": 0.1836562763,
        "operatingIncome": 68000000,
        "operatingIncomeRatio": 0.1432181971,
        "totalOtherIncomeExpensesNet": 3000000,
        "incomeBeforeTax": 71000000,
        "incomeBeforeTaxRatio": 0.149536647,
        "incomeTaxExpense": 28700000,
        "netIncome": 42300000,
        "netIncomeRatio": 0.0890901432,
        "eps": 0.52,
        "epsdiluted": 0.52,
        "weightedAverageShsOut": 81346154,
        "weightedAverageShsOutDil": 81346154,
        "link": "https://www.sec.gov/Archives/edgar/data/27996/000089710198000834/0000897101-98-000834-index.html",
        "finalLink": "https://www.sec.gov/Archives/edgar/data/27996/"
    },
    {
        "date": "1998-03-31",
        "symbol": "DLX",
        "reportedCurrency": "USD",
        "cik": "0000027996",
        "fillingDate": "1998-05-15",
        "acceptedDate": "1998-05-15 00:00:00",
        "calendarYear": "1998",
        "period": "Q1",
        "revenue": 489000000,
        "costOfRevenue": 203100000,
        "grossProfit": 285900000,
        "grossProfitRatio": 0.5846625767,
        "researchAndDevelopmentExpenses": 0,
        "generalAndAdministrativeExpenses": 193800000,
        "sellingAndMarketingExpenses": 0,
        "sellingGeneralAndAdministrativeExpenses": 193800000,
        "otherExpenses": 20500000,
        "operatingExpenses": 214300000,
        "costAndExpenses": 417400000,
        "interestIncome": 0,
        "interestExpense": 0,
        "depreciationAndAmortization": 20500000,
        "ebitda": 92100000,
        "ebitdaratio": 0.1883435583,
        "operatingIncome": 71600000,
        "operatingIncomeRatio": 0.1464212679,
        "totalOtherIncomeExpensesNet": 1000000,
        "incomeBeforeTax": 72600000,
        "incomeBeforeTaxRatio": 0.1484662577,
        "incomeTaxExpense": 29000000,
        "netIncome": 43600000,
        "netIncomeRatio": 0.0891615542,
        "eps": 0.54,
        "epsdiluted": 0.54,
        "weightedAverageShsOut": 80740741,
        "weightedAverageShsOutDil": 80740741,
        "link": "https://www.sec.gov/Archives/edgar/data/27996/000089710198000584/0000897101-98-000584-index.html",
        "finalLink": "https://www.sec.gov/Archives/edgar/data/27996/"
    },
    {
        "date": "1997-12-31",
        "symbol": "DLX",
        "reportedCurrency": "USD",
        "cik": "0000027996",
        "fillingDate": "1998-03-31",
        "acceptedDate": "1998-03-31 00:00:00",
        "calendarYear": "1997",
        "period": "Q4",
        "revenue": 569500000,
        "costOfRevenue": 266200000,
        "grossProfit": 303300000,
        "grossProfitRatio": 0.532572432,
        "researchAndDevelopmentExpenses": 0,
        "generalAndAdministrativeExpenses": 198600000,
        "sellingAndMarketingExpenses": 0,
        "sellingGeneralAndAdministrativeExpenses": 198600000,
        "otherExpenses": 19400000,
        "operatingExpenses": 218000000,
        "costAndExpenses": 484200000,
        "interestIncome": 0,
        "interestExpense": 0,
        "depreciationAndAmortization": 19400000,
        "ebitda": 104700000,
        "ebitdaratio": 0.1838454785,
        "operatingIncome": 85300000,
        "operatingIncomeRatio": 0.1497805092,
        "totalOtherIncomeExpensesNet": 1800000,
        "incomeBeforeTax": 87100000,
        "incomeBeforeTaxRatio": 0.1529411765,
        "incomeTaxExpense": 53800000,
        "netIncome": 33300000,
        "netIncomeRatio": 0.0584723442,
        "eps": 0.41,
        "epsdiluted": 0.41,
        "weightedAverageShsOut": 80740741,
        "weightedAverageShsOutDil": 80740741,
        "link": "https://www.sec.gov/Archives/edgar/data/27996/000089710198000368/0000897101-98-000368-index.html",
        "finalLink": "https://www.sec.gov/Archives/edgar/data/27996/"
    },
    {
        "date": "1997-09-30",
        "symbol": "DLX",
        "reportedCurrency": "USD",
        "cik": "0000027996",
        "fillingDate": "1997-11-14",
        "acceptedDate": "1997-11-14 00:00:00",
        "calendarYear": "1997",
        "period": "Q3",
        "revenue": 443000000,
        "costOfRevenue": 165300000,
        "grossProfit": 277700000,
        "grossProfitRatio": 0.6268623025,
        "researchAndDevelopmentExpenses": 0,
        "generalAndAdministrativeExpenses": 218000000,
        "sellingAndMarketingExpenses": 0,
        "sellingGeneralAndAdministrativeExpenses": 218000000,
        "otherExpenses": 34700000,
        "operatingExpenses": 252700000,
        "costAndExpenses": 418000000,
        "interestIncome": 0,
        "interestExpense": 0,
        "depreciationAndAmortization": 34700000,
        "ebitda": 59800000,
        "ebitdaratio": 0.1349887133,
        "operatingIncome": 25000000,
        "operatingIncomeRatio": 0.0564334086,
        "totalOtherIncomeExpensesNet": -129500000,
        "incomeBeforeTax": -104400000,
        "incomeBeforeTaxRatio": -0.2356659142,
        "incomeTaxExpense": -36900000,
        "netIncome": -67500000,
        "netIncomeRatio": -0.1523702032,
        "eps": -0.82,
        "epsdiluted": -0.82,
        "weightedAverageShsOut": 82317073,
        "weightedAverageShsOutDil": 82317073,
        "link": "https://www.sec.gov/Archives/edgar/data/27996/000089710197001201/0000897101-97-001201-index.html",
        "finalLink": "https://www.sec.gov/Archives/edgar/data/27996/"
    },
    {
        "date": "1997-06-30",
        "symbol": "DLX",
        "reportedCurrency": "USD",
        "cik": "0000027996",
        "fillingDate": "1997-08-14",
        "acceptedDate": "1997-08-14 00:00:00",
        "calendarYear": "1997",
        "period": "Q2",
        "revenue": 440300000,
        "costOfRevenue": 171100000,
        "grossProfit": 269200000,
        "grossProfitRatio": 0.6114013173,
        "researchAndDevelopmentExpenses": 0,
        "generalAndAdministrativeExpenses": 185000000,
        "sellingAndMarketingExpenses": 0,
        "sellingGeneralAndAdministrativeExpenses": 185000000,
        "otherExpenses": 22200000,
        "operatingExpenses": 207200000,
        "costAndExpenses": 378300000,
        "interestIncome": 0,
        "interestExpense": 0,
        "depreciationAndAmortization": 22200000,
        "ebitda": 84200000,
        "ebitdaratio": 0.1912332501,
        "operatingIncome": 62000000,
        "operatingIncomeRatio": 0.140813082,
        "totalOtherIncomeExpensesNet": 1100000,
        "incomeBeforeTax": 63100000,
        "incomeBeforeTaxRatio": 0.1433113786,
        "incomeTaxExpense": 25600000,
        "netIncome": 37500000,
        "netIncomeRatio": 0.0851692028,
        "eps": 0.46,
        "epsdiluted": 0.46,
        "weightedAverageShsOut": 81521739,
        "weightedAverageShsOutDil": 81521739,
        "link": "https://www.sec.gov/Archives/edgar/data/27996/000089710197000933/0000897101-97-000933-index.html",
        "finalLink": "https://www.sec.gov/Archives/edgar/data/27996/"
    },
    {
        "date": "1997-03-31",
        "symbol": "DLX",
        "reportedCurrency": "USD",
        "cik": "0000027996",
        "fillingDate": "1997-05-15",
        "acceptedDate": "1997-05-15 00:00:00",
        "calendarYear": "1997",
        "period": "Q1",
        "revenue": 466500000,
        "costOfRevenue": 183300000,
        "grossProfit": 283200000,
        "grossProfitRatio": 0.607073955,
        "researchAndDevelopmentExpenses": 0,
        "generalAndAdministrativeExpenses": 196000000,
        "sellingAndMarketingExpenses": 0,
        "sellingGeneralAndAdministrativeExpenses": 196000000,
        "otherExpenses": 21000000,
        "operatingExpenses": 217000000,
        "costAndExpenses": 400300000,
        "interestIncome": 0,
        "interestExpense": 0,
        "depreciationAndAmortization": 21000000,
        "ebitda": 87200000,
        "ebitdaratio": 0.1869239014,
        "operatingIncome": 66200000,
        "operatingIncomeRatio": 0.1419078242,
        "totalOtherIncomeExpensesNet": 3200000,
        "incomeBeforeTax": 69400000,
        "incomeBeforeTaxRatio": 0.1487674169,
        "incomeTaxExpense": 28000000,
        "netIncome": 41400000,
        "netIncomeRatio": 0.0887459807,
        "eps": 0.5,
        "epsdiluted": 0.5,
        "weightedAverageShsOut": 82800000,
        "weightedAverageShsOutDil": 82800000,
        "link": "https://www.sec.gov/Archives/edgar/data/27996/000089710197000582/0000897101-97-000582-index.html",
        "finalLink": "https://www.sec.gov/Archives/edgar/data/27996/"
    },
    {
        "date": "1996-12-31",
        "symbol": "DLX",
        "reportedCurrency": "USD",
        "cik": "0000027996",
        "fillingDate": "1997-03-31",
        "acceptedDate": "1997-03-31 00:00:00",
        "calendarYear": "1996",
        "period": "Q4",
        "revenue": 480500000,
        "costOfRevenue": 197200000,
        "grossProfit": 283300000,
        "grossProfitRatio": 0.5895941727,
        "researchAndDevelopmentExpenses": 0,
        "generalAndAdministrativeExpenses": 213300000,
        "sellingAndMarketingExpenses": 0,
        "sellingGeneralAndAdministrativeExpenses": 213300000,
        "otherExpenses": 26800000,
        "operatingExpenses": 240100000,
        "costAndExpenses": 437300000,
        "interestIncome": 0,
        "interestExpense": 0,
        "depreciationAndAmortization": 26800000,
        "ebitda": 70000000,
        "ebitdaratio": 0.1456815817,
        "operatingIncome": 43200000,
        "operatingIncomeRatio": 0.0899063476,
        "totalOtherIncomeExpensesNet": -79900000,
        "incomeBeforeTax": -36700000,
        "incomeBeforeTaxRatio": -0.0763787721,
        "incomeTaxExpense": -11700000,
        "netIncome": -25000000,
        "netIncomeRatio": -0.0520291363,
        "eps": -0.31,
        "epsdiluted": -0.3,
        "weightedAverageShsOut": 80681818,
        "weightedAverageShsOutDil": 82800000,
        "link": "https://www.sec.gov/Archives/edgar/data/27996/000089710197000381/0000897101-97-000381-index.html",
        "finalLink": "https://www.sec.gov/Archives/edgar/data/27996/"
    },
    {
        "date": "1996-09-30",
        "symbol": "DLX",
        "reportedCurrency": "USD",
        "cik": "0000027996",
        "fillingDate": "1996-11-14",
        "acceptedDate": "1996-11-14 00:00:00",
        "calendarYear": "1996",
        "period": "Q3",
        "revenue": 460500000,
        "costOfRevenue": 182600000,
        "grossProfit": 277900000,
        "grossProfitRatio": 0.6034744843,
        "researchAndDevelopmentExpenses": 0,
        "generalAndAdministrativeExpenses": 194900000,
        "sellingAndMarketingExpenses": 0,
        "sellingGeneralAndAdministrativeExpenses": 194900000,
        "otherExpenses": 27100000,
        "operatingExpenses": 222000000,
        "costAndExpenses": 404600000,
        "interestIncome": 0,
        "interestExpense": 0,
        "depreciationAndAmortization": 27000000,
        "ebitda": 83000000,
        "ebitdaratio": 0.1802388708,
        "operatingIncome": 55900000,
        "operatingIncomeRatio": 0.1213897937,
        "totalOtherIncomeExpensesNet": 2100000,
        "incomeBeforeTax": 58000000,
        "incomeBeforeTaxRatio": 0.1259500543,
        "incomeTaxExpense": 24500000,
        "netIncome": 33500000,
        "netIncomeRatio": 0.0727470141,
        "eps": 0.41,
        "epsdiluted": 0.41,
        "weightedAverageShsOut": 81707317,
        "weightedAverageShsOutDil": 81707317,
        "link": "https://www.sec.gov/Archives/edgar/data/27996/000091205796026442/0000912057-96-026442-index.html",
        "finalLink": "https://www.sec.gov/Archives/edgar/data/27996/"
    },
    {
        "date": "1996-06-30",
        "symbol": "DLX",
        "reportedCurrency": "USD",
        "cik": "0000027996",
        "fillingDate": "1996-08-14",
        "acceptedDate": "1996-08-14 00:00:00",
        "calendarYear": "1996",
        "period": "Q2",
        "revenue": 466600000,
        "costOfRevenue": 185000000,
        "grossProfit": 281600000,
        "grossProfitRatio": 0.6035147878,
        "researchAndDevelopmentExpenses": 0,
        "generalAndAdministrativeExpenses": 189100000,
        "sellingAndMarketingExpenses": 0,
        "sellingGeneralAndAdministrativeExpenses": 189100000,
        "otherExpenses": 26500000,
        "operatingExpenses": 215600000,
        "costAndExpenses": 400600000,
        "interestIncome": 0,
        "interestExpense": 0,
        "depreciationAndAmortization": 26500000,
        "ebitda": 92500000,
        "ebitdaratio": 0.1982426061,
        "operatingIncome": 66000000,
        "operatingIncomeRatio": 0.1414487784,
        "totalOtherIncomeExpensesNet": -700000,
        "incomeBeforeTax": 65300000,
        "incomeBeforeTaxRatio": 0.1399485641,
        "incomeTaxExpense": 27200000,
        "netIncome": 38100000,
        "netIncomeRatio": 0.0816545221,
        "eps": 0.46,
        "epsdiluted": 0.46,
        "weightedAverageShsOut": 82826087,
        "weightedAverageShsOutDil": 82826087,
        "link": "https://www.sec.gov/Archives/edgar/data/27996/000091205796017942/0000912057-96-017942-index.html",
        "finalLink": "https://www.sec.gov/Archives/edgar/data/27996/"
    },
    {
        "date": "1996-03-31",
        "symbol": "DLX",
        "reportedCurrency": "USD",
        "cik": "0000027996",
        "fillingDate": "1996-05-15",
        "acceptedDate": "1996-05-15 00:00:00",
        "calendarYear": "1996",
        "period": "Q1",
        "revenue": 488100000,
        "costOfRevenue": 224300000,
        "grossProfit": 263800000,
        "grossProfitRatio": 0.5404630199,
        "researchAndDevelopmentExpenses": 0,
        "generalAndAdministrativeExpenses": 203500000,
        "sellingAndMarketingExpenses": 0,
        "sellingGeneralAndAdministrativeExpenses": 203500000,
        "otherExpenses": 26400000,
        "operatingExpenses": 229900000,
        "costAndExpenses": 454200000,
        "interestIncome": 0,
        "interestExpense": 0,
        "depreciationAndAmortization": 26400000,
        "ebitda": 60300000,
        "ebitdaratio": 0.1235402581,
        "operatingIncome": 33900000,
        "operatingIncomeRatio": 0.0694529809,
        "totalOtherIncomeExpensesNet": -1600000,
        "incomeBeforeTax": 32300000,
        "incomeBeforeTaxRatio": 0.0661749641,
        "incomeTaxExpense": 13400000,
        "netIncome": 18900000,
        "netIncomeRatio": 0.0387215734,
        "eps": 0.23,
        "epsdiluted": 0.23,
        "weightedAverageShsOut": 82173913,
        "weightedAverageShsOutDil": 82173913,
        "link": "https://www.sec.gov/Archives/edgar/data/27996/000091205796009839/0000912057-96-009839-index.html",
        "finalLink": "https://www.sec.gov/Archives/edgar/data/27996/"
    },
    {
        "date": "1995-12-31",
        "symbol": "DLX",
        "reportedCurrency": "USD",
        "cik": "0000027996",
        "fillingDate": "1996-04-01",
        "acceptedDate": "1996-04-01 00:00:00",
        "calendarYear": "1995",
        "period": "Q4",
        "revenue": 500400000,
        "costOfRevenue": 216200000,
        "grossProfit": 284200000,
        "grossProfitRatio": 0.5679456435,
        "researchAndDevelopmentExpenses": 0,
        "generalAndAdministrativeExpenses": 235500000,
        "sellingAndMarketingExpenses": 0,
        "sellingGeneralAndAdministrativeExpenses": 235500000,
        "otherExpenses": 28000000,
        "operatingExpenses": 263500000,
        "costAndExpenses": 479700000,
        "interestIncome": 0,
        "interestExpense": 0,
        "depreciationAndAmortization": 28000000,
        "ebitda": 48700000,
        "ebitdaratio": 0.0973221423,
        "operatingIncome": 20700000,
        "operatingIncomeRatio": 0.0413669065,
        "totalOtherIncomeExpensesNet": -13800000,
        "incomeBeforeTax": 6900000,
        "incomeBeforeTaxRatio": 0.0137889688,
        "incomeTaxExpense": 5400000,
        "netIncome": -5900000,
        "netIncomeRatio": -0.0117905675,
        "eps": -0.0722,
        "epsdiluted": -0.0718,
        "weightedAverageShsOut": 81664719,
        "weightedAverageShsOutDil": 82173913,
        "link": "https://www.sec.gov/Archives/edgar/data/27996/000091205796005791/0000912057-96-005791-index.html",
        "finalLink": "https://www.sec.gov/Archives/edgar/data/27996/"
    },
    {
        "date": "1995-10-30",
        "symbol": "DLX",
        "reportedCurrency": "USD",
        "cik": "0000027996",
        "fillingDate": "1995-11-14",
        "acceptedDate": "1995-11-14 00:00:00",
        "calendarYear": "1995",
        "period": "Q3",
        "revenue": 449500000,
        "costOfRevenue": 177400000,
        "grossProfit": 272100000,
        "grossProfitRatio": 0.6053392659,
        "researchAndDevelopmentExpenses": 0,
        "generalAndAdministrativeExpenses": 191700000,
        "sellingAndMarketingExpenses": 0,
        "sellingGeneralAndAdministrativeExpenses": 191700000,
        "otherExpenses": 25900000,
        "operatingExpenses": 217600000,
        "costAndExpenses": 395000000,
        "interestIncome": 0,
        "interestExpense": 0,
        "depreciationAndAmortization": 25900000,
        "ebitda": 80400000,
        "ebitdaratio": 0.178865406,
        "operatingIncome": 54500000,
        "operatingIncomeRatio": 0.1212458287,
        "totalOtherIncomeExpensesNet": -2200000,
        "incomeBeforeTax": 52300000,
        "incomeBeforeTaxRatio": 0.1163515017,
        "incomeTaxExpense": 22900000,
        "netIncome": 29400000,
        "netIncomeRatio": 0.0654060067,
        "eps": 0.36,
        "epsdiluted": 0.36,
        "weightedAverageShsOut": 81666667,
        "weightedAverageShsOutDil": 81666667,
        "link": "https://www.sec.gov/Archives/edgar/data/27996/000091205795009946/0000912057-95-009946-index.html",
        "finalLink": "https://www.sec.gov/Archives/edgar/data/27996/"
    },
    {
        "date": "1995-06-30",
        "symbol": "DLX",
        "reportedCurrency": "USD",
        "cik": "0000027996",
        "fillingDate": "1995-08-14",
        "acceptedDate": "1995-08-14 00:00:00",
        "calendarYear": "1995",
        "period": "Q2",
        "revenue": 442500000,
        "costOfRevenue": 177000000,
        "grossProfit": 265500000,
        "grossProfitRatio": 0.6,
        "researchAndDevelopmentExpenses": 0,
        "generalAndAdministrativeExpenses": 186600000,
        "sellingAndMarketingExpenses": 0,
        "sellingGeneralAndAdministrativeExpenses": 186600000,
        "otherExpenses": 25100000,
        "operatingExpenses": 211700000,
        "costAndExpenses": 388700000,
        "interestIncome": 0,
        "interestExpense": 0,
        "depreciationAndAmortization": 25100000,
        "ebitda": 78900000,
        "ebitdaratio": 0.1783050847,
        "operatingIncome": 53800000,
        "operatingIncomeRatio": 0.1215819209,
        "totalOtherIncomeExpensesNet": -2000000,
        "incomeBeforeTax": 51800000,
        "incomeBeforeTaxRatio": 0.1170621469,
        "incomeTaxExpense": 22100000,
        "netIncome": 29700000,
        "netIncomeRatio": 0.0671186441,
        "eps": 0.36,
        "epsdiluted": 0.36,
        "weightedAverageShsOut": 82500000,
        "weightedAverageShsOutDil": 82500000,
        "link": "https://www.sec.gov/Archives/edgar/data/27996/000091205795006508/0000912057-95-006508-index.html",
        "finalLink": "https://www.sec.gov/Archives/edgar/data/27996/"
    },
    {
        "date": "1995-03-31",
        "symbol": "DLX",
        "reportedCurrency": "USD",
        "cik": "0000027996",
        "fillingDate": "1995-05-15",
        "acceptedDate": "1995-05-15 00:00:00",
        "calendarYear": "1995",
        "period": "Q1",
        "revenue": 465600000,
        "costOfRevenue": 186400000,
        "grossProfit": 279200000,
        "grossProfitRatio": 0.5996563574,
        "researchAndDevelopmentExpenses": 0,
        "generalAndAdministrativeExpenses": 200000000,
        "sellingAndMarketingExpenses": 0,
        "sellingGeneralAndAdministrativeExpenses": 200000000,
        "otherExpenses": 24300000,
        "operatingExpenses": 224300000,
        "costAndExpenses": 410700000,
        "interestIncome": 0,
        "interestExpense": 0,
        "depreciationAndAmortization": 24300000,
        "ebitda": 79200000,
        "ebitdaratio": 0.1701030928,
        "operatingIncome": 54900000,
        "operatingIncomeRatio": 0.1179123711,
        "totalOtherIncomeExpensesNet": 3400000,
        "incomeBeforeTax": 58300000,
        "incomeBeforeTaxRatio": 0.1252147766,
        "incomeTaxExpense": 24500000,
        "netIncome": 33800000,
        "netIncomeRatio": 0.0725945017,
        "eps": 0.41,
        "epsdiluted": 0.41,
        "weightedAverageShsOut": 82439024,
        "weightedAverageShsOutDil": 82439024,
        "link": "https://www.sec.gov/Archives/edgar/data/27996/000091205795003811/0000912057-95-003811-index.html",
        "finalLink": "https://www.sec.gov/Archives/edgar/data/27996/"
    },
    {
        "date": "1994-12-31",
        "symbol": "DLX",
        "reportedCurrency": "USD",
        "cik": "0000027996",
        "fillingDate": "1995-03-27",
        "acceptedDate": "1995-03-27 00:00:00",
        "calendarYear": "1994",
        "period": "Q4",
        "revenue": 478900000,
        "costOfRevenue": 196900000,
        "grossProfit": 282000000,
        "grossProfitRatio": 0.5888494466,
        "researchAndDevelopmentExpenses": 0,
        "generalAndAdministrativeExpenses": 191100000,
        "sellingAndMarketingExpenses": 0,
        "sellingGeneralAndAdministrativeExpenses": 191100000,
        "otherExpenses": 23100000,
        "operatingExpenses": 214200000,
        "costAndExpenses": 411100000,
        "interestIncome": 0,
        "interestExpense": 0,
        "depreciationAndAmortization": 23100000,
        "ebitda": 90900000,
        "ebitdaratio": 0.1898099812,
        "operatingIncome": 67800000,
        "operatingIncomeRatio": 0.1415744414,
        "totalOtherIncomeExpensesNet": -1100000,
        "incomeBeforeTax": 66700000,
        "incomeBeforeTaxRatio": 0.139277511,
        "incomeTaxExpense": 26700000,
        "netIncome": 40000000,
        "netIncomeRatio": 0.0835247442,
        "eps": 0.49,
        "epsdiluted": 0.49,
        "weightedAverageShsOut": 81475889,
        "weightedAverageShsOutDil": 82439024,
        "link": "https://www.sec.gov/Archives/edgar/data/27996/000091205795001739/0000912057-95-001739-index.html",
        "finalLink": "https://www.sec.gov/Archives/edgar/data/27996/"
    },
    {
        "date": "1994-09-30",
        "symbol": "DLX",
        "reportedCurrency": "USD",
        "cik": "0000027996",
        "fillingDate": "1994-11-15",
        "acceptedDate": "1994-11-15 00:00:00",
        "calendarYear": "1994",
        "period": "Q3",
        "revenue": 426600000,
        "costOfRevenue": 174800000,
        "grossProfit": 251800000,
        "grossProfitRatio": 0.5902484763,
        "researchAndDevelopmentExpenses": 0,
        "generalAndAdministrativeExpenses": 180900000,
        "sellingAndMarketingExpenses": 0,
        "sellingGeneralAndAdministrativeExpenses": 180900000,
        "otherExpenses": 21100000,
        "operatingExpenses": 202000000,
        "costAndExpenses": 376800000,
        "interestIncome": 0,
        "interestExpense": 0,
        "depreciationAndAmortization": 22300000,
        "ebitda": 72100000,
        "ebitdaratio": 0.1690107829,
        "operatingIncome": 49800000,
        "operatingIncomeRatio": 0.1167369902,
        "totalOtherIncomeExpensesNet": 9000000,
        "incomeBeforeTax": 58800000,
        "incomeBeforeTaxRatio": 0.1378340366,
        "incomeTaxExpense": 25500000,
        "netIncome": 33300000,
        "netIncomeRatio": 0.0780590717,
        "eps": 0.4,
        "epsdiluted": 0.4,
        "weightedAverageShsOut": 83250000,
        "weightedAverageShsOutDil": 83250000,
        "link": "https://www.sec.gov/Archives/edgar/data/27996/000091205794003917/0000912057-94-003917-index.html",
        "finalLink": "https://www.sec.gov/Archives/edgar/data/27996/"
    },
    {
        "date": "1994-06-30",
        "symbol": "DLX",
        "reportedCurrency": "USD",
        "cik": "0000027996",
        "fillingDate": "1994-08-15",
        "acceptedDate": "1994-08-15 00:00:00",
        "calendarYear": "1994",
        "period": "Q2",
        "revenue": 412300000,
        "costOfRevenue": 168700000,
        "grossProfit": 243600000,
        "grossProfitRatio": 0.5908319185,
        "researchAndDevelopmentExpenses": 0,
        "generalAndAdministrativeExpenses": 171000000,
        "sellingAndMarketingExpenses": 0,
        "sellingGeneralAndAdministrativeExpenses": 171000000,
        "otherExpenses": 20500000,
        "operatingExpenses": 191500000,
        "costAndExpenses": 360200000,
        "interestIncome": 0,
        "interestExpense": 0,
        "depreciationAndAmortization": 21100000,
        "ebitda": 73200000,
        "ebitdaratio": 0.1775406258,
        "operatingIncome": 52100000,
        "operatingIncomeRatio": 0.1263642978,
        "totalOtherIncomeExpensesNet": -1500000,
        "incomeBeforeTax": 50600000,
        "incomeBeforeTaxRatio": 0.1227261703,
        "incomeTaxExpense": 21000000,
        "netIncome": 29600000,
        "netIncomeRatio": 0.0717923842,
        "eps": 0.36,
        "epsdiluted": 0.36,
        "weightedAverageShsOut": 82222222,
        "weightedAverageShsOutDil": 82222222,
        "link": "https://www.sec.gov/Archives/edgar/data/27996/000091205794002690/0000912057-94-002690-index.html",
        "finalLink": "https://www.sec.gov/Archives/edgar/data/27996/"
    },
    {
        "date": "1994-03-31",
        "symbol": "DLX",
        "reportedCurrency": "USD",
        "cik": "0000027996",
        "fillingDate": "1994-05-16",
        "acceptedDate": "1994-05-16 00:00:00",
        "calendarYear": "1994",
        "period": "Q1",
        "revenue": 430000000,
        "costOfRevenue": 176800000,
        "grossProfit": 253200000,
        "grossProfitRatio": 0.5888372093,
        "researchAndDevelopmentExpenses": 0,
        "generalAndAdministrativeExpenses": 169500000,
        "sellingAndMarketingExpenses": 0,
        "sellingGeneralAndAdministrativeExpenses": 169500000,
        "otherExpenses": 19900000,
        "operatingExpenses": 189400000,
        "costAndExpenses": 366200000,
        "interestIncome": 0,
        "interestExpense": 0,
        "depreciationAndAmortization": 19900000,
        "ebitda": 83700000,
        "ebitdaratio": 0.1946511628,
        "operatingIncome": 63800000,
        "operatingIncomeRatio": 0.148372093,
        "totalOtherIncomeExpensesNet": 900000,
        "incomeBeforeTax": 64700000,
        "incomeBeforeTaxRatio": 0.1504651163,
        "incomeTaxExpense": 26700000,
        "netIncome": 38000000,
        "netIncomeRatio": 0.088372093,
        "eps": 0.46,
        "epsdiluted": 0.46,
        "weightedAverageShsOut": 82608696,
        "weightedAverageShsOutDil": 82608696,
        "link": "https://www.sec.gov/Archives/edgar/data/27996/000091205794001766/0000912057-94-001766-index.html",
        "finalLink": "https://www.sec.gov/Archives/edgar/data/27996/"
    },
    {
        "date": "1993-12-31",
        "symbol": "DLX",
        "reportedCurrency": "USD",
        "cik": "0000027996",
        "fillingDate": "1994-03-31",
        "acceptedDate": "1994-03-31 00:00:00",
        "calendarYear": "1993",
        "period": "Q4",
        "revenue": 441200000,
        "costOfRevenue": 182200000,
        "grossProfit": 259000000,
        "grossProfitRatio": 0.5870353581,
        "researchAndDevelopmentExpenses": 0,
        "generalAndAdministrativeExpenses": 0,
        "sellingAndMarketingExpenses": 0,
        "sellingGeneralAndAdministrativeExpenses": 154900000,
        "otherExpenses": 20000000,
        "operatingExpenses": 174900000,
        "costAndExpenses": 357100000,
        "interestIncome": 0,
        "interestExpense": 0,
        "depreciationAndAmortization": 20000000,
        "ebitda": 104100000,
        "ebitdaratio": 0.2359474161,
        "operatingIncome": 84100000,
        "operatingIncomeRatio": 0.1906165005,
        "totalOtherIncomeExpensesNet": 1000000,
        "incomeBeforeTax": 85100000,
        "incomeBeforeTaxRatio": 0.1928830462,
        "incomeTaxExpense": 34200000,
        "netIncome": 50900000,
        "netIncomeRatio": 0.1153671804,
        "eps": 0.62,
        "epsdiluted": 0.62,
        "weightedAverageShsOut": 82222222,
        "weightedAverageShsOutDil": 82222222,
        "link": "https://www.sec.gov/Archives/edgar/data/27996/000091205794001211/0000912057-94-001211-index.html",
        "finalLink": "https://www.sec.gov/Archives/edgar/data/27996/"
    },
    {
        "date": "1993-09-30",
        "symbol": "DLX",
        "reportedCurrency": "USD",
        "cik": "0000027996",
        "fillingDate": "1993-09-30",
        "acceptedDate": "1993-09-29 20:00:00",
        "calendarYear": "1993",
        "period": "Q3",
        "revenue": 372000000,
        "costOfRevenue": 155800000,
        "grossProfit": 216200000,
        "grossProfitRatio": 0.5811827957,
        "researchAndDevelopmentExpenses": 0,
        "generalAndAdministrativeExpenses": 0,
        "sellingAndMarketingExpenses": 0,
        "sellingGeneralAndAdministrativeExpenses": 134500000,
        "otherExpenses": 17600000,
        "operatingExpenses": 152100000,
        "costAndExpenses": 307900000,
        "interestIncome": 0,
        "interestExpense": 0,
        "depreciationAndAmortization": 17600000,
        "ebitda": 81700000,
        "ebitdaratio": 0.2196236559,
        "operatingIncome": 64100000,
        "operatingIncomeRatio": 0.172311828,
        "totalOtherIncomeExpensesNet": 100000,
        "incomeBeforeTax": 64200000,
        "incomeBeforeTaxRatio": 0.1725806452,
        "incomeTaxExpense": 27200000,
        "netIncome": 37000000,
        "netIncomeRatio": 0.0994623656,
        "eps": 0.45,
        "epsdiluted": 0.45,
        "weightedAverageShsOut": 82222222,
        "weightedAverageShsOutDil": 82222222,
        "link": "",
        "finalLink": ""
    },
    {
        "date": "1993-06-30",
        "symbol": "DLX",
        "reportedCurrency": "USD",
        "cik": "0000027996",
        "fillingDate": "1993-06-30",
        "acceptedDate": "1993-06-29 20:00:00",
        "calendarYear": "1993",
        "period": "Q2",
        "revenue": 362900000,
        "costOfRevenue": 151300000,
        "grossProfit": 211600000,
        "grossProfitRatio": 0.5830807385,
        "researchAndDevelopmentExpenses": 0,
        "generalAndAdministrativeExpenses": 0,
        "sellingAndMarketingExpenses": 0,
        "sellingGeneralAndAdministrativeExpenses": 190200000,
        "otherExpenses": 17600000,
        "operatingExpenses": 207800000,
        "costAndExpenses": 359100000,
        "interestIncome": 0,
        "interestExpense": 0,
        "depreciationAndAmortization": 17600000,
        "ebitda": 21400000,
        "ebitdaratio": 0.0589694131,
        "operatingIncome": 3800000,
        "operatingIncomeRatio": 0.0104712042,
        "totalOtherIncomeExpensesNet": 1200000,
        "incomeBeforeTax": 5000000,
        "incomeBeforeTaxRatio": 0.0137779002,
        "incomeTaxExpense": 2800000,
        "netIncome": 2200000,
        "netIncomeRatio": 0.0060622761,
        "eps": 0.03,
        "epsdiluted": 0.03,
        "weightedAverageShsOut": 73333333,
        "weightedAverageShsOutDil": 73333333,
        "link": "",
        "finalLink": ""
    },
    {
        "date": "1993-03-31",
        "symbol": "DLX",
        "reportedCurrency": "USD",
        "cik": "0000027996",
        "fillingDate": "1993-03-31",
        "acceptedDate": "1993-03-30 19:00:00",
        "calendarYear": "1993",
        "period": "Q1",
        "revenue": 405700000,
        "costOfRevenue": 168800000,
        "grossProfit": 236900000,
        "grossProfitRatio": 0.5839290116,
        "researchAndDevelopmentExpenses": 0,
        "generalAndAdministrativeExpenses": 0,
        "sellingAndMarketingExpenses": 0,
        "sellingGeneralAndAdministrativeExpenses": 140000000,
        "otherExpenses": 17100000,
        "operatingExpenses": 157100000,
        "costAndExpenses": 325900000,
        "interestIncome": 0,
        "interestExpense": 0,
        "depreciationAndAmortization": 17100000,
        "ebitda": 96900000,
        "ebitdaratio": 0.2388464383,
        "operatingIncome": 79800000,
        "operatingIncomeRatio": 0.1966970668,
        "totalOtherIncomeExpensesNet": 1900000,
        "incomeBeforeTax": 81700000,
        "incomeBeforeTaxRatio": 0.2013803303,
        "incomeTaxExpense": 29900000,
        "netIncome": 51800000,
        "netIncomeRatio": 0.1276805521,
        "eps": 0.62,
        "epsdiluted": 0.62,
        "weightedAverageShsOut": 83548387,
        "weightedAverageShsOutDil": 83548387,
        "link": "",
        "finalLink": ""
    },
    {
        "date": "1992-12-31",
        "symbol": "DLX",
        "reportedCurrency": "USD",
        "cik": "0000027996",
        "fillingDate": "1992-12-31",
        "acceptedDate": "1992-12-30 19:00:00",
        "calendarYear": "1992",
        "period": "Q4",
        "revenue": 412600000,
        "costOfRevenue": 173400000,
        "grossProfit": 239200000,
        "grossProfitRatio": 0.5797382453,
        "researchAndDevelopmentExpenses": 0,
        "generalAndAdministrativeExpenses": 0,
        "sellingAndMarketingExpenses": 0,
        "sellingGeneralAndAdministrativeExpenses": 136400000,
        "otherExpenses": 16700000,
        "operatingExpenses": 153100000,
        "costAndExpenses": 326500000,
        "interestIncome": 0,
        "interestExpense": 0,
        "depreciationAndAmortization": 16700000,
        "ebitda": 102800000,
        "ebitdaratio": 0.2491517208,
        "operatingIncome": 86100000,
        "operatingIncomeRatio": 0.2086766844,
        "totalOtherIncomeExpensesNet": -500000,
        "incomeBeforeTax": 85600000,
        "incomeBeforeTaxRatio": 0.207464857,
        "incomeTaxExpense": 29900000,
        "netIncome": 55700000,
        "netIncomeRatio": 0.1349975763,
        "eps": 0.66,
        "epsdiluted": 0.66,
        "weightedAverageShsOut": 83035183,
        "weightedAverageShsOutDil": 84166667,
        "link": "",
        "finalLink": ""
    },
    {
        "date": "1992-09-30",
        "symbol": "DLX",
        "reportedCurrency": "USD",
        "cik": "0000027996",
        "fillingDate": "1992-09-30",
        "acceptedDate": "1992-09-29 20:00:00",
        "calendarYear": "1992",
        "period": "Q3",
        "revenue": 372600000,
        "costOfRevenue": 151600000,
        "grossProfit": 221000000,
        "grossProfitRatio": 0.5931293612,
        "researchAndDevelopmentExpenses": 0,
        "generalAndAdministrativeExpenses": 0,
        "sellingAndMarketingExpenses": 0,
        "sellingGeneralAndAdministrativeExpenses": 123800000,
        "otherExpenses": 16600000,
        "operatingExpenses": 140400000,
        "costAndExpenses": 292000000,
        "interestIncome": 0,
        "interestExpense": 0,
        "depreciationAndAmortization": 16600000,
        "ebitda": 97200000,
        "ebitdaratio": 0.2608695652,
        "operatingIncome": 80600000,
        "operatingIncomeRatio": 0.216317767,
        "totalOtherIncomeExpensesNet": 900000,
        "incomeBeforeTax": 81500000,
        "incomeBeforeTaxRatio": 0.218733226,
        "incomeTaxExpense": 31000000,
        "netIncome": 50500000,
        "netIncomeRatio": 0.1355340848,
        "eps": 0.6,
        "epsdiluted": 0.6,
        "weightedAverageShsOut": 84166667,
        "weightedAverageShsOutDil": 84166667,
        "link": "",
        "finalLink": ""
    },
    {
        "date": "1992-06-30",
        "symbol": "DLX",
        "reportedCurrency": "USD",
        "cik": "0000027996",
        "fillingDate": "1992-06-30",
        "acceptedDate": "1992-06-29 20:00:00",
        "calendarYear": "1992",
        "period": "Q2",
        "revenue": 363900000,
        "costOfRevenue": 149400000,
        "grossProfit": 214500000,
        "grossProfitRatio": 0.5894476505,
        "researchAndDevelopmentExpenses": 0,
        "generalAndAdministrativeExpenses": 0,
        "sellingAndMarketingExpenses": 0,
        "sellingGeneralAndAdministrativeExpenses": 120900000,
        "otherExpenses": 16600000,
        "operatingExpenses": 137500000,
        "costAndExpenses": 286900000,
        "interestIncome": 0,
        "interestExpense": 0,
        "depreciationAndAmortization": 16600000,
        "ebitda": 93600000,
        "ebitdaratio": 0.2572135202,
        "operatingIncome": 77000000,
        "operatingIncomeRatio": 0.2115965925,
        "totalOtherIncomeExpensesNet": 900000,
        "incomeBeforeTax": 77900000,
        "incomeBeforeTaxRatio": 0.2140697994,
        "incomeTaxExpense": 30300000,
        "netIncome": 47600000,
        "netIncomeRatio": 0.1308051663,
        "eps": 0.57,
        "epsdiluted": 0.57,
        "weightedAverageShsOut": 83508772,
        "weightedAverageShsOutDil": 83508772,
        "link": "",
        "finalLink": ""
    },
    {
        "date": "1992-03-31",
        "symbol": "DLX",
        "reportedCurrency": "USD",
        "cik": "0000027996",
        "fillingDate": "1992-03-31",
        "acceptedDate": "1992-03-30 19:00:00",
        "calendarYear": "1992",
        "period": "Q1",
        "revenue": 385300000,
        "costOfRevenue": 161900000,
        "grossProfit": 223400000,
        "grossProfitRatio": 0.5798079419,
        "researchAndDevelopmentExpenses": 0,
        "generalAndAdministrativeExpenses": 0,
        "sellingAndMarketingExpenses": 0,
        "sellingGeneralAndAdministrativeExpenses": 128100000,
        "otherExpenses": 16700000,
        "operatingExpenses": 144800000,
        "costAndExpenses": 306700000,
        "interestIncome": 0,
        "interestExpense": 0,
        "depreciationAndAmortization": 16700000,
        "ebitda": 95300000,
        "ebitdaratio": 0.2473397353,
        "operatingIncome": 78600000,
        "operatingIncomeRatio": 0.2039968855,
        "totalOtherIncomeExpensesNet": 1100000,
        "incomeBeforeTax": 79700000,
        "incomeBeforeTaxRatio": 0.2068518038,
        "incomeTaxExpense": 30800000,
        "netIncome": 48900000,
        "netIncomeRatio": 0.1269140929,
        "eps": 0.58,
        "epsdiluted": 0.58,
        "weightedAverageShsOut": 84310345,
        "weightedAverageShsOutDil": 84310345,
        "link": "",
        "finalLink": ""
    },
    {
        "date": "1991-12-31",
        "symbol": "DLX",
        "reportedCurrency": "USD",
        "cik": "0000027996",
        "fillingDate": "1991-12-31",
        "acceptedDate": "1991-12-30 19:00:00",
        "calendarYear": "1991",
        "period": "Q4",
        "revenue": 395800000,
        "costOfRevenue": 167100000,
        "grossProfit": 228700000,
        "grossProfitRatio": 0.5778170793,
        "researchAndDevelopmentExpenses": 0,
        "generalAndAdministrativeExpenses": 0,
        "sellingAndMarketingExpenses": 0,
        "sellingGeneralAndAdministrativeExpenses": 126800000,
        "otherExpenses": 19300000,
        "operatingExpenses": 146100000,
        "costAndExpenses": 313200000,
        "interestIncome": 0,
        "interestExpense": 0,
        "depreciationAndAmortization": 19300000,
        "ebitda": 101900000,
        "ebitdaratio": 0.2574532592,
        "operatingIncome": 82600000,
        "operatingIncomeRatio": 0.2086912582,
        "totalOtherIncomeExpensesNet": 1900000,
        "incomeBeforeTax": 84500000,
        "incomeBeforeTaxRatio": 0.2134916625,
        "incomeTaxExpense": 31800000,
        "netIncome": 52700000,
        "netIncomeRatio": 0.1331480546,
        "eps": 0.63,
        "epsdiluted": 0.63,
        "weightedAverageShsOut": 83596330,
        "weightedAverageShsOutDil": 83888889,
        "link": "",
        "finalLink": ""
    },
    {
        "date": "1991-09-30",
        "symbol": "DLX",
        "reportedCurrency": "USD",
        "cik": "0000027996",
        "fillingDate": "1991-09-30",
        "acceptedDate": "1991-09-29 20:00:00",
        "calendarYear": "1991",
        "period": "Q3",
        "revenue": 362400000,
        "costOfRevenue": 150300000,
        "grossProfit": 212100000,
        "grossProfitRatio": 0.5852649007,
        "researchAndDevelopmentExpenses": 0,
        "generalAndAdministrativeExpenses": 0,
        "sellingAndMarketingExpenses": 0,
        "sellingGeneralAndAdministrativeExpenses": 120700000,
        "otherExpenses": 19000000,
        "operatingExpenses": 139700000,
        "costAndExpenses": 290000000,
        "interestIncome": 0,
        "interestExpense": 0,
        "depreciationAndAmortization": 19000000,
        "ebitda": 91400000,
        "ebitdaratio": 0.2522075055,
        "operatingIncome": 72400000,
        "operatingIncomeRatio": 0.1997792494,
        "totalOtherIncomeExpensesNet": 1700000,
        "incomeBeforeTax": 74100000,
        "incomeBeforeTaxRatio": 0.2044701987,
        "incomeTaxExpense": 28800000,
        "netIncome": 45300000,
        "netIncomeRatio": 0.125,
        "eps": 0.54,
        "epsdiluted": 0.54,
        "weightedAverageShsOut": 83888889,
        "weightedAverageShsOutDil": 83888889,
        "link": "",
        "finalLink": ""
    },
    {
        "date": "1991-06-30",
        "symbol": "DLX",
        "reportedCurrency": "USD",
        "cik": "0000027996",
        "fillingDate": "1991-06-30",
        "acceptedDate": "1991-06-29 20:00:00",
        "calendarYear": "1991",
        "period": "Q2",
        "revenue": 347600000,
        "costOfRevenue": 147000000,
        "grossProfit": 200600000,
        "grossProfitRatio": 0.5771001151,
        "researchAndDevelopmentExpenses": 0,
        "generalAndAdministrativeExpenses": 0,
        "sellingAndMarketingExpenses": 0,
        "sellingGeneralAndAdministrativeExpenses": 112400000,
        "otherExpenses": 18900000,
        "operatingExpenses": 131300000,
        "costAndExpenses": 278300000,
        "interestIncome": 0,
        "interestExpense": 0,
        "depreciationAndAmortization": 18900000,
        "ebitda": 88200000,
        "ebitdaratio": 0.253739931,
        "operatingIncome": 69300000,
        "operatingIncomeRatio": 0.1993670886,
        "totalOtherIncomeExpensesNet": 1300000,
        "incomeBeforeTax": 70600000,
        "incomeBeforeTaxRatio": 0.2031070196,
        "incomeTaxExpense": 27200000,
        "netIncome": 43400000,
        "netIncomeRatio": 0.1248561565,
        "eps": 0.52,
        "epsdiluted": 0.52,
        "weightedAverageShsOut": 83461538,
        "weightedAverageShsOutDil": 83461538,
        "link": "",
        "finalLink": ""
    },
    {
        "date": "1991-03-31",
        "symbol": "DLX",
        "reportedCurrency": "USD",
        "cik": "0000027996",
        "fillingDate": "1991-03-31",
        "acceptedDate": "1991-03-30 19:00:00",
        "calendarYear": "1991",
        "period": "Q1",
        "revenue": 368700000,
        "costOfRevenue": 161700000,
        "grossProfit": 207000000,
        "grossProfitRatio": 0.5614320586,
        "researchAndDevelopmentExpenses": 0,
        "generalAndAdministrativeExpenses": 0,
        "sellingAndMarketingExpenses": 0,
        "sellingGeneralAndAdministrativeExpenses": 124600000,
        "otherExpenses": 18700000,
        "operatingExpenses": 143300000,
        "costAndExpenses": 305000000,
        "interestIncome": 0,
        "interestExpense": 0,
        "depreciationAndAmortization": 18700000,
        "ebitda": 82400000,
        "ebitdaratio": 0.2234879306,
        "operatingIncome": 63700000,
        "operatingIncomeRatio": 0.172769189,
        "totalOtherIncomeExpensesNet": 2600000,
        "incomeBeforeTax": 66300000,
        "incomeBeforeTaxRatio": 0.1798209927,
        "incomeTaxExpense": 24800000,
        "netIncome": 41500000,
        "netIncomeRatio": 0.1125576349,
        "eps": 0.49,
        "epsdiluted": 0.49,
        "weightedAverageShsOut": 84693878,
        "weightedAverageShsOutDil": 84693878,
        "link": "",
        "finalLink": ""
    },
    {
        "date": "1990-12-31",
        "symbol": "DLX",
        "reportedCurrency": "USD",
        "cik": "0000027996",
        "fillingDate": "1990-12-31",
        "acceptedDate": "1990-12-30 19:00:00",
        "calendarYear": "1990",
        "period": "Q4",
        "revenue": 386900000,
        "costOfRevenue": 164400000,
        "grossProfit": 222500000,
        "grossProfitRatio": 0.575084001,
        "researchAndDevelopmentExpenses": 0,
        "generalAndAdministrativeExpenses": 0,
        "sellingAndMarketingExpenses": 0,
        "sellingGeneralAndAdministrativeExpenses": 121000000,
        "otherExpenses": 19000000,
        "operatingExpenses": 140000000,
        "costAndExpenses": 304400000,
        "interestIncome": 0,
        "interestExpense": 0,
        "depreciationAndAmortization": 19000000,
        "ebitda": 101500000,
        "ebitdaratio": 0.2623416904,
        "operatingIncome": 82500000,
        "operatingIncomeRatio": 0.2132333936,
        "totalOtherIncomeExpensesNet": 2700000,
        "incomeBeforeTax": 85200000,
        "incomeBeforeTaxRatio": 0.2202119411,
        "incomeTaxExpense": 31400000,
        "netIncome": 53800000,
        "netIncomeRatio": 0.1390540191,
        "eps": 0.65,
        "epsdiluted": 0.65,
        "weightedAverageShsOut": 83396226,
        "weightedAverageShsOutDil": 83396226,
        "link": "",
        "finalLink": ""
    },
    {
        "date": "1990-09-30",
        "symbol": "DLX",
        "reportedCurrency": "USD",
        "cik": "0000027996",
        "fillingDate": "1990-09-30",
        "acceptedDate": "1990-09-29 20:00:00",
        "calendarYear": "1990",
        "period": "Q3",
        "revenue": 352800000,
        "costOfRevenue": 151800000,
        "grossProfit": 201000000,
        "grossProfitRatio": 0.5697278912,
        "researchAndDevelopmentExpenses": 0,
        "generalAndAdministrativeExpenses": 0,
        "sellingAndMarketingExpenses": 0,
        "sellingGeneralAndAdministrativeExpenses": 110900000,
        "otherExpenses": 18800000,
        "operatingExpenses": 129700000,
        "costAndExpenses": 281500000,
        "interestIncome": 0,
        "interestExpense": 0,
        "depreciationAndAmortization": 18800000,
        "ebitda": 90100000,
        "ebitdaratio": 0.2553854875,
        "operatingIncome": 71300000,
        "operatingIncomeRatio": 0.2020975057,
        "totalOtherIncomeExpensesNet": 2200000,
        "incomeBeforeTax": 73500000,
        "incomeBeforeTaxRatio": 0.2083333333,
        "incomeTaxExpense": 29300000,
        "netIncome": 44200000,
        "netIncomeRatio": 0.1252834467,
        "eps": 0.53,
        "epsdiluted": 0.53,
        "weightedAverageShsOut": 83396226,
        "weightedAverageShsOutDil": 83396226,
        "link": "",
        "finalLink": ""
    },
    {
        "date": "1990-06-30",
        "symbol": "DLX",
        "reportedCurrency": "USD",
        "cik": "0000027996",
        "fillingDate": "1990-06-30",
        "acceptedDate": "1990-06-29 20:00:00",
        "calendarYear": "1990",
        "period": "Q2",
        "revenue": 328900000,
        "costOfRevenue": 145500000,
        "grossProfit": 183400000,
        "grossProfitRatio": 0.5576162967,
        "researchAndDevelopmentExpenses": 0,
        "generalAndAdministrativeExpenses": 0,
        "sellingAndMarketingExpenses": 0,
        "sellingGeneralAndAdministrativeExpenses": 102800000,
        "otherExpenses": 18300000,
        "operatingExpenses": 121100000,
        "costAndExpenses": 266600000,
        "interestIncome": 0,
        "interestExpense": 0,
        "depreciationAndAmortization": 18300000,
        "ebitda": 80600000,
        "ebitdaratio": 0.2450592885,
        "operatingIncome": 62300000,
        "operatingIncomeRatio": 0.1894192764,
        "totalOtherIncomeExpensesNet": 1700000,
        "incomeBeforeTax": 64000000,
        "incomeBeforeTaxRatio": 0.1945880207,
        "incomeTaxExpense": 25800000,
        "netIncome": 38200000,
        "netIncomeRatio": 0.1161447248,
        "eps": 0.45,
        "epsdiluted": 0.45,
        "weightedAverageShsOut": 84888889,
        "weightedAverageShsOutDil": 84888889,
        "link": "",
        "finalLink": ""
    },
    {
        "date": "1990-03-31",
        "symbol": "DLX",
        "reportedCurrency": "USD",
        "cik": "0000027996",
        "fillingDate": "1990-03-31",
        "acceptedDate": "1990-03-30 19:00:00",
        "calendarYear": "1990",
        "period": "Q1",
        "revenue": 345000000,
        "costOfRevenue": 159500000,
        "grossProfit": 185500000,
        "grossProfitRatio": 0.5376811594,
        "researchAndDevelopmentExpenses": 0,
        "generalAndAdministrativeExpenses": 0,
        "sellingAndMarketingExpenses": 0,
        "sellingGeneralAndAdministrativeExpenses": 109300000,
        "otherExpenses": 17900000,
        "operatingExpenses": 127200000,
        "costAndExpenses": 286700000,
        "interestIncome": 0,
        "interestExpense": 0,
        "depreciationAndAmortization": 17900000,
        "ebitda": 76200000,
        "ebitdaratio": 0.2208695652,
        "operatingIncome": 58300000,
        "operatingIncomeRatio": 0.1689855072,
        "totalOtherIncomeExpensesNet": 1500000,
        "incomeBeforeTax": 59800000,
        "incomeBeforeTaxRatio": 0.1733333333,
        "incomeTaxExpense": 23700000,
        "netIncome": 36100000,
        "netIncomeRatio": 0.1046376812,
        "eps": 0.42,
        "epsdiluted": 0.42,
        "weightedAverageShsOut": 85952381,
        "weightedAverageShsOutDil": 85952381,
        "link": "",
        "finalLink": ""
    },
    {
        "date": "1989-12-31",
        "symbol": "DLX",
        "reportedCurrency": "USD",
        "cik": "0000027996",
        "fillingDate": "1989-12-31",
        "acceptedDate": "1989-12-30 19:00:00",
        "calendarYear": "1989",
        "period": "Q4",
        "revenue": 356700000,
        "costOfRevenue": 0,
        "grossProfit": 356700000,
        "grossProfitRatio": 1,
        "researchAndDevelopmentExpenses": 0,
        "generalAndAdministrativeExpenses": 0,
        "sellingAndMarketingExpenses": 0,
        "sellingGeneralAndAdministrativeExpenses": 0,
        "otherExpenses": -1072000000,
        "operatingExpenses": -1072000000,
        "costAndExpenses": -1072000000,
        "interestIncome": 0,
        "interestExpense": 0,
        "depreciationAndAmortization": 0,
        "ebitda": -715300000,
        "ebitdaratio": -2.005326605,
        "operatingIncome": -715300000,
        "operatingIncomeRatio": -2.005326605,
        "totalOtherIncomeExpensesNet": 715300000,
        "incomeBeforeTax": 0,
        "incomeBeforeTaxRatio": 0,
        "incomeTaxExpense": 0,
        "netIncome": 48700000,
        "netIncomeRatio": 0.1365292963,
        "eps": 0.57,
        "epsdiluted": 0.57,
        "weightedAverageShsOut": 85211000,
        "weightedAverageShsOutDil": 85293000,
        "link": "",
        "finalLink": ""
    },
    {
        "date": "1989-09-30",
        "symbol": "DLX",
        "reportedCurrency": "USD",
        "cik": "0000027996",
        "fillingDate": "1989-09-30",
        "acceptedDate": "1989-09-29 20:00:00",
        "calendarYear": "1989",
        "period": "Q3",
        "revenue": 331400000,
        "costOfRevenue": 0,
        "grossProfit": 331400000,
        "grossProfitRatio": 1,
        "researchAndDevelopmentExpenses": 0,
        "generalAndAdministrativeExpenses": 0,
        "sellingAndMarketingExpenses": 0,
        "sellingGeneralAndAdministrativeExpenses": 0,
        "otherExpenses": 0,
        "operatingExpenses": 0,
        "costAndExpenses": 0,
        "interestIncome": 0,
        "interestExpense": 0,
        "depreciationAndAmortization": 0,
        "ebitda": 331400000,
        "ebitdaratio": 1,
        "operatingIncome": 331400000,
        "operatingIncomeRatio": 1,
        "totalOtherIncomeExpensesNet": -331400000,
        "incomeBeforeTax": 0,
        "incomeBeforeTaxRatio": 0,
        "incomeTaxExpense": 0,
        "netIncome": 39200000,
        "netIncomeRatio": 0.1182860591,
        "eps": 0.46,
        "epsdiluted": 0.46,
        "weightedAverageShsOut": 85293000,
        "weightedAverageShsOutDil": 85293000,
        "link": "",
        "finalLink": ""
    },
    {
        "date": "1989-06-30",
        "symbol": "DLX",
        "reportedCurrency": "USD",
        "cik": "0000027996",
        "fillingDate": "1989-06-30",
        "acceptedDate": "1989-06-29 20:00:00",
        "calendarYear": "1989",
        "period": "Q2",
        "revenue": 310800000,
        "costOfRevenue": 0,
        "grossProfit": 310800000,
        "grossProfitRatio": 1,
        "researchAndDevelopmentExpenses": 0,
        "generalAndAdministrativeExpenses": 0,
        "sellingAndMarketingExpenses": 0,
        "sellingGeneralAndAdministrativeExpenses": 0,
        "otherExpenses": 0,
        "operatingExpenses": 0,
        "costAndExpenses": 0,
        "interestIncome": 0,
        "interestExpense": 0,
        "depreciationAndAmortization": 0,
        "ebitda": 310800000,
        "ebitdaratio": 1,
        "operatingIncome": 310800000,
        "operatingIncomeRatio": 1,
        "totalOtherIncomeExpensesNet": -310800000,
        "incomeBeforeTax": 0,
        "incomeBeforeTaxRatio": 0,
        "incomeTaxExpense": 0,
        "netIncome": 34200000,
        "netIncomeRatio": 0.11003861,
        "eps": 0.4,
        "epsdiluted": 0.4,
        "weightedAverageShsOut": 85403000,
        "weightedAverageShsOutDil": 85403000,
        "link": "",
        "finalLink": ""
    },
    {
        "date": "1989-03-31",
        "symbol": "DLX",
        "reportedCurrency": "USD",
        "cik": "0000027996",
        "fillingDate": "1989-03-31",
        "acceptedDate": "1989-03-30 19:00:00",
        "calendarYear": "1989",
        "period": "Q1",
        "revenue": 316900000,
        "costOfRevenue": 0,
        "grossProfit": 316900000,
        "grossProfitRatio": 1,
        "researchAndDevelopmentExpenses": 0,
        "generalAndAdministrativeExpenses": 0,
        "sellingAndMarketingExpenses": 0,
        "sellingGeneralAndAdministrativeExpenses": 0,
        "otherExpenses": 0,
        "operatingExpenses": 0,
        "costAndExpenses": 0,
        "interestIncome": 0,
        "interestExpense": 0,
        "depreciationAndAmortization": 0,
        "ebitda": 316900000,
        "ebitdaratio": 1,
        "operatingIncome": 316900000,
        "operatingIncomeRatio": 1,
        "totalOtherIncomeExpensesNet": -316900000,
        "incomeBeforeTax": 0,
        "incomeBeforeTaxRatio": 0,
        "incomeTaxExpense": 0,
        "netIncome": 30500000,
        "netIncomeRatio": 0.0962448722,
        "eps": 0.36,
        "epsdiluted": 0.36,
        "weightedAverageShsOut": 85417000,
        "weightedAverageShsOutDil": 85417000,
        "link": "",
        "finalLink": ""
    },
    {
        "date": "1988-12-31",
        "symbol": "DLX",
        "reportedCurrency": "USD",
        "cik": "0000027996",
        "fillingDate": "1988-12-31",
        "acceptedDate": "1988-12-30 19:00:00",
        "calendarYear": "1988",
        "period": "Q4",
        "revenue": 332600000,
        "costOfRevenue": 0,
        "grossProfit": 332600000,
        "grossProfitRatio": 1,
        "researchAndDevelopmentExpenses": 0,
        "generalAndAdministrativeExpenses": 0,
        "sellingAndMarketingExpenses": 0,
        "sellingGeneralAndAdministrativeExpenses": 0,
        "otherExpenses": -969200000,
        "operatingExpenses": -969200000,
        "costAndExpenses": -969200000,
        "interestIncome": 0,
        "interestExpense": 0,
        "depreciationAndAmortization": 0,
        "ebitda": -636600000,
        "ebitdaratio": -1.9140108238,
        "operatingIncome": -636600000,
        "operatingIncomeRatio": -1.9140108238,
        "totalOtherIncomeExpensesNet": 636600000,
        "incomeBeforeTax": 0,
        "incomeBeforeTaxRatio": 0,
        "incomeTaxExpense": 0,
        "netIncome": 45000000,
        "netIncomeRatio": 0.1352976548,
        "eps": 0.53,
        "epsdiluted": 0.53,
        "weightedAverageShsOut": 85225000,
        "weightedAverageShsOutDil": 85225000,
        "link": "",
        "finalLink": ""
    },
    {
        "date": "1988-09-30",
        "symbol": "DLX",
        "reportedCurrency": "USD",
        "cik": "0000027996",
        "fillingDate": "1988-09-30",
        "acceptedDate": "1988-09-29 20:00:00",
        "calendarYear": "1988",
        "period": "Q3",
        "revenue": 301500000,
        "costOfRevenue": 0,
        "grossProfit": 301500000,
        "grossProfitRatio": 1,
        "researchAndDevelopmentExpenses": 0,
        "generalAndAdministrativeExpenses": 0,
        "sellingAndMarketingExpenses": 0,
        "sellingGeneralAndAdministrativeExpenses": 0,
        "otherExpenses": 0,
        "operatingExpenses": 0,
        "costAndExpenses": 0,
        "interestIncome": 0,
        "interestExpense": 0,
        "depreciationAndAmortization": 0,
        "ebitda": 301500000,
        "ebitdaratio": 1,
        "operatingIncome": 301500000,
        "operatingIncomeRatio": 1,
        "totalOtherIncomeExpensesNet": -301500000,
        "incomeBeforeTax": 0,
        "incomeBeforeTaxRatio": 0,
        "incomeTaxExpense": 0,
        "netIncome": 34700000,
        "netIncomeRatio": 0.1150912106,
        "eps": 0.4,
        "epsdiluted": 0.4,
        "weightedAverageShsOut": 85225000,
        "weightedAverageShsOutDil": 85225000,
        "link": "",
        "finalLink": ""
    },
    {
        "date": "1988-06-30",
        "symbol": "DLX",
        "reportedCurrency": "USD",
        "cik": "0000027996",
        "fillingDate": "1988-06-30",
        "acceptedDate": "1988-06-29 20:00:00",
        "calendarYear": "1988",
        "period": "Q2",
        "revenue": 275700000,
        "costOfRevenue": 0,
        "grossProfit": 275700000,
        "grossProfitRatio": 1,
        "researchAndDevelopmentExpenses": 0,
        "generalAndAdministrativeExpenses": 0,
        "sellingAndMarketingExpenses": 0,
        "sellingGeneralAndAdministrativeExpenses": 0,
        "otherExpenses": 0,
        "operatingExpenses": 0,
        "costAndExpenses": 0,
        "interestIncome": 0,
        "interestExpense": 0,
        "depreciationAndAmortization": 0,
        "ebitda": 275700000,
        "ebitdaratio": 1,
        "operatingIncome": 275700000,
        "operatingIncomeRatio": 1,
        "totalOtherIncomeExpensesNet": -275700000,
        "incomeBeforeTax": 0,
        "incomeBeforeTaxRatio": 0,
        "incomeTaxExpense": 0,
        "netIncome": 29800000,
        "netIncomeRatio": 0.108088502,
        "eps": 0.35,
        "epsdiluted": 0.35,
        "weightedAverageShsOut": 85187000,
        "weightedAverageShsOutDil": 85187000,
        "link": "",
        "finalLink": ""
    },
    {
        "date": "1988-03-31",
        "symbol": "DLX",
        "reportedCurrency": "USD",
        "cik": "0000027996",
        "fillingDate": "1988-03-31",
        "acceptedDate": "1988-03-30 19:00:00",
        "calendarYear": "1988",
        "period": "Q1",
        "revenue": 286200000,
        "costOfRevenue": 0,
        "grossProfit": 286200000,
        "grossProfitRatio": 1,
        "researchAndDevelopmentExpenses": 0,
        "generalAndAdministrativeExpenses": 0,
        "sellingAndMarketingExpenses": 0,
        "sellingGeneralAndAdministrativeExpenses": 0,
        "otherExpenses": 0,
        "operatingExpenses": 0,
        "costAndExpenses": 0,
        "interestIncome": 0,
        "interestExpense": 0,
        "depreciationAndAmortization": 0,
        "ebitda": 286200000,
        "ebitdaratio": 1,
        "operatingIncome": 286200000,
        "operatingIncomeRatio": 1,
        "totalOtherIncomeExpensesNet": -286200000,
        "incomeBeforeTax": 0,
        "incomeBeforeTaxRatio": 0,
        "incomeTaxExpense": 0,
        "netIncome": 33900000,
        "netIncomeRatio": 0.1184486373,
        "eps": 0.4,
        "epsdiluted": 0.4,
        "weightedAverageShsOut": 85136000,
        "weightedAverageShsOutDil": 85136000,
        "link": "",
        "finalLink": ""
    },
    {
        "date": "1987-12-31",
        "symbol": "DLX",
        "reportedCurrency": "USD",
        "cik": "0000027996",
        "fillingDate": "1987-12-31",
        "acceptedDate": "1987-12-30 19:00:00",
        "calendarYear": "1987",
        "period": "Q4",
        "revenue": 245500000,
        "costOfRevenue": 0,
        "grossProfit": 245500000,
        "grossProfitRatio": 1,
        "researchAndDevelopmentExpenses": 0,
        "generalAndAdministrativeExpenses": 0,
        "sellingAndMarketingExpenses": 0,
        "sellingGeneralAndAdministrativeExpenses": 0,
        "otherExpenses": -738100000,
        "operatingExpenses": -738100000,
        "costAndExpenses": -738100000,
        "interestIncome": 0,
        "interestExpense": 0,
        "depreciationAndAmortization": 0,
        "ebitda": -492600000,
        "ebitdaratio": -2.0065173116,
        "operatingIncome": -492600000,
        "operatingIncomeRatio": -2.0065173116,
        "totalOtherIncomeExpensesNet": 492600000,
        "incomeBeforeTax": 0,
        "incomeBeforeTaxRatio": 0,
        "incomeTaxExpense": 0,
        "netIncome": 42600000,
        "netIncomeRatio": 0.1735234216,
        "eps": 0.5,
        "epsdiluted": 0.5,
        "weightedAverageShsOut": 85050000,
        "weightedAverageShsOutDil": 85393000,
        "link": "",
        "finalLink": ""
    },
    {
        "date": "1987-09-30",
        "symbol": "DLX",
        "reportedCurrency": "USD",
        "cik": "0000027996",
        "fillingDate": "1987-09-30",
        "acceptedDate": "1987-09-29 20:00:00",
        "calendarYear": "1987",
        "period": "Q3",
        "revenue": 236500000,
        "costOfRevenue": 0,
        "grossProfit": 236500000,
        "grossProfitRatio": 1,
        "researchAndDevelopmentExpenses": 0,
        "generalAndAdministrativeExpenses": 0,
        "sellingAndMarketingExpenses": 0,
        "sellingGeneralAndAdministrativeExpenses": 0,
        "otherExpenses": 0,
        "operatingExpenses": 0,
        "costAndExpenses": 0,
        "interestIncome": 0,
        "interestExpense": 0,
        "depreciationAndAmortization": 0,
        "ebitda": 236500000,
        "ebitdaratio": 1,
        "operatingIncome": 236500000,
        "operatingIncomeRatio": 1,
        "totalOtherIncomeExpensesNet": -236500000,
        "incomeBeforeTax": 0,
        "incomeBeforeTaxRatio": 0,
        "incomeTaxExpense": 0,
        "netIncome": 42700000,
        "netIncomeRatio": 0.1805496829,
        "eps": 0.5,
        "epsdiluted": 0.5,
        "weightedAverageShsOut": 85393000,
        "weightedAverageShsOutDil": 85393000,
        "link": "",
        "finalLink": ""
    },
    {
        "date": "1987-06-30",
        "symbol": "DLX",
        "reportedCurrency": "USD",
        "cik": "0000027996",
        "fillingDate": "1987-06-30",
        "acceptedDate": "1987-06-29 20:00:00",
        "calendarYear": "1987",
        "period": "Q2",
        "revenue": 232600000,
        "costOfRevenue": 0,
        "grossProfit": 232600000,
        "grossProfitRatio": 1,
        "researchAndDevelopmentExpenses": 0,
        "generalAndAdministrativeExpenses": 0,
        "sellingAndMarketingExpenses": 0,
        "sellingGeneralAndAdministrativeExpenses": 0,
        "otherExpenses": 0,
        "operatingExpenses": 0,
        "costAndExpenses": 0,
        "interestIncome": 0,
        "interestExpense": 0,
        "depreciationAndAmortization": 0,
        "ebitda": 232600000,
        "ebitdaratio": 1,
        "operatingIncome": 232600000,
        "operatingIncomeRatio": 1,
        "totalOtherIncomeExpensesNet": -232600000,
        "incomeBeforeTax": 0,
        "incomeBeforeTaxRatio": 0,
        "incomeTaxExpense": 0,
        "netIncome": 33500000,
        "netIncomeRatio": 0.1440240757,
        "eps": 0.39,
        "epsdiluted": 0.39,
        "weightedAverageShsOut": 85263000,
        "weightedAverageShsOutDil": 85263000,
        "link": "",
        "finalLink": ""
    },
    {
        "date": "1987-03-31",
        "symbol": "DLX",
        "reportedCurrency": "USD",
        "cik": "0000027996",
        "fillingDate": "1987-03-31",
        "acceptedDate": "1987-03-30 19:00:00",
        "calendarYear": "1987",
        "period": "Q1",
        "revenue": 233400000,
        "costOfRevenue": 0,
        "grossProfit": 233400000,
        "grossProfitRatio": 1,
        "researchAndDevelopmentExpenses": 0,
        "generalAndAdministrativeExpenses": 0,
        "sellingAndMarketingExpenses": 0,
        "sellingGeneralAndAdministrativeExpenses": 0,
        "otherExpenses": 0,
        "operatingExpenses": 0,
        "costAndExpenses": 0,
        "interestIncome": 0,
        "interestExpense": 0,
        "depreciationAndAmortization": 0,
        "ebitda": 233400000,
        "ebitdaratio": 1,
        "operatingIncome": 233400000,
        "operatingIncomeRatio": 1,
        "totalOtherIncomeExpensesNet": -233400000,
        "incomeBeforeTax": 0,
        "incomeBeforeTaxRatio": 0,
        "incomeTaxExpense": 0,
        "netIncome": 29700000,
        "netIncomeRatio": 0.1272493573,
        "eps": 0.35,
        "epsdiluted": 0.35,
        "weightedAverageShsOut": 85486000,
        "weightedAverageShsOutDil": 85486000,
        "link": "",
        "finalLink": ""
    },
    {
        "date": "1986-12-31",
        "symbol": "DLX",
        "reportedCurrency": "USD",
        "cik": "0000027996",
        "fillingDate": "1986-12-31",
        "acceptedDate": "1986-12-30 19:00:00",
        "calendarYear": "1986",
        "period": "Q4",
        "revenue": 224300000,
        "costOfRevenue": 0,
        "grossProfit": 224300000,
        "grossProfitRatio": 1,
        "researchAndDevelopmentExpenses": 0,
        "generalAndAdministrativeExpenses": 0,
        "sellingAndMarketingExpenses": 0,
        "sellingGeneralAndAdministrativeExpenses": 0,
        "otherExpenses": -651700000,
        "operatingExpenses": -651700000,
        "costAndExpenses": -651700000,
        "interestIncome": 0,
        "interestExpense": 0,
        "depreciationAndAmortization": 0,
        "ebitda": -427400000,
        "ebitdaratio": -1.9054837272,
        "operatingIncome": -427400000,
        "operatingIncomeRatio": -1.9054837272,
        "totalOtherIncomeExpensesNet": 427400000,
        "incomeBeforeTax": 0,
        "incomeBeforeTaxRatio": 0,
        "incomeTaxExpense": 0,
        "netIncome": 34100000,
        "netIncomeRatio": 0.1520285332,
        "eps": 0.4,
        "epsdiluted": 0.4,
        "weightedAverageShsOut": 85263000,
        "weightedAverageShsOutDil": 85611000,
        "link": "",
        "finalLink": ""
    },
    {
        "date": "1986-09-30",
        "symbol": "DLX",
        "reportedCurrency": "USD",
        "cik": "0000027996",
        "fillingDate": "1986-09-30",
        "acceptedDate": "1986-09-29 20:00:00",
        "calendarYear": "1986",
        "period": "Q3",
        "revenue": 218200000,
        "costOfRevenue": 0,
        "grossProfit": 218200000,
        "grossProfitRatio": 1,
        "researchAndDevelopmentExpenses": 0,
        "generalAndAdministrativeExpenses": 0,
        "sellingAndMarketingExpenses": 0,
        "sellingGeneralAndAdministrativeExpenses": 0,
        "otherExpenses": 0,
        "operatingExpenses": 0,
        "costAndExpenses": 0,
        "interestIncome": 0,
        "interestExpense": 0,
        "depreciationAndAmortization": 0,
        "ebitda": 218200000,
        "ebitdaratio": 1,
        "operatingIncome": 218200000,
        "operatingIncomeRatio": 1,
        "totalOtherIncomeExpensesNet": -218200000,
        "incomeBeforeTax": 0,
        "incomeBeforeTaxRatio": 0,
        "incomeTaxExpense": 0,
        "netIncome": 29900000,
        "netIncomeRatio": 0.1370302475,
        "eps": 0.35,
        "epsdiluted": 0.35,
        "weightedAverageShsOut": 85611000,
        "weightedAverageShsOutDil": 85611000,
        "link": "",
        "finalLink": ""
    },
    {
        "date": "1986-06-30",
        "symbol": "DLX",
        "reportedCurrency": "USD",
        "cik": "0000027996",
        "fillingDate": "1986-06-30",
        "acceptedDate": "1986-06-29 20:00:00",
        "calendarYear": "1986",
        "period": "Q2",
        "revenue": 213700000,
        "costOfRevenue": 0,
        "grossProfit": 213700000,
        "grossProfitRatio": 1,
        "researchAndDevelopmentExpenses": 0,
        "generalAndAdministrativeExpenses": 0,
        "sellingAndMarketingExpenses": 0,
        "sellingGeneralAndAdministrativeExpenses": 0,
        "otherExpenses": 0,
        "operatingExpenses": 0,
        "costAndExpenses": 0,
        "interestIncome": 0,
        "interestExpense": 0,
        "depreciationAndAmortization": 0,
        "ebitda": 213700000,
        "ebitdaratio": 1,
        "operatingIncome": 213700000,
        "operatingIncomeRatio": 1,
        "totalOtherIncomeExpensesNet": -213700000,
        "incomeBeforeTax": 0,
        "incomeBeforeTaxRatio": 0,
        "incomeTaxExpense": 0,
        "netIncome": 28700000,
        "netIncomeRatio": 0.1343004212,
        "eps": 0.34,
        "epsdiluted": 0.34,
        "weightedAverageShsOut": 85656000,
        "weightedAverageShsOutDil": 85656000,
        "link": "",
        "finalLink": ""
    },
    {
        "date": "1986-03-31",
        "symbol": "DLX",
        "reportedCurrency": "USD",
        "cik": "0000027996",
        "fillingDate": "1986-03-31",
        "acceptedDate": "1986-03-30 19:00:00",
        "calendarYear": "1986",
        "period": "Q1",
        "revenue": 210700000,
        "costOfRevenue": 0,
        "grossProfit": 210700000,
        "grossProfitRatio": 1,
        "researchAndDevelopmentExpenses": 0,
        "generalAndAdministrativeExpenses": 0,
        "sellingAndMarketingExpenses": 0,
        "sellingGeneralAndAdministrativeExpenses": 0,
        "otherExpenses": 0,
        "operatingExpenses": 0,
        "costAndExpenses": 0,
        "interestIncome": 0,
        "interestExpense": 0,
        "depreciationAndAmortization": 0,
        "ebitda": 210700000,
        "ebitdaratio": 1,
        "operatingIncome": 210700000,
        "operatingIncomeRatio": 1,
        "totalOtherIncomeExpensesNet": -210700000,
        "incomeBeforeTax": 0,
        "incomeBeforeTaxRatio": 0,
        "incomeTaxExpense": 0,
        "netIncome": 28400000,
        "netIncomeRatio": 0.1347887992,
        "eps": 0.33,
        "epsdiluted": 0.33,
        "weightedAverageShsOut": 85656000,
        "weightedAverageShsOutDil": 85656000,
        "link": "",
        "finalLink": ""
    },
    {
        "date": "1985-12-31",
        "symbol": "DLX",
        "reportedCurrency": "USD",
        "cik": "0000027996",
        "fillingDate": "1985-12-31",
        "acceptedDate": "1985-12-30 19:00:00",
        "calendarYear": "1985",
        "period": "Q4",
        "revenue": 202300000,
        "costOfRevenue": 0,
        "grossProfit": 202300000,
        "grossProfitRatio": 1,
        "researchAndDevelopmentExpenses": 0,
        "generalAndAdministrativeExpenses": 0,
        "sellingAndMarketingExpenses": 0,
        "sellingGeneralAndAdministrativeExpenses": 0,
        "otherExpenses": -584300000,
        "operatingExpenses": -584300000,
        "costAndExpenses": -584300000,
        "interestIncome": 0,
        "interestExpense": 0,
        "depreciationAndAmortization": 0,
        "ebitda": -382000000,
        "ebitdaratio": -1.8882847257,
        "operatingIncome": -382000000,
        "operatingIncomeRatio": -1.8882847257,
        "totalOtherIncomeExpensesNet": 382000000,
        "incomeBeforeTax": 0,
        "incomeBeforeTaxRatio": 0,
        "incomeTaxExpense": 0,
        "netIncome": 28600000,
        "netIncomeRatio": 0.1413741967,
        "eps": 0.34,
        "epsdiluted": 0.34,
        "weightedAverageShsOut": 85548000,
        "weightedAverageShsOutDil": 85990000,
        "link": "",
        "finalLink": ""
    },
    {
        "date": "1985-09-30",
        "symbol": "DLX",
        "reportedCurrency": "USD",
        "cik": "0000027996",
        "fillingDate": "1985-09-30",
        "acceptedDate": "1985-09-29 20:00:00",
        "calendarYear": "1985",
        "period": "Q3",
        "revenue": 193200000,
        "costOfRevenue": 0,
        "grossProfit": 193200000,
        "grossProfitRatio": 1,
        "researchAndDevelopmentExpenses": 0,
        "generalAndAdministrativeExpenses": 0,
        "sellingAndMarketingExpenses": 0,
        "sellingGeneralAndAdministrativeExpenses": 0,
        "otherExpenses": 0,
        "operatingExpenses": 0,
        "costAndExpenses": 0,
        "interestIncome": 0,
        "interestExpense": 0,
        "depreciationAndAmortization": 0,
        "ebitda": 193200000,
        "ebitdaratio": 1,
        "operatingIncome": 193200000,
        "operatingIncomeRatio": 1,
        "totalOtherIncomeExpensesNet": -193200000,
        "incomeBeforeTax": 0,
        "incomeBeforeTaxRatio": 0,
        "incomeTaxExpense": 0,
        "netIncome": 27500000,
        "netIncomeRatio": 0.1423395445,
        "eps": 0.32,
        "epsdiluted": 0.32,
        "weightedAverageShsOut": 85990000,
        "weightedAverageShsOutDil": 85990000,
        "link": "",
        "finalLink": ""
    }
]