[
    {
        "date": "2024-09-30",
        "symbol": "DM",
        "reportedCurrency": "USD",
        "cik": "0001754820",
        "fillingDate": "2024-10-31",
        "acceptedDate": "2024-10-31 07:00:49",
        "calendarYear": "2024",
        "period": "Q3",
        "revenue": 36405000,
        "costOfRevenue": 33244000,
        "grossProfit": 3161000,
        "grossProfitRatio": 0.0868287323,
        "researchAndDevelopmentExpenses": 11500000,
        "generalAndAdministrativeExpenses": 17330000,
        "sellingAndMarketingExpenses": 8053000,
        "sellingGeneralAndAdministrativeExpenses": 25383000,
        "otherExpenses": 0,
        "operatingExpenses": 36883000,
        "costAndExpenses": 70127000,
        "interestIncome": 228000,
        "interestExpense": 1690000,
        "depreciationAndAmortization": 7743000,
        "ebitda": -25639000,
        "ebitdaratio": -0.7042713913,
        "operatingIncome": -33722000,
        "operatingIncomeRatio": -0.9263013322,
        "totalOtherIncomeExpensesNet": -1462000,
        "incomeBeforeTax": -35184000,
        "incomeBeforeTaxRatio": -0.966460651,
        "incomeTaxExpense": 264000,
        "netIncome": -35448000,
        "netIncomeRatio": -0.9737124021,
        "eps": -1.07,
        "epsdiluted": -1.07,
        "weightedAverageShsOut": 33268919,
        "weightedAverageShsOutDil": 33268899,
        "link": "https://www.sec.gov/Archives/edgar/data/1754820/000155837024013999/0001558370-24-013999-index.htm",
        "finalLink": "https://www.sec.gov/Archives/edgar/data/1754820/000155837024013999/dm-20240930x10q.htm"
    },
    {
        "date": "2024-06-30",
        "symbol": "DM",
        "reportedCurrency": "USD",
        "cik": "0001754820",
        "fillingDate": "2024-07-30",
        "acceptedDate": "2024-07-30 16:53:15",
        "calendarYear": "2024",
        "period": "Q2",
        "revenue": 38932000,
        "costOfRevenue": 71121000,
        "grossProfit": -32189000,
        "grossProfitRatio": -0.8268005754,
        "researchAndDevelopmentExpenses": 17143000,
        "generalAndAdministrativeExpenses": 26193000,
        "sellingAndMarketingExpenses": 25802000,
        "sellingGeneralAndAdministrativeExpenses": 51995000,
        "otherExpenses": 0,
        "operatingExpenses": 69138000,
        "costAndExpenses": 140259000,
        "interestIncome": 0,
        "interestExpense": 1768000,
        "depreciationAndAmortization": 71831000,
        "ebitda": -29574000,
        "ebitdaratio": -0.7596321792,
        "operatingIncome": -101327000,
        "operatingIncomeRatio": -2.6026661872,
        "totalOtherIncomeExpensesNet": -1768000,
        "incomeBeforeTax": -103095000,
        "incomeBeforeTaxRatio": -2.6480787013,
        "incomeTaxExpense": -345000,
        "netIncome": -103440000,
        "netIncomeRatio": -2.6569403062,
        "eps": -3.13,
        "epsdiluted": -3.13,
        "weightedAverageShsOut": 33085262,
        "weightedAverageShsOutDil": 33085262,
        "link": "https://www.sec.gov/Archives/edgar/data/1754820/000155837024010394/0001558370-24-010394-index.htm",
        "finalLink": "https://www.sec.gov/Archives/edgar/data/1754820/000155837024010394/dm-20240630x10q.htm"
    },
    {
        "date": "2024-03-31",
        "symbol": "DM",
        "reportedCurrency": "USD",
        "cik": "0001754820",
        "fillingDate": "2024-05-09",
        "acceptedDate": "2024-05-09 06:02:12",
        "calendarYear": "2024",
        "period": "Q1",
        "revenue": 40600000,
        "costOfRevenue": 42806000,
        "grossProfit": -2206000,
        "grossProfitRatio": -0.0543349754,
        "researchAndDevelopmentExpenses": 19813000,
        "generalAndAdministrativeExpenses": 16217000,
        "sellingAndMarketingExpenses": 11153000,
        "sellingGeneralAndAdministrativeExpenses": 27370000,
        "otherExpenses": 0,
        "operatingExpenses": 45928000,
        "costAndExpenses": 88734000,
        "interestIncome": 0,
        "interestExpense": 2907000,
        "depreciationAndAmortization": 24147000,
        "ebitda": -26658000,
        "ebitdaratio": -0.6566009852,
        "operatingIncome": -48134000,
        "operatingIncomeRatio": -1.1855665025,
        "totalOtherIncomeExpensesNet": -2907000,
        "incomeBeforeTax": -52296000,
        "incomeBeforeTaxRatio": -1.2880788177,
        "incomeTaxExpense": -198000,
        "netIncome": -52098000,
        "netIncomeRatio": -1.2832019704,
        "eps": -1.6,
        "epsdiluted": -1.59,
        "weightedAverageShsOut": 32561270,
        "weightedAverageShsOutDil": 32712412,
        "link": "https://www.sec.gov/Archives/edgar/data/1754820/000155837024007450/0001558370-24-007450-index.htm",
        "finalLink": "https://www.sec.gov/Archives/edgar/data/1754820/000155837024007450/dm-20240331x10q.htm"
    },
    {
        "date": "2023-12-31",
        "symbol": "DM",
        "reportedCurrency": "USD",
        "cik": "0001754820",
        "fillingDate": "2024-03-15",
        "acceptedDate": "2024-03-15 16:12:10",
        "calendarYear": "2023",
        "period": "Q4",
        "revenue": 52346000,
        "costOfRevenue": 42056000,
        "grossProfit": 10290000,
        "grossProfitRatio": 0.1965766248,
        "researchAndDevelopmentExpenses": 17659000,
        "generalAndAdministrativeExpenses": 15599000,
        "sellingAndMarketingExpenses": 11738000,
        "sellingGeneralAndAdministrativeExpenses": 27337000,
        "otherExpenses": 0,
        "operatingExpenses": 40851000,
        "costAndExpenses": 82907000,
        "interestIncome": 0,
        "interestExpense": 1134000,
        "depreciationAndAmortization": 13520000,
        "ebitda": -162305000,
        "ebitdaratio": -3.1006189585,
        "operatingIncome": -30561000,
        "operatingIncomeRatio": -0.5838268445,
        "totalOtherIncomeExpensesNet": 308000,
        "incomeBeforeTax": -176959000,
        "incomeBeforeTaxRatio": -3.3805639399,
        "incomeTaxExpense": -2430000,
        "netIncome": -174529000,
        "netIncomeRatio": -3.3341420548,
        "eps": -5.37,
        "epsdiluted": -5.37,
        "weightedAverageShsOut": 32479998,
        "weightedAverageShsOutDil": 32479993,
        "link": "https://www.sec.gov/Archives/edgar/data/1754820/000155837024003411/0001558370-24-003411-index.htm",
        "finalLink": "https://www.sec.gov/Archives/edgar/data/1754820/000155837024003411/dm-20231231x10k.htm"
    },
    {
        "date": "2023-09-30",
        "symbol": "DM",
        "reportedCurrency": "USD",
        "cik": "0001754820",
        "fillingDate": "2023-11-09",
        "acceptedDate": "2023-11-09 06:02:47",
        "calendarYear": "2023",
        "period": "Q3",
        "revenue": 42750000,
        "costOfRevenue": 40826000,
        "grossProfit": 1924000,
        "grossProfitRatio": 0.045005848,
        "researchAndDevelopmentExpenses": 20455000,
        "generalAndAdministrativeExpenses": 9528000,
        "sellingAndMarketingExpenses": 8549000,
        "sellingGeneralAndAdministrativeExpenses": 18077000,
        "otherExpenses": 0,
        "operatingExpenses": 38532000,
        "costAndExpenses": 79358000,
        "interestIncome": 1045000,
        "interestExpense": 1394000,
        "depreciationAndAmortization": 13298000,
        "ebitda": -32171000,
        "ebitdaratio": -0.7525380117,
        "operatingIncome": -45120000,
        "operatingIncomeRatio": -1.0554385965,
        "totalOtherIncomeExpensesNet": -1394000,
        "incomeBeforeTax": -46514000,
        "incomeBeforeTaxRatio": -1.0880467836,
        "incomeTaxExpense": -141000,
        "netIncome": -46373000,
        "netIncomeRatio": -1.084748538,
        "eps": -1.43,
        "epsdiluted": -1.43,
        "weightedAverageShsOut": 32318764,
        "weightedAverageShsOutDil": 32318761,
        "link": "https://www.sec.gov/Archives/edgar/data/1754820/000155837023018398/0001558370-23-018398-index.htm",
        "finalLink": "https://www.sec.gov/Archives/edgar/data/1754820/000155837023018398/dm-20230930x10q.htm"
    },
    {
        "date": "2023-06-30",
        "symbol": "DM",
        "reportedCurrency": "USD",
        "cik": "0001754820",
        "fillingDate": "2023-08-03",
        "acceptedDate": "2023-08-03 16:08:56",
        "calendarYear": "2023",
        "period": "Q2",
        "revenue": 53286000,
        "costOfRevenue": 47197000,
        "grossProfit": 6089000,
        "grossProfitRatio": 0.1142701648,
        "researchAndDevelopmentExpenses": 21223000,
        "generalAndAdministrativeExpenses": 22944000,
        "sellingAndMarketingExpenses": 10440000,
        "sellingGeneralAndAdministrativeExpenses": 33384000,
        "otherExpenses": 0,
        "operatingExpenses": 54607000,
        "costAndExpenses": 101804000,
        "interestIncome": 0,
        "interestExpense": 1187000,
        "depreciationAndAmortization": 13457000,
        "ebitda": -35139000,
        "ebitdaratio": -0.6594415043,
        "operatingIncome": -48518000,
        "operatingIncomeRatio": -0.910520587,
        "totalOtherIncomeExpensesNet": -1187000,
        "incomeBeforeTax": -49705000,
        "incomeBeforeTaxRatio": -0.932796607,
        "incomeTaxExpense": 23000,
        "netIncome": -49728000,
        "netIncomeRatio": -0.9332282401,
        "eps": -1.55,
        "epsdiluted": -1.55,
        "weightedAverageShsOut": 32165588,
        "weightedAverageShsOutDil": 32165582,
        "link": "https://www.sec.gov/Archives/edgar/data/1754820/000155837023013220/0001558370-23-013220-index.htm",
        "finalLink": "https://www.sec.gov/Archives/edgar/data/1754820/000155837023013220/dm-20230630x10q.htm"
    },
    {
        "date": "2023-03-31",
        "symbol": "DM",
        "reportedCurrency": "USD",
        "cik": "0001754820",
        "fillingDate": "2023-05-10",
        "acceptedDate": "2023-05-10 16:10:24",
        "calendarYear": "2023",
        "period": "Q1",
        "revenue": 41316000,
        "costOfRevenue": 42680000,
        "grossProfit": -1364000,
        "grossProfitRatio": -0.0330138445,
        "researchAndDevelopmentExpenses": 23144000,
        "generalAndAdministrativeExpenses": 18202000,
        "sellingAndMarketingExpenses": 9607000,
        "sellingGeneralAndAdministrativeExpenses": 27809000,
        "otherExpenses": 0,
        "operatingExpenses": 50953000,
        "costAndExpenses": 93633000,
        "interestIncome": 482000,
        "interestExpense": 882000,
        "depreciationAndAmortization": 13442000,
        "ebitda": -38946000,
        "ebitdaratio": -0.942637235,
        "operatingIncome": -52317000,
        "operatingIncomeRatio": -1.2662648853,
        "totalOtherIncomeExpensesNet": -882000,
        "incomeBeforeTax": -53199000,
        "incomeBeforeTaxRatio": -1.2876125472,
        "incomeTaxExpense": -557000,
        "netIncome": -52642000,
        "netIncomeRatio": -1.2741310872,
        "eps": -1.65,
        "epsdiluted": -1.65,
        "weightedAverageShsOut": 31909580,
        "weightedAverageShsOutDil": 31909566,
        "link": "https://www.sec.gov/Archives/edgar/data/1754820/000155837023009104/0001558370-23-009104-index.htm",
        "finalLink": "https://www.sec.gov/Archives/edgar/data/1754820/000155837023009104/dm-20230331x10q.htm"
    },
    {
        "date": "2022-12-31",
        "symbol": "DM",
        "reportedCurrency": "USD",
        "cik": "0001754820",
        "fillingDate": "2023-03-01",
        "acceptedDate": "2023-03-01 16:08:08",
        "calendarYear": "2022",
        "period": "Q4",
        "revenue": 60557000,
        "costOfRevenue": 52246000,
        "grossProfit": 8311000,
        "grossProfitRatio": 0.1372425979,
        "researchAndDevelopmentExpenses": 18521000,
        "generalAndAdministrativeExpenses": 20593000,
        "sellingAndMarketingExpenses": 11792000,
        "sellingGeneralAndAdministrativeExpenses": 32385000,
        "otherExpenses": 0,
        "operatingExpenses": 50906000,
        "costAndExpenses": 103152000,
        "interestIncome": 0,
        "interestExpense": 354000,
        "depreciationAndAmortization": 12940000,
        "ebitda": -298847000,
        "ebitdaratio": -4.9349703585,
        "operatingIncome": -42595000,
        "operatingIncomeRatio": -0.7033868917,
        "totalOtherIncomeExpensesNet": -354000,
        "incomeBeforeTax": -312249000,
        "incomeBeforeTaxRatio": -5.1562825107,
        "incomeTaxExpense": 104000,
        "netIncome": -312353000,
        "netIncomeRatio": -5.1579999009,
        "eps": -9.84,
        "epsdiluted": -9.84,
        "weightedAverageShsOut": 31756290,
        "weightedAverageShsOutDil": 31756290,
        "link": "https://www.sec.gov/Archives/edgar/data/1754820/000155837023002567/0001558370-23-002567-index.htm",
        "finalLink": "https://www.sec.gov/Archives/edgar/data/1754820/000155837023002567/dm-20221231x10k.htm"
    },
    {
        "date": "2022-09-30",
        "symbol": "DM",
        "reportedCurrency": "USD",
        "cik": "0001754820",
        "fillingDate": "2022-11-09",
        "acceptedDate": "2022-11-09 16:12:24",
        "calendarYear": "2022",
        "period": "Q3",
        "revenue": 47086000,
        "costOfRevenue": 47395000,
        "grossProfit": -309000,
        "grossProfitRatio": -0.0065624602,
        "researchAndDevelopmentExpenses": 22382000,
        "generalAndAdministrativeExpenses": 18924000,
        "sellingAndMarketingExpenses": 16204000,
        "sellingGeneralAndAdministrativeExpenses": 35128000,
        "otherExpenses": 0,
        "operatingExpenses": 57510000,
        "costAndExpenses": 104905000,
        "interestIncome": 680000,
        "interestExpense": 2357000,
        "depreciationAndAmortization": 12169000,
        "ebitda": -47327000,
        "ebitdaratio": -1.0051182942,
        "operatingIncome": -57819000,
        "operatingIncomeRatio": -1.227944612,
        "totalOtherIncomeExpensesNet": -2357000,
        "incomeBeforeTax": -60176000,
        "incomeBeforeTaxRatio": -1.2780019539,
        "incomeTaxExpense": 598000,
        "netIncome": -60774000,
        "netIncomeRatio": -1.2907021195,
        "eps": -1.92,
        "epsdiluted": -1.92,
        "weightedAverageShsOut": 31600786,
        "weightedAverageShsOutDil": 31600772,
        "link": "https://www.sec.gov/Archives/edgar/data/1754820/000155837022017154/0001558370-22-017154-index.htm",
        "finalLink": "https://www.sec.gov/Archives/edgar/data/1754820/000155837022017154/dm-20220930x10q.htm"
    },
    {
        "date": "2022-06-30",
        "symbol": "DM",
        "reportedCurrency": "USD",
        "cik": "0001754820",
        "fillingDate": "2022-08-08",
        "acceptedDate": "2022-08-08 16:07:22",
        "calendarYear": "2022",
        "period": "Q2",
        "revenue": 57674000,
        "costOfRevenue": 49277000,
        "grossProfit": 8397000,
        "grossProfitRatio": 0.1455942019,
        "researchAndDevelopmentExpenses": 31370000,
        "generalAndAdministrativeExpenses": 19691000,
        "sellingAndMarketingExpenses": 20406000,
        "sellingGeneralAndAdministrativeExpenses": 40097000,
        "otherExpenses": 0,
        "operatingExpenses": 71467000,
        "costAndExpenses": 120744000,
        "interestIncome": 0,
        "interestExpense": 5646000,
        "depreciationAndAmortization": 12769000,
        "ebitda": -284814000,
        "ebitdaratio": -4.9383431009,
        "operatingIncome": -292570000,
        "operatingIncomeRatio": -5.0728231092,
        "totalOtherIncomeExpensesNet": -5646000,
        "incomeBeforeTax": -298216000,
        "incomeBeforeTaxRatio": -5.1707181746,
        "incomeTaxExpense": -944000,
        "netIncome": -297272000,
        "netIncomeRatio": -5.1543503138,
        "eps": -9.48,
        "epsdiluted": -9.48,
        "weightedAverageShsOut": 31355689,
        "weightedAverageShsOutDil": 31355689,
        "link": "https://www.sec.gov/Archives/edgar/data/1754820/000155837022012615/0001558370-22-012615-index.htm",
        "finalLink": "https://www.sec.gov/Archives/edgar/data/1754820/000155837022012615/dm-20220630x10q.htm"
    },
    {
        "date": "2022-03-31",
        "symbol": "DM",
        "reportedCurrency": "USD",
        "cik": "0001754820",
        "fillingDate": "2022-05-10",
        "acceptedDate": "2022-05-10 07:35:03",
        "calendarYear": "2022",
        "period": "Q1",
        "revenue": 43706000,
        "costOfRevenue": 45034000,
        "grossProfit": -1328000,
        "grossProfitRatio": -0.0303848442,
        "researchAndDevelopmentExpenses": 24605000,
        "generalAndAdministrativeExpenses": 23857000,
        "sellingAndMarketingExpenses": 19689000,
        "sellingGeneralAndAdministrativeExpenses": 43546000,
        "otherExpenses": 0,
        "operatingExpenses": 68151000,
        "costAndExpenses": 113185000,
        "interestIncome": 32000,
        "interestExpense": 1753000,
        "depreciationAndAmortization": 12884000,
        "ebitda": -58316000,
        "ebitdaratio": -1.3342790464,
        "operatingIncome": -69479000,
        "operatingIncomeRatio": -1.5896902027,
        "totalOtherIncomeExpensesNet": -1721000,
        "incomeBeforeTax": -71200000,
        "incomeBeforeTaxRatio": -1.6290669473,
        "incomeTaxExpense": -1256000,
        "netIncome": -69944000,
        "netIncomeRatio": -1.6003294742,
        "eps": -2.24,
        "epsdiluted": -2.24,
        "weightedAverageShsOut": 31201668,
        "weightedAverageShsOutDil": 31201663,
        "link": "https://www.sec.gov/Archives/edgar/data/1754820/000155837022007975/0001558370-22-007975-index.htm",
        "finalLink": "https://www.sec.gov/Archives/edgar/data/1754820/000155837022007975/dm-20220331x10q.htm"
    },
    {
        "date": "2021-12-31",
        "symbol": "DM",
        "reportedCurrency": "USD",
        "cik": "0001754820",
        "fillingDate": "2022-03-15",
        "acceptedDate": "2022-03-15 16:50:05",
        "calendarYear": "2021",
        "period": "Q4",
        "revenue": 56680000,
        "costOfRevenue": 44127000,
        "grossProfit": 12553000,
        "grossProfitRatio": 0.2214714185,
        "researchAndDevelopmentExpenses": 22311000,
        "generalAndAdministrativeExpenses": 31220000,
        "sellingAndMarketingExpenses": 18428000,
        "sellingGeneralAndAdministrativeExpenses": 49648000,
        "otherExpenses": 0,
        "operatingExpenses": 71959000,
        "costAndExpenses": 116086000,
        "interestIncome": 0,
        "interestExpense": 11834000,
        "depreciationAndAmortization": 10615000,
        "ebitda": -57447000,
        "ebitdaratio": -1.0135321101,
        "operatingIncome": -59406000,
        "operatingIncomeRatio": -1.048094566,
        "totalOtherIncomeExpensesNet": -8668000,
        "incomeBeforeTax": -68074000,
        "incomeBeforeTaxRatio": -1.2010232886,
        "incomeTaxExpense": 3093000,
        "netIncome": -71167000,
        "netIncomeRatio": -1.2555928017,
        "eps": -2.47,
        "epsdiluted": -2.47,
        "weightedAverageShsOut": 28867714,
        "weightedAverageShsOutDil": 28867708,
        "link": "https://www.sec.gov/Archives/edgar/data/1754820/000155837022003681/0001558370-22-003681-index.htm",
        "finalLink": "https://www.sec.gov/Archives/edgar/data/1754820/000155837022003681/dm-20211231x10k.htm"
    },
    {
        "date": "2021-09-30",
        "symbol": "DM",
        "reportedCurrency": "USD",
        "cik": "0001754820",
        "fillingDate": "2021-11-15",
        "acceptedDate": "2021-11-15 16:30:26",
        "calendarYear": "2021",
        "period": "Q3",
        "revenue": 25438000,
        "costOfRevenue": 21483000,
        "grossProfit": 3955000,
        "grossProfitRatio": 0.1554760594,
        "researchAndDevelopmentExpenses": 19311000,
        "generalAndAdministrativeExpenses": 19833000,
        "sellingAndMarketingExpenses": 13224000,
        "sellingGeneralAndAdministrativeExpenses": 33057000,
        "otherExpenses": 0,
        "operatingExpenses": 52368000,
        "costAndExpenses": 73851000,
        "interestIncome": 0,
        "interestExpense": 3808000,
        "depreciationAndAmortization": 6000000,
        "ebitda": -61390000,
        "ebitdaratio": -2.4133186571,
        "operatingIncome": -63594000,
        "operatingIncomeRatio": -2.4999606887,
        "totalOtherIncomeExpensesNet": -3808000,
        "incomeBeforeTax": -67402000,
        "incomeBeforeTaxRatio": -2.649657992,
        "incomeTaxExpense": -523000,
        "netIncome": -66879000,
        "netIncomeRatio": -2.6290981995,
        "eps": -2.57,
        "epsdiluted": -2.57,
        "weightedAverageShsOut": 26055572,
        "weightedAverageShsOutDil": 26055566,
        "link": "https://www.sec.gov/Archives/edgar/data/1754820/000155837021016006/0001558370-21-016006-index.htm",
        "finalLink": "https://www.sec.gov/Archives/edgar/data/1754820/000155837021016006/dm-20210930x10q.htm"
    },
    {
        "date": "2021-06-30",
        "symbol": "DM",
        "reportedCurrency": "USD",
        "cik": "0001754820",
        "fillingDate": "2021-08-11",
        "acceptedDate": "2021-08-11 16:46:41",
        "calendarYear": "2021",
        "period": "Q2",
        "revenue": 18977000,
        "costOfRevenue": 16605000,
        "grossProfit": 2372000,
        "grossProfitRatio": 0.1249934131,
        "researchAndDevelopmentExpenses": 15651000,
        "generalAndAdministrativeExpenses": 13142000,
        "sellingAndMarketingExpenses": 10894000,
        "sellingGeneralAndAdministrativeExpenses": 24036000,
        "otherExpenses": 0,
        "operatingExpenses": 39687000,
        "costAndExpenses": 56292000,
        "interestIncome": 268000,
        "interestExpense": 51000,
        "depreciationAndAmortization": 5600000,
        "ebitda": -41847000,
        "ebitdaratio": -2.2051430679,
        "operatingIncome": -47715000,
        "operatingIncomeRatio": -2.5143594878,
        "totalOtherIncomeExpensesNet": 217000,
        "incomeBeforeTax": -47498000,
        "incomeBeforeTaxRatio": -2.5029245929,
        "incomeTaxExpense": -4318000,
        "netIncome": -43180000,
        "netIncomeRatio": -2.2753859936,
        "eps": -1.7,
        "epsdiluted": -1.69,
        "weightedAverageShsOut": 25400000,
        "weightedAverageShsOutDil": 25509791,
        "link": "https://www.sec.gov/Archives/edgar/data/1754820/000155837021011316/0001558370-21-011316-index.htm",
        "finalLink": "https://www.sec.gov/Archives/edgar/data/1754820/000155837021011316/dm-20210630x10q.htm"
    },
    {
        "date": "2021-03-31",
        "symbol": "DM",
        "reportedCurrency": "USD",
        "cik": "0001754820",
        "fillingDate": "2021-05-17",
        "acceptedDate": "2021-05-17 16:06:46",
        "calendarYear": "2021",
        "period": "Q1",
        "revenue": 11313000,
        "costOfRevenue": 11900000,
        "grossProfit": -587000,
        "grossProfitRatio": -0.0518872094,
        "researchAndDevelopmentExpenses": 10858000,
        "generalAndAdministrativeExpenses": 13846000,
        "sellingAndMarketingExpenses": 5449000,
        "sellingGeneralAndAdministrativeExpenses": 19295000,
        "otherExpenses": 72000,
        "operatingExpenses": 30153000,
        "costAndExpenses": 42053000,
        "interestIncome": 361000,
        "interestExpense": 73000,
        "depreciationAndAmortization": 3800000,
        "ebitda": -83155000,
        "ebitdaratio": -7.3503933528,
        "operatingIncome": -30740000,
        "operatingIncomeRatio": -2.7172279678,
        "totalOtherIncomeExpensesNet": -56288000,
        "incomeBeforeTax": -87028000,
        "incomeBeforeTaxRatio": -7.6927428622,
        "incomeTaxExpense": -27920000,
        "netIncome": -59108000,
        "netIncomeRatio": -5.2247856448,
        "eps": -2.48,
        "epsdiluted": -2.48,
        "weightedAverageShsOut": 23824379,
        "weightedAverageShsOutDil": 23824378,
        "link": "https://www.sec.gov/Archives/edgar/data/1754820/000155837021007394/0001558370-21-007394-index.htm",
        "finalLink": "https://www.sec.gov/Archives/edgar/data/1754820/000155837021007394/dm-20210331x10q.htm"
    },
    {
        "date": "2020-12-31",
        "symbol": "DM",
        "reportedCurrency": "USD",
        "cik": "0001754820",
        "fillingDate": "2021-03-15",
        "acceptedDate": "2021-03-15 07:33:37",
        "calendarYear": "2020",
        "period": "Q4",
        "revenue": 8369000,
        "costOfRevenue": 10009000,
        "grossProfit": -1640000,
        "grossProfitRatio": -0.1959612857,
        "researchAndDevelopmentExpenses": 11774000,
        "generalAndAdministrativeExpenses": 9730000,
        "sellingAndMarketingExpenses": 3142000,
        "sellingGeneralAndAdministrativeExpenses": 12872000,
        "otherExpenses": 0,
        "operatingExpenses": 24646000,
        "costAndExpenses": 34655000,
        "interestIncome": 16000,
        "interestExpense": 75000,
        "depreciationAndAmortization": 2064000,
        "ebitda": -24222000,
        "ebitdaratio": -2.8942525989,
        "operatingIncome": -26286000,
        "operatingIncomeRatio": -3.1408770462,
        "totalOtherIncomeExpensesNet": -59000,
        "incomeBeforeTax": -26345000,
        "incomeBeforeTaxRatio": -3.147926873,
        "incomeTaxExpense": -940000,
        "netIncome": -25405000,
        "netIncomeRatio": -3.0356075995,
        "eps": -1.62,
        "epsdiluted": -1.62,
        "weightedAverageShsOut": 15726158,
        "weightedAverageShsOutDil": 15726151,
        "link": "https://www.sec.gov/Archives/edgar/data/1754820/000155837021002963/0001558370-21-002963-index.htm",
        "finalLink": "https://www.sec.gov/Archives/edgar/data/1754820/000155837021002963/tmb-20201231x10k.htm"
    },
    {
        "date": "2020-09-30",
        "symbol": "DM",
        "reportedCurrency": "USD",
        "cik": "0001754820",
        "fillingDate": "2020-11-16",
        "acceptedDate": "2020-11-16 17:26:09",
        "calendarYear": "2020",
        "period": "Q3",
        "revenue": 2527000,
        "costOfRevenue": 4828000,
        "grossProfit": -2301000,
        "grossProfitRatio": -0.9105658884,
        "researchAndDevelopmentExpenses": 9195000,
        "generalAndAdministrativeExpenses": 5415000,
        "sellingAndMarketingExpenses": 2542000,
        "sellingGeneralAndAdministrativeExpenses": 7957000,
        "otherExpenses": 0,
        "operatingExpenses": 17152000,
        "costAndExpenses": 21980000,
        "interestIncome": 94000,
        "interestExpense": 98000,
        "depreciationAndAmortization": 2050000,
        "ebitda": -17403000,
        "ebitdaratio": -6.886822319,
        "operatingIncome": -19453000,
        "operatingIncomeRatio": -7.6980609418,
        "totalOtherIncomeExpensesNet": -4000,
        "incomeBeforeTax": -19457000,
        "incomeBeforeTaxRatio": -7.6996438465,
        "incomeTaxExpense": 51898,
        "netIncome": -19457000,
        "netIncomeRatio": -7.6996438465,
        "eps": -1.22,
        "epsdiluted": -1.22,
        "weightedAverageShsOut": 15996836,
        "weightedAverageShsOutDil": 15996830,
        "link": "https://www.sec.gov/Archives/edgar/data/1754820/000121390020037462/0001213900-20-037462-index.htm",
        "finalLink": "https://www.sec.gov/Archives/edgar/data/1754820/000121390020037462/f10q0920_trineacquisition.htm"
    },
    {
        "date": "2020-06-30",
        "symbol": "DM",
        "reportedCurrency": "USD",
        "cik": "0001754820",
        "fillingDate": "2020-08-11",
        "acceptedDate": "2020-08-11 16:03:48",
        "calendarYear": "2020",
        "period": "Q2",
        "revenue": 2189000,
        "costOfRevenue": 10478000,
        "grossProfit": -8289000,
        "grossProfitRatio": -3.7866605756,
        "researchAndDevelopmentExpenses": 9827000,
        "generalAndAdministrativeExpenses": 2964000,
        "sellingAndMarketingExpenses": 2958000,
        "sellingGeneralAndAdministrativeExpenses": 5922000,
        "otherExpenses": 0,
        "operatingExpenses": 15749000,
        "costAndExpenses": 26227000,
        "interestIncome": 323000,
        "interestExpense": 51000,
        "depreciationAndAmortization": 2154000,
        "ebitda": -21415000,
        "ebitdaratio": -9.7830059388,
        "operatingIncome": -24038000,
        "operatingIncomeRatio": -10.9812699863,
        "totalOtherIncomeExpensesNet": 272000,
        "incomeBeforeTax": -23766000,
        "incomeBeforeTaxRatio": -10.8570123344,
        "incomeTaxExpense": 47910,
        "netIncome": -23766000,
        "netIncomeRatio": -10.8570123344,
        "eps": -1.5,
        "epsdiluted": -1.5,
        "weightedAverageShsOut": 15812417,
        "weightedAverageShsOutDil": 15812416,
        "link": "https://www.sec.gov/Archives/edgar/data/1754820/000121390020021398/0001213900-20-021398-index.htm",
        "finalLink": "https://www.sec.gov/Archives/edgar/data/1754820/000121390020021398/f10q0620_trineacquisition.htm"
    },
    {
        "date": "2020-03-31",
        "symbol": "DM",
        "reportedCurrency": "USD",
        "cik": "0001754820",
        "fillingDate": "2020-05-13",
        "acceptedDate": "2020-05-12 17:34:20",
        "calendarYear": "2020",
        "period": "Q1",
        "revenue": 3385000,
        "costOfRevenue": 6204000,
        "grossProfit": -2819000,
        "grossProfitRatio": -0.8327917282,
        "researchAndDevelopmentExpenses": 12340000,
        "generalAndAdministrativeExpenses": 2625000,
        "sellingAndMarketingExpenses": 4494000,
        "sellingGeneralAndAdministrativeExpenses": 7119000,
        "otherExpenses": 0,
        "operatingExpenses": 19459000,
        "costAndExpenses": 25663000,
        "interestIncome": 578000,
        "interestExpense": 104000,
        "depreciationAndAmortization": 2321000,
        "ebitda": -19957000,
        "ebitdaratio": -5.8957163959,
        "operatingIncome": -22278000,
        "operatingIncomeRatio": -6.5813884786,
        "totalOtherIncomeExpensesNet": 474000,
        "incomeBeforeTax": -21804000,
        "incomeBeforeTaxRatio": -6.4413589365,
        "incomeTaxExpense": -64153,
        "netIncome": -21804000,
        "netIncomeRatio": -6.4413589365,
        "eps": -1.4,
        "epsdiluted": -1.4,
        "weightedAverageShsOut": 15625000,
        "weightedAverageShsOutDil": 15625000,
        "link": "https://www.sec.gov/Archives/edgar/data/1754820/000121390020011874/0001213900-20-011874-index.htm",
        "finalLink": "https://www.sec.gov/Archives/edgar/data/1754820/000121390020011874/f10q0320_trineacquisition.htm"
    },
    {
        "date": "2019-12-31",
        "symbol": "DM",
        "reportedCurrency": "USD",
        "cik": "0001754820",
        "fillingDate": "2020-03-26",
        "acceptedDate": "2020-03-26 17:29:57",
        "calendarYear": "2019",
        "period": "Q4",
        "revenue": 5563000,
        "costOfRevenue": 912369,
        "grossProfit": 4650631,
        "grossProfitRatio": 0.8359933489,
        "researchAndDevelopmentExpenses": 13833000,
        "generalAndAdministrativeExpenses": 2793000,
        "sellingAndMarketingExpenses": 4822000,
        "sellingGeneralAndAdministrativeExpenses": 7615000,
        "otherExpenses": 0,
        "operatingExpenses": -1856857,
        "costAndExpenses": -944488,
        "interestIncome": 1576568,
        "interestExpense": 0,
        "depreciationAndAmortization": 2196000,
        "ebitda": -870948,
        "ebitdaratio": -0.1565608485,
        "operatingIncome": -870948,
        "operatingIncomeRatio": -0.1565608485,
        "totalOtherIncomeExpensesNet": 1728150,
        "incomeBeforeTax": 857202,
        "incomeBeforeTaxRatio": 0.1540898796,
        "incomeTaxExpense": -181563,
        "netIncome": 675639,
        "netIncomeRatio": 0.121452274,
        "eps": 0.0441,
        "epsdiluted": 0.0441,
        "weightedAverageShsOut": 15312601,
        "weightedAverageShsOutDil": 15312600,
        "link": "https://www.sec.gov/Archives/edgar/data/1754820/000121390020007541/0001213900-20-007541-index.htm",
        "finalLink": "https://www.sec.gov/Archives/edgar/data/1754820/000121390020007541/f10k2019_trineacquisition.htm"
    },
    {
        "date": "2019-09-30",
        "symbol": "DM",
        "reportedCurrency": "USD",
        "cik": "0001754820",
        "fillingDate": "2019-11-08",
        "acceptedDate": "2019-11-08 17:06:14",
        "calendarYear": "2019",
        "period": "Q3",
        "revenue": 8795000,
        "costOfRevenue": 510526,
        "grossProfit": 8284474,
        "grossProfitRatio": 0.9419527004,
        "researchAndDevelopmentExpenses": 13949000,
        "generalAndAdministrativeExpenses": 2791000,
        "sellingAndMarketingExpenses": 3994000,
        "sellingGeneralAndAdministrativeExpenses": 6785000,
        "otherExpenses": 0,
        "operatingExpenses": 19202000,
        "costAndExpenses": 510526,
        "interestIncome": 1754117,
        "interestExpense": 0,
        "depreciationAndAmortization": 2071000,
        "ebitda": -24218000,
        "ebitdaratio": -2.7536100057,
        "operatingIncome": -510526,
        "operatingIncomeRatio": -0.0580472996,
        "totalOtherIncomeExpensesNet": 1576039,
        "incomeBeforeTax": 1065513,
        "incomeBeforeTaxRatio": 0.1211498579,
        "incomeTaxExpense": -223758,
        "netIncome": 841755,
        "netIncomeRatio": 0.095708357,
        "eps": 0.34,
        "epsdiluted": 0.34,
        "weightedAverageShsOut": 2459700,
        "weightedAverageShsOutDil": 2459700,
        "link": "https://www.sec.gov/Archives/edgar/data/1754820/000121390019022603/0001213900-19-022603-index.htm",
        "finalLink": "https://www.sec.gov/Archives/edgar/data/1754820/000121390019022603/f10q0919_trineacquisition.htm"
    },
    {
        "date": "2019-06-30",
        "symbol": "DM",
        "reportedCurrency": "USD",
        "cik": "0001754820",
        "fillingDate": "2019-08-09",
        "acceptedDate": "2019-08-09 16:10:29",
        "calendarYear": "2019",
        "period": "Q2",
        "revenue": 6040500,
        "costOfRevenue": 433962,
        "grossProfit": 5606538,
        "grossProfitRatio": 0.9281579339,
        "researchAndDevelopmentExpenses": 13437000,
        "generalAndAdministrativeExpenses": 2749500,
        "sellingAndMarketingExpenses": 4966500,
        "sellingGeneralAndAdministrativeExpenses": 7716000,
        "otherExpenses": 0,
        "operatingExpenses": 21118000,
        "costAndExpenses": 433962,
        "interestIncome": 1811455,
        "interestExpense": 0,
        "depreciationAndAmortization": 1791500,
        "ebitda": -25305000,
        "ebitdaratio": -4.1892227465,
        "operatingIncome": -433962,
        "operatingIncomeRatio": -0.0718420661,
        "totalOtherIncomeExpensesNet": 2007735,
        "incomeBeforeTax": 1573773,
        "incomeBeforeTaxRatio": 0.2605368761,
        "incomeTaxExpense": -320714,
        "netIncome": 1253059,
        "netIncomeRatio": 0.2074429269,
        "eps": 0.59,
        "epsdiluted": 0.59,
        "weightedAverageShsOut": 2129400,
        "weightedAverageShsOutDil": 2129400,
        "link": "https://www.sec.gov/Archives/edgar/data/1754820/000121390019015141/0001213900-19-015141-index.htm",
        "finalLink": "https://www.sec.gov/Archives/edgar/data/1754820/000121390019015141/f10q0619_trineacquisition.htm"
    },
    {
        "date": "2019-03-31",
        "symbol": "DM",
        "reportedCurrency": "USD",
        "cik": "0001754820",
        "fillingDate": "2019-05-08",
        "acceptedDate": "2019-05-08 17:19:21",
        "calendarYear": "2019",
        "period": "Q1",
        "revenue": 6040500,
        "costOfRevenue": 12019000,
        "grossProfit": -5978500,
        "grossProfitRatio": -0.989735949,
        "researchAndDevelopmentExpenses": 13437000,
        "generalAndAdministrativeExpenses": 2749500,
        "sellingAndMarketingExpenses": 4966500,
        "sellingGeneralAndAdministrativeExpenses": 7716000,
        "otherExpenses": -41421,
        "operatingExpenses": -41421,
        "costAndExpenses": -41421,
        "interestIncome": 0,
        "interestExpense": 0,
        "depreciationAndAmortization": 1791500,
        "ebitda": -25305000,
        "ebitdaratio": -4.1892227465,
        "operatingIncome": -41421,
        "operatingIncomeRatio": -0.0068572138,
        "totalOtherIncomeExpensesNet": 13611658,
        "incomeBeforeTax": -41421,
        "incomeBeforeTaxRatio": -0.0068572138,
        "incomeTaxExpense": -631500,
        "netIncome": -41421,
        "netIncomeRatio": -0.0068572138,
        "eps": -0.0195,
        "epsdiluted": -0.0195,
        "weightedAverageShsOut": 2129400,
        "weightedAverageShsOutDil": 2129400,
        "link": "https://www.sec.gov/Archives/edgar/data/1754820/000121390019008087/0001213900-19-008087-index.htm",
        "finalLink": "https://www.sec.gov/Archives/edgar/data/1754820/000121390019008087/f10q0319_trineacquisition.htm"
    }
]