[
    {
        "date": "2025-06-30",
        "symbol": "DNA",
        "reportedCurrency": "USD",
        "cik": "0001830214",
        "fillingDate": "2025-08-07",
        "acceptedDate": "2025-08-07 17:05:04",
        "calendarYear": "2025",
        "period": "Q2",
        "revenue": 49604000,
        "costOfRevenue": 9442000,
        "grossProfit": 40162000,
        "grossProfitRatio": 0.8096524474,
        "researchAndDevelopmentExpenses": 53370000,
        "generalAndAdministrativeExpenses": 43279000,
        "sellingAndMarketingExpenses": 0,
        "sellingGeneralAndAdministrativeExpenses": 43279000,
        "otherExpenses": 9054000,
        "operatingExpenses": 105703000,
        "costAndExpenses": 115145000,
        "interestIncome": 6083000,
        "interestExpense": 0,
        "depreciationAndAmortization": 15793000,
        "ebitda": -65541000,
        "ebitdaratio": -1.3212845738,
        "operatingIncome": -65541000,
        "operatingIncomeRatio": -1.3212845738,
        "totalOtherIncomeExpensesNet": 4958000,
        "incomeBeforeTax": -60583000,
        "incomeBeforeTaxRatio": -1.221332957,
        "incomeTaxExpense": -283000,
        "netIncome": -60300000,
        "netIncomeRatio": -1.215627772,
        "eps": -1.1,
        "epsdiluted": -1.1,
        "weightedAverageShsOut": 54858982,
        "weightedAverageShsOutDil": 54858982,
        "link": "https://www.sec.gov/Archives/edgar/data/1830214/000162828025038982/0001628280-25-038982-index.htm",
        "finalLink": "https://www.sec.gov/Archives/edgar/data/1830214/000162828025038982/dna-20250630.htm"
    },
    {
        "date": "2025-03-31",
        "symbol": "DNA",
        "reportedCurrency": "USD",
        "cik": "0001830214",
        "fillingDate": "2025-05-06",
        "acceptedDate": "2025-05-06 17:04:29",
        "calendarYear": "2025",
        "period": "Q1",
        "revenue": 48318000,
        "costOfRevenue": 12047000,
        "grossProfit": 36271000,
        "grossProfitRatio": 0.7506726272,
        "researchAndDevelopmentExpenses": 70923000,
        "generalAndAdministrativeExpenses": 49043000,
        "sellingAndMarketingExpenses": 0,
        "sellingGeneralAndAdministrativeExpenses": 49043000,
        "otherExpenses": 5273000,
        "operatingExpenses": 125239000,
        "costAndExpenses": 137286000,
        "interestIncome": 6081000,
        "interestExpense": 0,
        "depreciationAndAmortization": 15366000,
        "ebitda": -68329000,
        "ebitdaratio": -1.4141520758,
        "operatingIncome": -88968000,
        "operatingIncomeRatio": -1.8413013784,
        "totalOtherIncomeExpensesNet": -1901000,
        "incomeBeforeTax": -90869000,
        "incomeBeforeTaxRatio": -1.8806448942,
        "incomeTaxExpense": 88000,
        "netIncome": -90957000,
        "netIncomeRatio": -1.8824661617,
        "eps": -1.68,
        "epsdiluted": -1.68,
        "weightedAverageShsOut": 54241619,
        "weightedAverageShsOutDil": 54241619,
        "link": "https://www.sec.gov/Archives/edgar/data/1830214/000162828025022761/0001628280-25-022761-index.htm",
        "finalLink": "https://www.sec.gov/Archives/edgar/data/1830214/000162828025022761/dna-20250331.htm"
    },
    {
        "date": "2024-12-31",
        "symbol": "DNA",
        "reportedCurrency": "USD",
        "cik": "0001830214",
        "fillingDate": "2025-02-25",
        "acceptedDate": "2025-02-25 17:05:21",
        "calendarYear": "2024",
        "period": "Q4",
        "revenue": 43847000,
        "costOfRevenue": 9622000,
        "grossProfit": 34225000,
        "grossProfitRatio": 0.7805551121,
        "researchAndDevelopmentExpenses": 76377000,
        "generalAndAdministrativeExpenses": 57297000,
        "sellingAndMarketingExpenses": 0,
        "sellingGeneralAndAdministrativeExpenses": 57297000,
        "otherExpenses": 4157000,
        "operatingExpenses": 137831000,
        "costAndExpenses": 147453000,
        "interestIncome": 7337000,
        "interestExpense": 94000,
        "depreciationAndAmortization": 15652000,
        "ebitda": -143484000,
        "ebitdaratio": -3.2723789541,
        "operatingIncome": -103606000,
        "operatingIncomeRatio": -2.3628982599,
        "totalOtherIncomeExpensesNet": -4253000,
        "incomeBeforeTax": -107859000,
        "incomeBeforeTaxRatio": -2.4598946336,
        "incomeTaxExpense": -325000,
        "netIncome": -107534000,
        "netIncomeRatio": -2.452482496,
        "eps": -2.07,
        "epsdiluted": -2.07,
        "weightedAverageShsOut": 51894639,
        "weightedAverageShsOutDil": 51894639,
        "link": "https://www.sec.gov/Archives/edgar/data/1830214/000162828025007819/0001628280-25-007819-index.htm",
        "finalLink": "https://www.sec.gov/Archives/edgar/data/1830214/000162828025007819/dna-20241231.htm"
    },
    {
        "date": "2024-09-30",
        "symbol": "DNA",
        "reportedCurrency": "USD",
        "cik": "0001830214",
        "fillingDate": "2024-11-12",
        "acceptedDate": "2024-11-12 17:05:46",
        "calendarYear": "2024",
        "period": "Q3",
        "revenue": 89046000,
        "costOfRevenue": 9987000,
        "grossProfit": 79059000,
        "grossProfitRatio": 0.8878444849,
        "researchAndDevelopmentExpenses": 77006000,
        "generalAndAdministrativeExpenses": 52292000,
        "sellingAndMarketingExpenses": 0,
        "sellingGeneralAndAdministrativeExpenses": 52292000,
        "otherExpenses": 4965000,
        "operatingExpenses": 134263000,
        "costAndExpenses": 144250000,
        "interestIncome": 9251000,
        "interestExpense": 0,
        "depreciationAndAmortization": 17169000,
        "ebitda": -35086000,
        "ebitdaratio": -0.3940210678,
        "operatingIncome": -55204000,
        "operatingIncomeRatio": -0.6199492397,
        "totalOtherIncomeExpensesNet": -1574000,
        "incomeBeforeTax": -56778000,
        "incomeBeforeTaxRatio": -0.6376254969,
        "incomeTaxExpense": -375000,
        "netIncome": -56403000,
        "netIncomeRatio": -0.6334141904,
        "eps": -1.08,
        "epsdiluted": -1.08,
        "weightedAverageShsOut": 52240000,
        "weightedAverageShsOutDil": 52246000,
        "link": "https://www.sec.gov/Archives/edgar/data/1830214/000162828024047284/0001628280-24-047284-index.htm",
        "finalLink": "https://www.sec.gov/Archives/edgar/data/1830214/000162828024047284/dna-20240930.htm"
    },
    {
        "date": "2024-06-30",
        "symbol": "DNA",
        "reportedCurrency": "USD",
        "cik": "0001830214",
        "fillingDate": "2024-08-08",
        "acceptedDate": "2024-08-08 17:06:14",
        "calendarYear": "2024",
        "period": "Q2",
        "revenue": 56206000,
        "costOfRevenue": 13721000,
        "grossProfit": 42485000,
        "grossProfitRatio": 0.7558801551,
        "researchAndDevelopmentExpenses": 134221000,
        "generalAndAdministrativeExpenses": 66285000,
        "sellingAndMarketingExpenses": 0,
        "sellingGeneralAndAdministrativeExpenses": 66285000,
        "otherExpenses": 64924000,
        "operatingExpenses": 265430000,
        "costAndExpenses": 279151000,
        "interestIncome": 10313000,
        "interestExpense": 0,
        "depreciationAndAmortization": 17330000,
        "ebitda": -199661000,
        "ebitdaratio": -3.5523075828,
        "operatingIncome": -222945000,
        "operatingIncomeRatio": -3.9665694054,
        "totalOtherIncomeExpensesNet": 5954000,
        "incomeBeforeTax": -216991000,
        "incomeBeforeTaxRatio": -3.8606376543,
        "incomeTaxExpense": 190000,
        "netIncome": -217181000,
        "netIncomeRatio": -3.8640180764,
        "eps": -4.23,
        "epsdiluted": -4.23,
        "weightedAverageShsOut": 51332116,
        "weightedAverageShsOutDil": 51375600,
        "link": "https://www.sec.gov/Archives/edgar/data/1830214/000162828024036231/0001628280-24-036231-index.htm",
        "finalLink": "https://www.sec.gov/Archives/edgar/data/1830214/000162828024036231/dna-20240630.htm"
    },
    {
        "date": "2024-03-31",
        "symbol": "DNA",
        "reportedCurrency": "USD",
        "cik": "0001830214",
        "fillingDate": "2024-05-09",
        "acceptedDate": "2024-05-09 16:11:51",
        "calendarYear": "2024",
        "period": "Q1",
        "revenue": 37944000,
        "costOfRevenue": 22071000,
        "grossProfit": 15873000,
        "grossProfitRatio": 0.4183270082,
        "researchAndDevelopmentExpenses": 123588000,
        "generalAndAdministrativeExpenses": 70287000,
        "sellingAndMarketingExpenses": -19265000,
        "sellingGeneralAndAdministrativeExpenses": 51022000,
        "otherExpenses": 0,
        "operatingExpenses": 174610000,
        "costAndExpenses": 215946000,
        "interestIncome": 11711000,
        "interestExpense": 0,
        "depreciationAndAmortization": 12869000,
        "ebitda": -165133000,
        "ebitdaratio": -4.3520187645,
        "operatingIncome": -158737000,
        "operatingIncomeRatio": -4.1834545646,
        "totalOtherIncomeExpensesNet": 12122000,
        "incomeBeforeTax": -165880000,
        "incomeBeforeTaxRatio": -4.3717056715,
        "incomeTaxExpense": 31000,
        "netIncome": -165911000,
        "netIncomeRatio": -4.372522665,
        "eps": -3.32,
        "epsdiluted": -3.32,
        "weightedAverageShsOut": 49928803,
        "weightedAverageShsOutDil": 49993050,
        "link": "https://www.sec.gov/Archives/edgar/data/1830214/000162828024022229/0001628280-24-022229-index.htm",
        "finalLink": "https://www.sec.gov/Archives/edgar/data/1830214/000162828024022229/dna-20240331.htm"
    },
    {
        "date": "2023-12-31",
        "symbol": "DNA",
        "reportedCurrency": "USD",
        "cik": "0001830214",
        "fillingDate": "2024-02-29",
        "acceptedDate": "2024-02-29 17:07:49",
        "calendarYear": "2023",
        "period": "Q4",
        "revenue": 34755000,
        "costOfRevenue": 15948000,
        "grossProfit": 18807000,
        "grossProfitRatio": 0.5411307726,
        "researchAndDevelopmentExpenses": 107701000,
        "generalAndAdministrativeExpenses": 89223000,
        "sellingAndMarketingExpenses": -23663000,
        "sellingGeneralAndAdministrativeExpenses": 65560000,
        "otherExpenses": 0,
        "operatingExpenses": 173261000,
        "costAndExpenses": 212872000,
        "interestIncome": 13303000,
        "interestExpense": 93000,
        "depreciationAndAmortization": 12837000,
        "ebitda": -198962000,
        "ebitdaratio": -5.7247014818,
        "operatingIncome": -154454000,
        "operatingIncomeRatio": -4.4440799885,
        "totalOtherIncomeExpensesNet": -33775000,
        "incomeBeforeTax": -211892000,
        "incomeBeforeTaxRatio": -6.0967342828,
        "incomeTaxExpense": -198000,
        "netIncome": -211694000,
        "netIncomeRatio": -6.0910372608,
        "eps": -4.28,
        "epsdiluted": -4.31,
        "weightedAverageShsOut": 49108220,
        "weightedAverageShsOutDil": 49471075,
        "link": "https://www.sec.gov/Archives/edgar/data/1830214/000162828024008052/0001628280-24-008052-index.htm",
        "finalLink": "https://www.sec.gov/Archives/edgar/data/1830214/000162828024008052/dna-20231231.htm"
    },
    {
        "date": "2023-09-30",
        "symbol": "DNA",
        "reportedCurrency": "USD",
        "cik": "0001830214",
        "fillingDate": "2023-11-08",
        "acceptedDate": "2023-11-08 17:06:18",
        "calendarYear": "2023",
        "period": "Q3",
        "revenue": 55430000,
        "costOfRevenue": 6923000,
        "grossProfit": 48507000,
        "grossProfitRatio": 0.8751037344,
        "researchAndDevelopmentExpenses": 156662000,
        "generalAndAdministrativeExpenses": 82028000,
        "sellingAndMarketingExpenses": 0,
        "sellingGeneralAndAdministrativeExpenses": 82028000,
        "otherExpenses": 96210000,
        "operatingExpenses": 334900000,
        "costAndExpenses": 341823000,
        "interestIncome": 15020000,
        "interestExpense": 0,
        "depreciationAndAmortization": 21060000,
        "ebitda": -169123000,
        "ebitdaratio": -3.0511095075,
        "operatingIncome": -286393000,
        "operatingIncomeRatio": -5.1667508569,
        "totalOtherIncomeExpensesNet": -16520000,
        "incomeBeforeTax": -302913000,
        "incomeBeforeTaxRatio": -5.4647844128,
        "incomeTaxExpense": -22000,
        "netIncome": -302891000,
        "netIncomeRatio": -5.4643875158,
        "eps": -6.21,
        "epsdiluted": -6.21,
        "weightedAverageShsOut": 48770351,
        "weightedAverageShsOutDil": 48770350,
        "link": "https://www.sec.gov/Archives/edgar/data/1830214/000162828023037927/0001628280-23-037927-index.htm",
        "finalLink": "https://www.sec.gov/Archives/edgar/data/1830214/000162828023037927/dna-20230930.htm"
    },
    {
        "date": "2023-06-30",
        "symbol": "DNA",
        "reportedCurrency": "USD",
        "cik": "0001830214",
        "fillingDate": "2023-08-09",
        "acceptedDate": "2023-08-09 17:05:24",
        "calendarYear": "2023",
        "period": "Q2",
        "revenue": 80568000,
        "costOfRevenue": 18096000,
        "grossProfit": 62472000,
        "grossProfitRatio": 0.7753946976,
        "researchAndDevelopmentExpenses": 144282000,
        "generalAndAdministrativeExpenses": 102341000,
        "sellingAndMarketingExpenses": 0,
        "sellingGeneralAndAdministrativeExpenses": 102341000,
        "otherExpenses": 0,
        "operatingExpenses": 246623000,
        "costAndExpenses": 264719000,
        "interestIncome": 14349000,
        "interestExpense": 0,
        "depreciationAndAmortization": 25940000,
        "ebitda": -166499000,
        "ebitdaratio": -2.0665648893,
        "operatingIncome": -184151000,
        "operatingIncomeRatio": -2.2856593188,
        "totalOtherIncomeExpensesNet": 10903000,
        "incomeBeforeTax": -173248000,
        "incomeBeforeTaxRatio": -2.1503326383,
        "incomeTaxExpense": 67000,
        "netIncome": -173315000,
        "netIncomeRatio": -2.1511642339,
        "eps": -3.59,
        "epsdiluted": -3.6,
        "weightedAverageShsOut": 48143055,
        "weightedAverageShsOutDil": 48335925,
        "link": "https://www.sec.gov/Archives/edgar/data/1830214/000095017023040721/0000950170-23-040721-index.htm",
        "finalLink": "https://www.sec.gov/Archives/edgar/data/1830214/000095017023040721/dna-20230630.htm"
    },
    {
        "date": "2023-03-31",
        "symbol": "DNA",
        "reportedCurrency": "USD",
        "cik": "0001830214",
        "fillingDate": "2023-05-10",
        "acceptedDate": "2023-05-10 16:16:30",
        "calendarYear": "2023",
        "period": "Q1",
        "revenue": 80702000,
        "costOfRevenue": 22375000,
        "grossProfit": 58327000,
        "grossProfitRatio": 0.722745409,
        "researchAndDevelopmentExpenses": 162639000,
        "generalAndAdministrativeExpenses": 111433000,
        "sellingAndMarketingExpenses": 0,
        "sellingGeneralAndAdministrativeExpenses": 111433000,
        "otherExpenses": 0,
        "operatingExpenses": 274072000,
        "costAndExpenses": 296447000,
        "interestIncome": 14545000,
        "interestExpense": 0,
        "depreciationAndAmortization": 26997000,
        "ebitda": -196787000,
        "ebitdaratio": -2.4384401874,
        "operatingIncome": -215745000,
        "operatingIncomeRatio": -2.6733538202,
        "totalOtherIncomeExpensesNet": 10858000,
        "incomeBeforeTax": -204887000,
        "incomeBeforeTaxRatio": -2.5388094471,
        "incomeTaxExpense": 82000,
        "netIncome": -204969000,
        "netIncomeRatio": -2.539825531,
        "eps": -4.28,
        "epsdiluted": -4.29,
        "weightedAverageShsOut": 47773522,
        "weightedAverageShsOutDil": 47915925,
        "link": "https://www.sec.gov/Archives/edgar/data/1830214/000095017023020535/0000950170-23-020535-index.htm",
        "finalLink": "https://www.sec.gov/Archives/edgar/data/1830214/000095017023020535/dna-20230331.htm"
    },
    {
        "date": "2022-12-31",
        "symbol": "DNA",
        "reportedCurrency": "USD",
        "cik": "0001830214",
        "fillingDate": "2023-03-13",
        "acceptedDate": "2023-03-13 08:47:08",
        "calendarYear": "2022",
        "period": "Q4",
        "revenue": 98285000,
        "costOfRevenue": 30218000,
        "grossProfit": 68067000,
        "grossProfitRatio": 0.6925471842,
        "researchAndDevelopmentExpenses": 181155000,
        "generalAndAdministrativeExpenses": 121420000,
        "sellingAndMarketingExpenses": 0,
        "sellingGeneralAndAdministrativeExpenses": 121420000,
        "otherExpenses": 0,
        "operatingExpenses": 302575000,
        "costAndExpenses": 332793000,
        "interestIncome": 13059000,
        "interestExpense": 13059000,
        "depreciationAndAmortization": 33032000,
        "ebitda": -155892000,
        "ebitdaratio": -1.5861219922,
        "operatingIncome": -234508000,
        "operatingIncomeRatio": -2.3859998983,
        "totalOtherIncomeExpensesNet": 45584000,
        "incomeBeforeTax": -188924000,
        "incomeBeforeTaxRatio": -1.92220583,
        "incomeTaxExpense": -14770000,
        "netIncome": -176544000,
        "netIncomeRatio": -1.7962456123,
        "eps": -3.78,
        "epsdiluted": -3.85,
        "weightedAverageShsOut": 45598476,
        "weightedAverageShsOutDil": 46415238,
        "link": "https://www.sec.gov/Archives/edgar/data/1830214/000095017023007461/0000950170-23-007461-index.htm",
        "finalLink": "https://www.sec.gov/Archives/edgar/data/1830214/000095017023007461/dna-20221231.htm"
    },
    {
        "date": "2022-09-30",
        "symbol": "DNA",
        "reportedCurrency": "USD",
        "cik": "0001830214",
        "fillingDate": "2022-11-14",
        "acceptedDate": "2022-11-14 16:14:47",
        "calendarYear": "2022",
        "period": "Q3",
        "revenue": 66398000,
        "costOfRevenue": 24655000,
        "grossProfit": 41743000,
        "grossProfitRatio": 0.6286785747,
        "researchAndDevelopmentExpenses": 259580000,
        "generalAndAdministrativeExpenses": 435184000,
        "sellingAndMarketingExpenses": 0,
        "sellingGeneralAndAdministrativeExpenses": 435184000,
        "otherExpenses": -957000,
        "operatingExpenses": 694764000,
        "costAndExpenses": 719419000,
        "interestIncome": 5820000,
        "interestExpense": 1674000,
        "depreciationAndAmortization": 9506000,
        "ebitda": -646021000,
        "ebitdaratio": -9.7295249857,
        "operatingIncome": -653021000,
        "operatingIncomeRatio": -9.8349498479,
        "totalOtherIncomeExpensesNet": -16062000,
        "incomeBeforeTax": -669083000,
        "incomeBeforeTaxRatio": -10.0768547245,
        "incomeTaxExpense": -28000,
        "netIncome": -670131000,
        "netIncomeRatio": -10.0926383325,
        "eps": -16.44,
        "epsdiluted": -16.44,
        "weightedAverageShsOut": 40772776,
        "weightedAverageShsOutDil": 40772775,
        "link": "https://www.sec.gov/Archives/edgar/data/1830214/000095017022025002/0000950170-22-025002-index.htm",
        "finalLink": "https://www.sec.gov/Archives/edgar/data/1830214/000095017022025002/dna-20220930.htm"
    },
    {
        "date": "2022-06-30",
        "symbol": "DNA",
        "reportedCurrency": "USD",
        "cik": "0001830214",
        "fillingDate": "2022-08-15",
        "acceptedDate": "2022-08-15 17:05:31",
        "calendarYear": "2022",
        "period": "Q2",
        "revenue": 144618000,
        "costOfRevenue": 63911000,
        "grossProfit": 80707000,
        "grossProfitRatio": 0.5580702264,
        "researchAndDevelopmentExpenses": 289188000,
        "generalAndAdministrativeExpenses": 438427000,
        "sellingAndMarketingExpenses": 0,
        "sellingGeneralAndAdministrativeExpenses": 438427000,
        "otherExpenses": -51000,
        "operatingExpenses": 727615000,
        "costAndExpenses": 791526000,
        "interestIncome": 2264000,
        "interestExpense": 0,
        "depreciationAndAmortization": 9608000,
        "ebitda": -638751000,
        "ebitdaratio": -4.4168153342,
        "operatingIncome": -646908000,
        "operatingIncomeRatio": -4.4732191014,
        "totalOtherIncomeExpensesNet": -23707000,
        "incomeBeforeTax": -670615000,
        "incomeBeforeTaxRatio": -4.6371475197,
        "incomeTaxExpense": -45000,
        "netIncome": -668825000,
        "netIncomeRatio": -4.6247700839,
        "eps": -16.51,
        "epsdiluted": -16.51,
        "weightedAverageShsOut": 40517600,
        "weightedAverageShsOutDil": 40517600,
        "link": "https://www.sec.gov/Archives/edgar/data/1830214/000095017022017412/0000950170-22-017412-index.htm",
        "finalLink": "https://www.sec.gov/Archives/edgar/data/1830214/000095017022017412/dna-20220630.htm"
    },
    {
        "date": "2022-03-31",
        "symbol": "DNA",
        "reportedCurrency": "USD",
        "cik": "0001830214",
        "fillingDate": "2022-05-16",
        "acceptedDate": "2022-05-16 16:14:49",
        "calendarYear": "2022",
        "period": "Q1",
        "revenue": 168405000,
        "costOfRevenue": 85432000,
        "grossProfit": 82973000,
        "grossProfitRatio": 0.4926991479,
        "researchAndDevelopmentExpenses": 322720000,
        "generalAndAdministrativeExpenses": 434768000,
        "sellingAndMarketingExpenses": 0,
        "sellingGeneralAndAdministrativeExpenses": 434768000,
        "otherExpenses": 1637000,
        "operatingExpenses": 757488000,
        "costAndExpenses": 842920000,
        "interestIncome": 177000,
        "interestExpense": 397000,
        "depreciationAndAmortization": 9488000,
        "ebitda": -666431000,
        "ebitdaratio": -3.9573112437,
        "operatingIncome": -674515000,
        "operatingIncomeRatio": -4.005314569,
        "totalOtherIncomeExpensesNet": 81738000,
        "incomeBeforeTax": -592777000,
        "incomeBeforeTaxRatio": -3.5199489326,
        "incomeTaxExpense": -184000,
        "netIncome": -590505000,
        "netIncomeRatio": -3.5064576467,
        "eps": -14.69,
        "epsdiluted": -14.8,
        "weightedAverageShsOut": 39898986,
        "weightedAverageShsOutDil": 40187500,
        "link": "https://www.sec.gov/Archives/edgar/data/1830214/000095017022010080/0000950170-22-010080-index.htm",
        "finalLink": "https://www.sec.gov/Archives/edgar/data/1830214/000095017022010080/dna-20220331.htm"
    },
    {
        "date": "2021-12-31",
        "symbol": "DNA",
        "reportedCurrency": "USD",
        "cik": "0001830214",
        "fillingDate": "2022-03-29",
        "acceptedDate": "2022-03-28 19:46:35",
        "calendarYear": "2021",
        "period": "Q4",
        "revenue": 148494000,
        "costOfRevenue": 66578000,
        "grossProfit": 81916000,
        "grossProfitRatio": 0.5516451843,
        "researchAndDevelopmentExpenses": 985025000,
        "generalAndAdministrativeExpenses": 781626000,
        "sellingAndMarketingExpenses": 0,
        "sellingGeneralAndAdministrativeExpenses": 781626000,
        "otherExpenses": -1617000,
        "operatingExpenses": 1766651000,
        "costAndExpenses": 1833229000,
        "interestIncome": 496000,
        "interestExpense": 551000,
        "depreciationAndAmortization": 8003000,
        "ebitda": -1597124000,
        "ebitdaratio": -10.7554783358,
        "operatingIncome": -1684735000,
        "operatingIncomeRatio": -11.3454752381,
        "totalOtherIncomeExpensesNet": 79057000,
        "incomeBeforeTax": -1605678000,
        "incomeBeforeTaxRatio": -10.8130833569,
        "incomeTaxExpense": -683000,
        "netIncome": -1600656000,
        "netIncomeRatio": -10.7792638086,
        "eps": -41.82,
        "epsdiluted": -43.34,
        "weightedAverageShsOut": 36936215,
        "weightedAverageShsOutDil": 38288796,
        "link": "https://www.sec.gov/Archives/edgar/data/1830214/000119312522235524/0001193125-22-235524-index.htm",
        "finalLink": "https://www.sec.gov/Archives/edgar/data/1830214/000119312522235524/d364637d10ka.htm"
    },
    {
        "date": "2021-09-30",
        "symbol": "DNA",
        "reportedCurrency": "USD",
        "cik": "0001830214",
        "fillingDate": "2021-11-15",
        "acceptedDate": "2021-11-15 16:58:12",
        "calendarYear": "2021",
        "period": "Q3",
        "revenue": 77610000,
        "costOfRevenue": 22302000,
        "grossProfit": 55308000,
        "grossProfitRatio": 0.7126401237,
        "researchAndDevelopmentExpenses": 53021000,
        "generalAndAdministrativeExpenses": 28959000,
        "sellingAndMarketingExpenses": 0,
        "sellingGeneralAndAdministrativeExpenses": 28959000,
        "otherExpenses": 0,
        "operatingExpenses": 81980000,
        "costAndExpenses": 104282000,
        "interestIncome": 121000,
        "interestExpense": 649000,
        "depreciationAndAmortization": 8279000,
        "ebitda": -17793000,
        "ebitdaratio": -0.2292616931,
        "operatingIncome": -26672000,
        "operatingIncomeRatio": -0.3436670532,
        "totalOtherIncomeExpensesNet": -75940000,
        "incomeBeforeTax": -102612000,
        "incomeBeforeTaxRatio": -1.3221492076,
        "incomeTaxExpense": -207000,
        "netIncome": -101881000,
        "netIncomeRatio": -1.3127303183,
        "eps": -3.08,
        "epsdiluted": -3.08,
        "weightedAverageShsOut": 33089355,
        "weightedAverageShsOutDil": 33089351,
        "link": "https://www.sec.gov/Archives/edgar/data/1830214/000095017021004636/0000950170-21-004636-index.htm",
        "finalLink": "https://www.sec.gov/Archives/edgar/data/1830214/000095017021004636/dna-20210930.htm"
    },
    {
        "date": "2021-06-30",
        "symbol": "DNA",
        "reportedCurrency": "USD",
        "cik": "0001830214",
        "fillingDate": "2021-08-16",
        "acceptedDate": "2021-08-16 16:07:18",
        "calendarYear": "2021",
        "period": "Q2",
        "revenue": 43636000,
        "costOfRevenue": 17110000,
        "grossProfit": 26526000,
        "grossProfitRatio": 0.6078925658,
        "researchAndDevelopmentExpenses": 52031000,
        "generalAndAdministrativeExpenses": 34440000,
        "sellingAndMarketingExpenses": 0,
        "sellingGeneralAndAdministrativeExpenses": 34440000,
        "otherExpenses": 0,
        "operatingExpenses": 86471000,
        "costAndExpenses": 103581000,
        "interestIncome": 0,
        "interestExpense": 0,
        "depreciationAndAmortization": 7165000,
        "ebitda": -52780000,
        "ebitdaratio": -1.2095517463,
        "operatingIncome": -59945000,
        "operatingIncomeRatio": -1.3737510313,
        "totalOtherIncomeExpensesNet": 5050000,
        "incomeBeforeTax": -54895000,
        "incomeBeforeTaxRatio": -1.2580209002,
        "incomeTaxExpense": -431000,
        "netIncome": -53941000,
        "netIncomeRatio": -1.236158218,
        "eps": -1.67,
        "epsdiluted": -1.67,
        "weightedAverageShsOut": 32313467,
        "weightedAverageShsOutDil": 32313457,
        "link": "https://www.sec.gov/Archives/edgar/data/1830214/000119312521247705/0001193125-21-247705-index.htm",
        "finalLink": "https://www.sec.gov/Archives/edgar/data/1830214/000119312521247705/d167861d10q.htm"
    },
    {
        "date": "2021-03-31",
        "symbol": "DNA",
        "reportedCurrency": "USD",
        "cik": "0001830214",
        "fillingDate": "2021-05-24",
        "acceptedDate": "2021-05-24 17:22:20",
        "calendarYear": "2021",
        "period": "Q1",
        "revenue": 44097000,
        "costOfRevenue": 23700000,
        "grossProfit": 20397000,
        "grossProfitRatio": 0.4625484727,
        "researchAndDevelopmentExpenses": 59585000,
        "generalAndAdministrativeExpenses": 17927000,
        "sellingAndMarketingExpenses": 0,
        "sellingGeneralAndAdministrativeExpenses": 17927000,
        "otherExpenses": 0,
        "operatingExpenses": 77512000,
        "costAndExpenses": 101212000,
        "interestIncome": 0,
        "interestExpense": 475000,
        "depreciationAndAmortization": 5629000,
        "ebitda": -51486000,
        "ebitdaratio": -1.1675624192,
        "operatingIncome": -57115000,
        "operatingIncomeRatio": -1.2952128263,
        "totalOtherIncomeExpensesNet": -17822000,
        "incomeBeforeTax": -74937000,
        "incomeBeforeTaxRatio": -1.6993673039,
        "incomeTaxExpense": -159000,
        "netIncome": -73569000,
        "netIncomeRatio": -1.6683447854,
        "eps": -2.28,
        "epsdiluted": -2.28,
        "weightedAverageShsOut": 32257088,
        "weightedAverageShsOutDil": 32257075,
        "link": "https://www.sec.gov/Archives/edgar/data/1830214/000119312521171095/0001193125-21-171095-index.htm",
        "finalLink": "https://www.sec.gov/Archives/edgar/data/1830214/000119312521171095/d560468d10q.htm"
    },
    {
        "date": "2020-12-31",
        "symbol": "DNA",
        "reportedCurrency": "USD",
        "cik": "0001830214",
        "fillingDate": "2020-12-31",
        "acceptedDate": "2020-12-30 19:00:00",
        "calendarYear": "2020",
        "period": "Q4",
        "revenue": 32058000,
        "costOfRevenue": 13842000,
        "grossProfit": 18216000,
        "grossProfitRatio": 0.5682201011,
        "researchAndDevelopmentExpenses": 61191000,
        "generalAndAdministrativeExpenses": 12913000,
        "sellingAndMarketingExpenses": 0,
        "sellingGeneralAndAdministrativeExpenses": 12913000,
        "otherExpenses": 0,
        "operatingExpenses": 74104000,
        "costAndExpenses": 87946000,
        "interestIncome": 0,
        "interestExpense": 0,
        "depreciationAndAmortization": 4004000,
        "ebitda": -51884000,
        "ebitdaratio": -1.6184415746,
        "operatingIncome": -55888000,
        "operatingIncomeRatio": -1.7433401959,
        "totalOtherIncomeExpensesNet": 9497000,
        "incomeBeforeTax": -46391000,
        "incomeBeforeTaxRatio": -1.4470958887,
        "incomeTaxExpense": 8000,
        "netIncome": -46924000,
        "netIncomeRatio": -1.4637220039,
        "eps": -1.46,
        "epsdiluted": -1.48,
        "weightedAverageShsOut": 31619690,
        "weightedAverageShsOutDil": 32204380,
        "link": "",
        "finalLink": ""
    },
    {
        "date": "2020-09-30",
        "symbol": "DNA",
        "reportedCurrency": "USD",
        "cik": "0001830214",
        "fillingDate": "2020-09-30",
        "acceptedDate": "2020-09-29 20:00:00",
        "calendarYear": "2020",
        "period": "Q3",
        "revenue": 13302000,
        "costOfRevenue": 1769000,
        "grossProfit": 11533000,
        "grossProfitRatio": 0.8670124793,
        "researchAndDevelopmentExpenses": 36070000,
        "generalAndAdministrativeExpenses": 9876000,
        "sellingAndMarketingExpenses": 0,
        "sellingGeneralAndAdministrativeExpenses": 9876000,
        "otherExpenses": 0,
        "operatingExpenses": 45946000,
        "costAndExpenses": 47715000,
        "interestIncome": 3318000,
        "interestExpense": 592000,
        "depreciationAndAmortization": 3527000,
        "ebitda": -22001000,
        "ebitdaratio": -1.6539618103,
        "operatingIncome": -34413000,
        "operatingIncomeRatio": -2.5870545783,
        "totalOtherIncomeExpensesNet": 8293000,
        "incomeBeforeTax": -26120000,
        "incomeBeforeTaxRatio": -1.9636144941,
        "incomeTaxExpense": 6000,
        "netIncome": -26055000,
        "netIncomeRatio": -1.9587280108,
        "eps": -0.81,
        "epsdiluted": -0.81,
        "weightedAverageShsOut": 32176359,
        "weightedAverageShsOutDil": 32176325,
        "link": "",
        "finalLink": ""
    },
    {
        "date": "2020-06-30",
        "symbol": "DNA",
        "reportedCurrency": "USD",
        "cik": "0001830214",
        "fillingDate": "2020-06-30",
        "acceptedDate": "2020-06-29 20:00:00",
        "calendarYear": "2020",
        "period": "Q2",
        "revenue": 10163000,
        "costOfRevenue": 0,
        "grossProfit": 10163000,
        "grossProfitRatio": 1,
        "researchAndDevelopmentExpenses": 32270000,
        "generalAndAdministrativeExpenses": 8949000,
        "sellingAndMarketingExpenses": 0,
        "sellingGeneralAndAdministrativeExpenses": 8949000,
        "otherExpenses": 0,
        "operatingExpenses": 38718000,
        "costAndExpenses": 38718000,
        "interestIncome": 169000,
        "interestExpense": 0,
        "depreciationAndAmortization": 3179000,
        "ebitda": -27877000,
        "ebitdaratio": -2.7429892748,
        "operatingIncome": -31056000,
        "operatingIncomeRatio": -3.055790613,
        "totalOtherIncomeExpensesNet": 2332000,
        "incomeBeforeTax": -28724000,
        "incomeBeforeTaxRatio": -2.8263308078,
        "incomeTaxExpense": 6000,
        "netIncome": -28658000,
        "netIncomeRatio": -2.8198366624,
        "eps": -0.94,
        "epsdiluted": -0.94,
        "weightedAverageShsOut": 30450685,
        "weightedAverageShsOutDil": 30450668,
        "link": null,
        "finalLink": null
    },
    {
        "date": "2020-03-31",
        "symbol": "DNA",
        "reportedCurrency": "USD",
        "cik": "0001830214",
        "fillingDate": "2020-03-31",
        "acceptedDate": "2020-03-30 20:00:00",
        "calendarYear": "2020",
        "period": "Q1",
        "revenue": 21134000,
        "costOfRevenue": 0,
        "grossProfit": 21134000,
        "grossProfitRatio": 1,
        "researchAndDevelopmentExpenses": 30236000,
        "generalAndAdministrativeExpenses": 6568000,
        "sellingAndMarketingExpenses": 0,
        "sellingGeneralAndAdministrativeExpenses": 6568000,
        "otherExpenses": 0,
        "operatingExpenses": 45946000,
        "costAndExpenses": 45946000,
        "interestIncome": 1213000,
        "interestExpense": 0,
        "depreciationAndAmortization": 3154000,
        "ebitda": -12516000,
        "ebitdaratio": -0.5922210656,
        "operatingIncome": -15670000,
        "operatingIncomeRatio": -0.74145926,
        "totalOtherIncomeExpensesNet": -7929000,
        "incomeBeforeTax": -23599000,
        "incomeBeforeTaxRatio": -1.1166366992,
        "incomeTaxExpense": 1869000,
        "netIncome": -24972000,
        "netIncomeRatio": -1.181603104,
        "eps": -0.82,
        "epsdiluted": -0.82,
        "weightedAverageShsOut": 30450685,
        "weightedAverageShsOutDil": 30450668,
        "link": null,
        "finalLink": null
    }
]