[
    {
        "date": "2020-03-31",
        "symbol": "DNR",
        "reportedCurrency": "USD",
        "cik": "0000945764",
        "fillingDate": "2020-05-18",
        "acceptedDate": "2020-05-18 08:01:39",
        "calendarYear": "2020",
        "period": "Q1",
        "revenue": 241373000,
        "costOfRevenue": 210545000,
        "grossProfit": 30828000,
        "grossProfitRatio": 0.1277193389,
        "researchAndDevelopmentExpenses": 0,
        "generalAndAdministrativeExpenses": 43640000,
        "sellingAndMarketingExpenses": 9621000,
        "sellingGeneralAndAdministrativeExpenses": 53261000,
        "otherExpenses": -15049000,
        "operatingExpenses": 38212000,
        "costAndExpenses": 248757000,
        "interestIncome": 0,
        "interestExpense": 19946000,
        "depreciationAndAmortization": 90730000,
        "ebitda": 83346000,
        "ebitdaratio": 0.3452995985,
        "operatingIncome": -7384000,
        "operatingIncomeRatio": -0.0305916569,
        "totalOtherIncomeExpensesNet": 70784000,
        "incomeBeforeTax": 63400000,
        "incomeBeforeTaxRatio": 0.2626640096,
        "incomeTaxExpense": -10616000,
        "netIncome": 74016000,
        "netIncomeRatio": 0.3066457309,
        "eps": 0.15,
        "epsdiluted": 0.13,
        "weightedAverageShsOut": 494259000,
        "weightedAverageShsOutDil": 586190000,
        "link": "https://www.sec.gov/Archives/edgar/data/945764/000094576420000042/0000945764-20-000042-index.htm",
        "finalLink": "https://www.sec.gov/Archives/edgar/data/945764/000094576420000042/dnr-20200331x10q.htm"
    },
    {
        "date": "2019-12-31",
        "symbol": "DNR",
        "reportedCurrency": "USD",
        "cik": "0000945764",
        "fillingDate": "2020-02-27",
        "acceptedDate": "2020-02-26 21:59:44",
        "calendarYear": "2019",
        "period": "Q4",
        "revenue": 308364000,
        "costOfRevenue": 186023000,
        "grossProfit": 122341000,
        "grossProfitRatio": 0.3967421619,
        "researchAndDevelopmentExpenses": 0,
        "generalAndAdministrativeExpenses": 50349000,
        "sellingAndMarketingExpenses": 9734000,
        "sellingGeneralAndAdministrativeExpenses": 60083000,
        "otherExpenses": -20453000,
        "operatingExpenses": 39630000,
        "costAndExpenses": 225653000,
        "interestIncome": 0,
        "interestExpense": 20960000,
        "depreciationAndAmortization": -25988000,
        "ebitda": 56723000,
        "ebitdaratio": 0.1839481911,
        "operatingIncome": 82711000,
        "operatingIncomeRatio": 0.2682252144,
        "totalOtherIncomeExpensesNet": -46948000,
        "incomeBeforeTax": 35763000,
        "incomeBeforeTaxRatio": 0.1159765731,
        "incomeTaxExpense": 12684000,
        "netIncome": 23079000,
        "netIncomeRatio": 0.0748433669,
        "eps": 0.0483,
        "epsdiluted": 0.0404,
        "weightedAverageShsOut": 478030000,
        "weightedAverageShsOutDil": 571000000,
        "link": "https://www.sec.gov/Archives/edgar/data/945764/000094576420000009/0000945764-20-000009-index.html",
        "finalLink": "https://www.sec.gov/Archives/edgar/data/945764/000094576420000009/dnr-20191231x10k.htm"
    },
    {
        "date": "2019-09-30",
        "symbol": "DNR",
        "reportedCurrency": "USD",
        "cik": "0000945764",
        "fillingDate": "2019-11-08",
        "acceptedDate": "2019-11-07 21:04:09",
        "calendarYear": "2019",
        "period": "Q3",
        "revenue": 307636000,
        "costOfRevenue": 179229000,
        "grossProfit": 128407000,
        "grossProfitRatio": 0.417399134,
        "researchAndDevelopmentExpenses": 0,
        "generalAndAdministrativeExpenses": 57952000,
        "sellingAndMarketingExpenses": 10067000,
        "sellingGeneralAndAdministrativeExpenses": 68019000,
        "otherExpenses": -25493000,
        "operatingExpenses": 42526000,
        "costAndExpenses": 221755000,
        "interestIncome": 0,
        "interestExpense": 22858000,
        "depreciationAndAmortization": 46889000,
        "ebitda": 132770000,
        "ebitdaratio": 0.4315814794,
        "operatingIncome": 85881000,
        "operatingIncomeRatio": 0.2791643371,
        "totalOtherIncomeExpensesNet": 24031000,
        "incomeBeforeTax": 109912000,
        "incomeBeforeTaxRatio": 0.3572793821,
        "incomeTaxExpense": 37050000,
        "netIncome": 72862000,
        "netIncomeRatio": 0.2368448426,
        "eps": 0.16,
        "epsdiluted": 0.13,
        "weightedAverageShsOut": 455487000,
        "weightedAverageShsOutDil": 547205000,
        "link": "https://www.sec.gov/Archives/edgar/data/945764/000094576419000150/0000945764-19-000150-index.html",
        "finalLink": "https://www.sec.gov/Archives/edgar/data/945764/000094576419000150/dnr-20190930x10q.htm"
    },
    {
        "date": "2019-06-30",
        "symbol": "DNR",
        "reportedCurrency": "USD",
        "cik": "0000945764",
        "fillingDate": "2019-08-09",
        "acceptedDate": "2019-08-09 15:26:02",
        "calendarYear": "2019",
        "period": "Q2",
        "revenue": 340998000,
        "costOfRevenue": 179341000,
        "grossProfit": 161657000,
        "grossProfitRatio": 0.4740702292,
        "researchAndDevelopmentExpenses": 0,
        "generalAndAdministrativeExpenses": 58588000,
        "sellingAndMarketingExpenses": 11236000,
        "sellingGeneralAndAdministrativeExpenses": 69824000,
        "otherExpenses": -17932000,
        "operatingExpenses": 51892000,
        "costAndExpenses": 231233000,
        "interestIncome": 0,
        "interestExpense": 20416000,
        "depreciationAndAmortization": 122720000,
        "ebitda": 232485000,
        "ebitdaratio": 0.6817781922,
        "operatingIncome": 109765000,
        "operatingIncomeRatio": 0.3218933835,
        "totalOtherIncomeExpensesNet": 102304000,
        "incomeBeforeTax": 212069000,
        "incomeBeforeTaxRatio": 0.6219068734,
        "incomeTaxExpense": 65377000,
        "netIncome": 146692000,
        "netIncomeRatio": 0.4301843413,
        "eps": 0.32,
        "epsdiluted": 0.31,
        "weightedAverageShsOut": 452612000,
        "weightedAverageShsOutDil": 467427000,
        "link": "https://www.sec.gov/Archives/edgar/data/945764/000094576419000134/0000945764-19-000134-index.htm",
        "finalLink": "https://www.sec.gov/Archives/edgar/data/945764/000094576419000134/dnr-20190630x10q.htm"
    },
    {
        "date": "2019-03-31",
        "symbol": "DNR",
        "reportedCurrency": "USD",
        "cik": "0000945764",
        "fillingDate": "2019-05-09",
        "acceptedDate": "2019-05-09 16:54:32",
        "calendarYear": "2019",
        "period": "Q1",
        "revenue": 303147000,
        "costOfRevenue": 183276000,
        "grossProfit": 119871000,
        "grossProfitRatio": 0.395422023,
        "researchAndDevelopmentExpenses": 0,
        "generalAndAdministrativeExpenses": 59007000,
        "sellingAndMarketingExpenses": 12045000,
        "sellingGeneralAndAdministrativeExpenses": 71052000,
        "otherExpenses": -18602000,
        "operatingExpenses": 52450000,
        "costAndExpenses": 235726000,
        "interestIncome": 0,
        "interestExpense": 17398000,
        "depreciationAndAmortization": -86456000,
        "ebitda": -19035000,
        "ebitdaratio": -0.0627913191,
        "operatingIncome": 67421000,
        "operatingIncomeRatio": 0.2224036524,
        "totalOtherIncomeExpensesNet": -103854000,
        "incomeBeforeTax": -36433000,
        "incomeBeforeTaxRatio": -0.1201826177,
        "incomeTaxExpense": -10759000,
        "netIncome": -25674000,
        "netIncomeRatio": -0.0846915853,
        "eps": -0.0568,
        "epsdiluted": -0.0568,
        "weightedAverageShsOut": 451720000,
        "weightedAverageShsOutDil": 451720000,
        "link": "https://www.sec.gov/Archives/edgar/data/945764/000094576419000060/0000945764-19-000060-index.html",
        "finalLink": "https://www.sec.gov/Archives/edgar/data/945764/000094576419000060/dnr-20190331x10q.htm"
    },
    {
        "date": "2018-12-31",
        "symbol": "DNR",
        "reportedCurrency": "USD",
        "cik": "0000945764",
        "fillingDate": "2019-03-01",
        "acceptedDate": "2019-03-01 07:44:03",
        "calendarYear": "2018",
        "period": "Q4",
        "revenue": 336104000,
        "costOfRevenue": 189337000,
        "grossProfit": 146767000,
        "grossProfitRatio": 0.4366713874,
        "researchAndDevelopmentExpenses": 0,
        "generalAndAdministrativeExpenses": 52152000,
        "sellingAndMarketingExpenses": 13602000,
        "sellingGeneralAndAdministrativeExpenses": 65754000,
        "otherExpenses": -21358000,
        "operatingExpenses": 44396000,
        "costAndExpenses": 233733000,
        "interestIncome": 0,
        "interestExpense": 17714000,
        "depreciationAndAmortization": 137988000,
        "ebitda": 240359000,
        "ebitdaratio": 0.715132816,
        "operatingIncome": 102371000,
        "operatingIncomeRatio": 0.3045813201,
        "totalOtherIncomeExpensesNet": 120274000,
        "incomeBeforeTax": 222645000,
        "incomeBeforeTaxRatio": 0.6624288911,
        "incomeTaxExpense": 48166000,
        "netIncome": 174479000,
        "netIncomeRatio": 0.5191220575,
        "eps": 0.39,
        "epsdiluted": 0.38,
        "weightedAverageShsOut": 451613000,
        "weightedAverageShsOutDil": 456665000,
        "link": "https://www.sec.gov/Archives/edgar/data/945764/000094576419000021/0000945764-19-000021-index.html",
        "finalLink": "https://www.sec.gov/Archives/edgar/data/945764/000094576419000021/dnr-20181231x10k.htm"
    },
    {
        "date": "2018-09-30",
        "symbol": "DNR",
        "reportedCurrency": "USD",
        "cik": "0000945764",
        "fillingDate": "2018-11-09",
        "acceptedDate": "2018-11-09 12:00:27",
        "calendarYear": "2018",
        "period": "Q3",
        "revenue": 387777000,
        "costOfRevenue": 174551000,
        "grossProfit": 213226000,
        "grossProfitRatio": 0.5498675785,
        "researchAndDevelopmentExpenses": 0,
        "generalAndAdministrativeExpenses": 62362000,
        "sellingAndMarketingExpenses": 12427000,
        "sellingGeneralAndAdministrativeExpenses": 74789000,
        "otherExpenses": -20635000,
        "operatingExpenses": 54154000,
        "costAndExpenses": 228705000,
        "interestIncome": 0,
        "interestExpense": 18527000,
        "depreciationAndAmortization": -46510000,
        "ebitda": 112562000,
        "ebitdaratio": 0.2902750808,
        "operatingIncome": 159072000,
        "operatingIncomeRatio": 0.4102151494,
        "totalOtherIncomeExpensesNet": -65037000,
        "incomeBeforeTax": 94035000,
        "incomeBeforeTaxRatio": 0.2424976211,
        "incomeTaxExpense": 15616000,
        "netIncome": 78419000,
        "netIncomeRatio": 0.2022270532,
        "eps": 0.17,
        "epsdiluted": 0.17,
        "weightedAverageShsOut": 451256000,
        "weightedAverageShsOutDil": 458450000,
        "link": "https://www.sec.gov/Archives/edgar/data/945764/000094576418000173/0000945764-18-000173-index.html",
        "finalLink": "https://www.sec.gov/Archives/edgar/data/945764/000094576418000173/dnr-20180930x10q.htm"
    },
    {
        "date": "2018-06-30",
        "symbol": "DNR",
        "reportedCurrency": "USD",
        "cik": "0000945764",
        "fillingDate": "2018-08-09",
        "acceptedDate": "2018-08-08 19:18:44",
        "calendarYear": "2018",
        "period": "Q2",
        "revenue": 382280000,
        "costOfRevenue": 173828000,
        "grossProfit": 208452000,
        "grossProfitRatio": 0.5452861777,
        "researchAndDevelopmentExpenses": 0,
        "generalAndAdministrativeExpenses": 60711000,
        "sellingAndMarketingExpenses": 11549000,
        "sellingGeneralAndAdministrativeExpenses": 72260000,
        "otherExpenses": -18848000,
        "operatingExpenses": 53412000,
        "costAndExpenses": 227240000,
        "interestIncome": 0,
        "interestExpense": 16208000,
        "depreciationAndAmortization": -99179000,
        "ebitda": 55861000,
        "ebitdaratio": 0.1461258763,
        "operatingIncome": 155040000,
        "operatingIncomeRatio": 0.4055666004,
        "totalOtherIncomeExpensesNet": -115387000,
        "incomeBeforeTax": 39653000,
        "incomeBeforeTaxRatio": 0.1037276342,
        "incomeTaxExpense": 9431000,
        "netIncome": 30222000,
        "netIncomeRatio": 0.0790572355,
        "eps": 0.0697,
        "epsdiluted": 0.0661,
        "weightedAverageShsOut": 433467000,
        "weightedAverageShsOutDil": 457165000,
        "link": "https://www.sec.gov/Archives/edgar/data/945764/000094576418000135/0000945764-18-000135-index.html",
        "finalLink": "https://www.sec.gov/Archives/edgar/data/945764/000094576418000135/dnr-20180630x10q.htm"
    },
    {
        "date": "2018-03-31",
        "symbol": "DNR",
        "reportedCurrency": "USD",
        "cik": "0000945764",
        "fillingDate": "2018-05-10",
        "acceptedDate": "2018-05-10 16:18:27",
        "calendarYear": "2018",
        "period": "Q1",
        "revenue": 347573000,
        "costOfRevenue": 171269000,
        "grossProfit": 176304000,
        "grossProfitRatio": 0.5072430827,
        "researchAndDevelopmentExpenses": 0,
        "generalAndAdministrativeExpenses": 60340000,
        "sellingAndMarketingExpenses": 12424000,
        "sellingGeneralAndAdministrativeExpenses": 72764000,
        "otherExpenses": -12789000,
        "operatingExpenses": 59975000,
        "costAndExpenses": 231244000,
        "interestIncome": 0,
        "interestExpense": 17239000,
        "depreciationAndAmortization": -45492000,
        "ebitda": 70837000,
        "ebitdaratio": 0.2038046684,
        "operatingIncome": 116329000,
        "operatingIncomeRatio": 0.3346894034,
        "totalOtherIncomeExpensesNet": -62731000,
        "incomeBeforeTax": 53598000,
        "incomeBeforeTaxRatio": 0.1542064545,
        "incomeTaxExpense": 14020000,
        "netIncome": 39578000,
        "netIncomeRatio": 0.1138696044,
        "eps": 0.1,
        "epsdiluted": 0.0877,
        "weightedAverageShsOut": 392742000,
        "weightedAverageShsOutDil": 451543000,
        "link": "https://www.sec.gov/Archives/edgar/data/945764/000094576418000066/0000945764-18-000066-index.html",
        "finalLink": "https://www.sec.gov/Archives/edgar/data/945764/000094576418000066/dnr-20180331x10q.htm"
    },
    {
        "date": "2017-12-31",
        "symbol": "DNR",
        "reportedCurrency": "USD",
        "cik": "0000945764",
        "fillingDate": "2018-02-28",
        "acceptedDate": "2018-02-28 16:18:52",
        "calendarYear": "2017",
        "period": "Q4",
        "revenue": 321227000,
        "costOfRevenue": 158785000,
        "grossProfit": 162442000,
        "grossProfitRatio": 0.5056922363,
        "researchAndDevelopmentExpenses": 0,
        "generalAndAdministrativeExpenses": 60887000,
        "sellingAndMarketingExpenses": 12062000,
        "sellingGeneralAndAdministrativeExpenses": 72949000,
        "otherExpenses": -16025000,
        "operatingExpenses": 56924000,
        "costAndExpenses": 215709000,
        "interestIncome": 0,
        "interestExpense": 23478000,
        "depreciationAndAmortization": -88929000,
        "ebitda": 16589000,
        "ebitdaratio": 0.0516426079,
        "operatingIncome": 105518000,
        "operatingIncomeRatio": 0.3284842183,
        "totalOtherIncomeExpensesNet": -112407000,
        "incomeBeforeTax": -6889000,
        "incomeBeforeTaxRatio": -0.0214458934,
        "incomeTaxExpense": -133670000,
        "netIncome": 126781000,
        "netIncomeRatio": 0.3946772843,
        "eps": 0.32,
        "epsdiluted": 0.31,
        "weightedAverageShsOut": 392354000,
        "weightedAverageShsOutDil": 405793000,
        "link": "https://www.sec.gov/Archives/edgar/data/945764/000094576418000019/0000945764-18-000019-index.html",
        "finalLink": "https://www.sec.gov/Archives/edgar/data/945764/000094576418000019/dnr-20171231x10k.htm"
    },
    {
        "date": "2017-09-30",
        "symbol": "DNR",
        "reportedCurrency": "USD",
        "cik": "0000945764",
        "fillingDate": "2017-11-07",
        "acceptedDate": "2017-11-07 16:49:25",
        "calendarYear": "2017",
        "period": "Q3",
        "revenue": 265620000,
        "costOfRevenue": 171215000,
        "grossProfit": 94405000,
        "grossProfitRatio": 0.355413749,
        "researchAndDevelopmentExpenses": 0,
        "generalAndAdministrativeExpenses": 68356000,
        "sellingAndMarketingExpenses": 11816000,
        "sellingGeneralAndAdministrativeExpenses": 80172000,
        "otherExpenses": -20850000,
        "operatingExpenses": 59322000,
        "costAndExpenses": 230537000,
        "interestIncome": 0,
        "interestExpense": 24546000,
        "depreciationAndAmortization": -24324000,
        "ebitda": 10759000,
        "ebitdaratio": 0.040505233,
        "operatingIncome": 35083000,
        "operatingIncomeRatio": 0.1320796627,
        "totalOtherIncomeExpensesNet": -48870000,
        "incomeBeforeTax": -13787000,
        "incomeBeforeTaxRatio": -0.051904977,
        "incomeTaxExpense": -14229000,
        "netIncome": 442000,
        "netIncomeRatio": 0.0016640313,
        "eps": 0.0011,
        "epsdiluted": 0.0011,
        "weightedAverageShsOut": 392013000,
        "weightedAverageShsOutDil": 393023000,
        "link": "https://www.sec.gov/Archives/edgar/data/945764/000094576417000089/0000945764-17-000089-index.html",
        "finalLink": "https://www.sec.gov/Archives/edgar/data/945764/000094576417000089/dnr-20170930x10q.htm"
    },
    {
        "date": "2017-06-30",
        "symbol": "DNR",
        "reportedCurrency": "USD",
        "cik": "0000945764",
        "fillingDate": "2017-08-08",
        "acceptedDate": "2017-08-08 17:17:05",
        "calendarYear": "2017",
        "period": "Q2",
        "revenue": 257435000,
        "costOfRevenue": 162983000,
        "grossProfit": 94452000,
        "grossProfitRatio": 0.3668964981,
        "researchAndDevelopmentExpenses": 0,
        "generalAndAdministrativeExpenses": 69346000,
        "sellingAndMarketingExpenses": 13877000,
        "sellingGeneralAndAdministrativeExpenses": 83223000,
        "otherExpenses": -23382000,
        "operatingExpenses": 59841000,
        "costAndExpenses": 222824000,
        "interestIncome": 0,
        "interestExpense": 24061000,
        "depreciationAndAmortization": 14122000,
        "ebitda": 48733000,
        "ebitdaratio": 0.1893021539,
        "operatingIncome": 34611000,
        "operatingIncomeRatio": 0.1344455882,
        "totalOtherIncomeExpensesNet": -9939000,
        "incomeBeforeTax": 24672000,
        "incomeBeforeTaxRatio": 0.0958377843,
        "incomeTaxExpense": 10273000,
        "netIncome": 14399000,
        "netIncomeRatio": 0.0559325655,
        "eps": 0.0369,
        "epsdiluted": 0.0367,
        "weightedAverageShsOut": 389904000,
        "weightedAverageShsOutDil": 391827000,
        "link": "https://www.sec.gov/Archives/edgar/data/945764/000094576417000065/0000945764-17-000065-index.html",
        "finalLink": "https://www.sec.gov/Archives/edgar/data/945764/000094576417000065/dnr-20170630x10q.htm"
    },
    {
        "date": "2017-03-31",
        "symbol": "DNR",
        "reportedCurrency": "USD",
        "cik": "0000945764",
        "fillingDate": "2017-05-05",
        "acceptedDate": "2017-05-05 11:41:15",
        "calendarYear": "2017",
        "period": "Q1",
        "revenue": 271566000,
        "costOfRevenue": 165628000,
        "grossProfit": 105938000,
        "grossProfitRatio": 0.3901003808,
        "researchAndDevelopmentExpenses": 0,
        "generalAndAdministrativeExpenses": 71835000,
        "sellingAndMarketingExpenses": 14065000,
        "sellingGeneralAndAdministrativeExpenses": 85900000,
        "otherExpenses": -21154000,
        "operatingExpenses": 64746000,
        "costAndExpenses": 230374000,
        "interestIncome": 0,
        "interestExpense": 27178000,
        "depreciationAndAmortization": 28490000,
        "ebitda": 69682000,
        "ebitdaratio": 0.2565932407,
        "operatingIncome": 41192000,
        "operatingIncomeRatio": 0.1516832004,
        "totalOtherIncomeExpensesNet": 1312000,
        "incomeBeforeTax": 42504000,
        "incomeBeforeTaxRatio": 0.1565144385,
        "incomeTaxExpense": 20974000,
        "netIncome": 21530000,
        "netIncomeRatio": 0.0792809115,
        "eps": 0.0553,
        "epsdiluted": 0.0548,
        "weightedAverageShsOut": 389397000,
        "weightedAverageShsOutDil": 392997000,
        "link": "https://www.sec.gov/Archives/edgar/data/945764/000094576417000026/0000945764-17-000026-index.html",
        "finalLink": "https://www.sec.gov/Archives/edgar/data/945764/000094576417000026/dnr-20170331x10q.htm"
    },
    {
        "date": "2016-12-31",
        "symbol": "DNR",
        "reportedCurrency": "USD",
        "cik": "0000945764",
        "fillingDate": "2017-03-01",
        "acceptedDate": "2017-03-01 13:53:04",
        "calendarYear": "2016",
        "period": "Q4",
        "revenue": 267019000,
        "costOfRevenue": 753908000,
        "grossProfit": -486889000,
        "grossProfitRatio": -1.8234245503,
        "researchAndDevelopmentExpenses": 0,
        "generalAndAdministrativeExpenses": 75920000,
        "sellingAndMarketingExpenses": 16809000,
        "sellingGeneralAndAdministrativeExpenses": 92729000,
        "otherExpenses": -29188000,
        "operatingExpenses": 63541000,
        "costAndExpenses": 817449000,
        "interestIncome": 0,
        "interestExpense": 22138000,
        "depreciationAndAmortization": -24703000,
        "ebitda": -575133000,
        "ebitdaratio": -2.1539029058,
        "operatingIncome": -550430000,
        "operatingIncomeRatio": -2.0613888899,
        "totalOtherIncomeExpensesNet": -46841000,
        "incomeBeforeTax": -597271000,
        "incomeBeforeTaxRatio": -2.2368108636,
        "incomeTaxExpense": -211545000,
        "netIncome": -385726000,
        "netIncomeRatio": -1.44456387,
        "eps": -0.99,
        "epsdiluted": -0.99,
        "weightedAverageShsOut": 388739000,
        "weightedAverageShsOutDil": 388739000,
        "link": "https://www.sec.gov/Archives/edgar/data/945764/000094576417000013/0000945764-17-000013-index.html",
        "finalLink": "https://www.sec.gov/Archives/edgar/data/945764/000094576417000013/dnr-20161231x10k.htm"
    },
    {
        "date": "2016-09-30",
        "symbol": "DNR",
        "reportedCurrency": "USD",
        "cik": "0000945764",
        "fillingDate": "2016-11-07",
        "acceptedDate": "2016-11-07 17:30:38",
        "calendarYear": "2016",
        "period": "Q3",
        "revenue": 246183000,
        "costOfRevenue": 162395000,
        "grossProfit": 83788000,
        "grossProfitRatio": 0.34034844,
        "researchAndDevelopmentExpenses": 0,
        "generalAndAdministrativeExpenses": 67566000,
        "sellingAndMarketingExpenses": 14452000,
        "sellingGeneralAndAdministrativeExpenses": 82018000,
        "otherExpenses": -22522000,
        "operatingExpenses": 59496000,
        "costAndExpenses": 221891000,
        "interestIncome": 0,
        "interestExpense": 24778000,
        "depreciationAndAmortization": -38669000,
        "ebitda": -14377000,
        "ebitdaratio": -0.0583996458,
        "operatingIncome": 24292000,
        "operatingIncomeRatio": 0.0986745632,
        "totalOtherIncomeExpensesNet": -63447000,
        "incomeBeforeTax": -39155000,
        "incomeBeforeTaxRatio": -0.1590483502,
        "incomeTaxExpense": -14565000,
        "netIncome": -24590000,
        "netIncomeRatio": -0.0998850449,
        "eps": -0.0633,
        "epsdiluted": -0.0633,
        "weightedAverageShsOut": 388572000,
        "weightedAverageShsOutDil": 388572000,
        "link": "https://www.sec.gov/Archives/edgar/data/945764/000094576416000136/0000945764-16-000136-index.html",
        "finalLink": "https://www.sec.gov/Archives/edgar/data/945764/000094576416000136/dnr-20160930x10q.htm"
    },
    {
        "date": "2016-06-30",
        "symbol": "DNR",
        "reportedCurrency": "USD",
        "cik": "0000945764",
        "fillingDate": "2016-08-05",
        "acceptedDate": "2016-08-05 16:13:52",
        "calendarYear": "2016",
        "period": "Q2",
        "revenue": 253290000,
        "costOfRevenue": 167631000,
        "grossProfit": 85659000,
        "grossProfitRatio": 0.3381854791,
        "researchAndDevelopmentExpenses": 0,
        "generalAndAdministrativeExpenses": 65983000,
        "sellingAndMarketingExpenses": 12999000,
        "sellingGeneralAndAdministrativeExpenses": 78982000,
        "otherExpenses": -23934000,
        "operatingExpenses": 55048000,
        "costAndExpenses": 222679000,
        "interestIncome": 0,
        "interestExpense": 36058000,
        "depreciationAndAmortization": -598161000,
        "ebitda": -567550000,
        "ebitdaratio": -2.2407122271,
        "operatingIncome": 30611000,
        "operatingIncomeRatio": 0.1208535671,
        "totalOtherIncomeExpensesNet": -634219000,
        "incomeBeforeTax": -603608000,
        "incomeBeforeTaxRatio": -2.3830707884,
        "incomeTaxExpense": -222940000,
        "netIncome": -380668000,
        "netIncomeRatio": -1.5028939161,
        "eps": -1.03,
        "epsdiluted": -1.03,
        "weightedAverageShsOut": 370566000,
        "weightedAverageShsOutDil": 370566000,
        "link": "https://www.sec.gov/Archives/edgar/data/945764/000094576416000128/0000945764-16-000128-index.htm",
        "finalLink": "https://www.sec.gov/Archives/edgar/data/945764/000094576416000128/dnr-20160630x10q.htm"
    },
    {
        "date": "2016-03-31",
        "symbol": "DNR",
        "reportedCurrency": "USD",
        "cik": "0000945764",
        "fillingDate": "2016-05-06",
        "acceptedDate": "2016-05-06 15:08:39",
        "calendarYear": "2016",
        "period": "Q1",
        "revenue": 194075000,
        "costOfRevenue": 180420000,
        "grossProfit": 13655000,
        "grossProfitRatio": 0.0703593971,
        "researchAndDevelopmentExpenses": 0,
        "generalAndAdministrativeExpenses": 82622000,
        "sellingAndMarketingExpenses": 13194000,
        "sellingGeneralAndAdministrativeExpenses": 95816000,
        "otherExpenses": -28629000,
        "operatingExpenses": 67187000,
        "costAndExpenses": 247607000,
        "interestIncome": 0,
        "interestExpense": 42171000,
        "depreciationAndAmortization": -184610000,
        "ebitda": -238142000,
        "ebitdaratio": -1.2270617029,
        "operatingIncome": -53532000,
        "operatingIncomeRatio": -0.2758315084,
        "totalOtherIncomeExpensesNet": -226781000,
        "incomeBeforeTax": -280313000,
        "incomeBeforeTaxRatio": -1.4443539869,
        "incomeTaxExpense": -95120000,
        "netIncome": -185193000,
        "netIncomeRatio": -0.9542341878,
        "eps": -0.53,
        "epsdiluted": -0.53,
        "weightedAverageShsOut": 347235000,
        "weightedAverageShsOutDil": 347235000,
        "link": "https://www.sec.gov/Archives/edgar/data/945764/000094576416000107/0000945764-16-000107-index.html",
        "finalLink": "https://www.sec.gov/Archives/edgar/data/945764/000094576416000107/dnr-20160331x10q.htm"
    },
    {
        "date": "2015-12-31",
        "symbol": "DNR",
        "reportedCurrency": "USD",
        "cik": "0000945764",
        "fillingDate": "2016-02-26",
        "acceptedDate": "2016-02-26 12:52:05",
        "calendarYear": "2015",
        "period": "Q4",
        "revenue": 265635000,
        "costOfRevenue": 241891000,
        "grossProfit": 23744000,
        "grossProfitRatio": 0.0893858114,
        "researchAndDevelopmentExpenses": 0,
        "generalAndAdministrativeExpenses": 81199000,
        "sellingAndMarketingExpenses": 15388000,
        "sellingGeneralAndAdministrativeExpenses": 96587000,
        "otherExpenses": -29618000,
        "operatingExpenses": 66969000,
        "costAndExpenses": 308860000,
        "interestIncome": 0,
        "interestExpense": 40081000,
        "depreciationAndAmortization": -1310796000,
        "ebitda": -1354021000,
        "ebitdaratio": -5.0972989252,
        "operatingIncome": -43225000,
        "operatingIncomeRatio": -0.1627232857,
        "totalOtherIncomeExpensesNet": -1350877000,
        "incomeBeforeTax": -1394102000,
        "incomeBeforeTaxRatio": -5.2481864212,
        "incomeTaxExpense": -509025000,
        "netIncome": -885077000,
        "netIncomeRatio": -3.3319291509,
        "eps": -2.56,
        "epsdiluted": -2.56,
        "weightedAverageShsOut": 345876000,
        "weightedAverageShsOutDil": 345876000,
        "link": "https://www.sec.gov/Archives/edgar/data/945764/000094576416000092/0000945764-16-000092-index.html",
        "finalLink": "https://www.sec.gov/Archives/edgar/data/945764/000094576416000092/dnr-20151231x10k.htm"
    },
    {
        "date": "2015-09-30",
        "symbol": "DNR",
        "reportedCurrency": "USD",
        "cik": "0000945764",
        "fillingDate": "2015-11-06",
        "acceptedDate": "2015-11-06 16:56:27",
        "calendarYear": "2015",
        "period": "Q3",
        "revenue": 299532000,
        "costOfRevenue": 236325000,
        "grossProfit": 63207000,
        "grossProfitRatio": 0.2110191899,
        "researchAndDevelopmentExpenses": 0,
        "generalAndAdministrativeExpenses": 87500000,
        "sellingAndMarketingExpenses": 14458000,
        "sellingGeneralAndAdministrativeExpenses": 101958000,
        "otherExpenses": -28986000,
        "operatingExpenses": 72972000,
        "costAndExpenses": 309297000,
        "interestIncome": 0,
        "interestExpense": 39225000,
        "depreciationAndAmortization": -2926016000,
        "ebitda": -2935781000,
        "ebitdaratio": -9.8012265801,
        "operatingIncome": -9765000,
        "operatingIncomeRatio": -0.0326008573,
        "totalOtherIncomeExpensesNet": -2965241000,
        "incomeBeforeTax": -2975006000,
        "incomeBeforeTaxRatio": -9.9321808688,
        "incomeTaxExpense": -730880000,
        "netIncome": -2244126000,
        "netIncomeRatio": -7.492107688,
        "eps": -6.41,
        "epsdiluted": -6.41,
        "weightedAverageShsOut": 350052000,
        "weightedAverageShsOutDil": 350052000,
        "link": "https://www.sec.gov/Archives/edgar/data/945764/000094576415000067/0000945764-15-000067-index.html",
        "finalLink": "https://www.sec.gov/Archives/edgar/data/945764/000094576415000067/dnr-20150930x10q.htm"
    },
    {
        "date": "2015-06-30",
        "symbol": "DNR",
        "reportedCurrency": "USD",
        "cik": "0000945764",
        "fillingDate": "2015-08-06",
        "acceptedDate": "2015-08-06 17:19:17",
        "calendarYear": "2015",
        "period": "Q2",
        "revenue": 374043000,
        "costOfRevenue": 281055000,
        "grossProfit": 92988000,
        "grossProfitRatio": 0.2486024334,
        "researchAndDevelopmentExpenses": 0,
        "generalAndAdministrativeExpenses": 93049000,
        "sellingAndMarketingExpenses": 14215000,
        "sellingGeneralAndAdministrativeExpenses": 107264000,
        "otherExpenses": -21547000,
        "operatingExpenses": 85717000,
        "costAndExpenses": 366772000,
        "interestIncome": 0,
        "interestExpense": 39863000,
        "depreciationAndAmortization": -1752075000,
        "ebitda": -1744804000,
        "ebitdaratio": -4.6647150194,
        "operatingIncome": 7271000,
        "operatingIncomeRatio": 0.0194389415,
        "totalOtherIncomeExpensesNet": -1791938000,
        "incomeBeforeTax": -1784667000,
        "incomeBeforeTaxRatio": -4.7712883278,
        "incomeTaxExpense": -636168000,
        "netIncome": -1148499000,
        "netIncomeRatio": -3.0704999158,
        "eps": -3.28,
        "epsdiluted": -3.28,
        "weightedAverageShsOut": 350039000,
        "weightedAverageShsOutDil": 350039000,
        "link": "https://www.sec.gov/Archives/edgar/data/945764/000094576415000046/0000945764-15-000046-index.html",
        "finalLink": "https://www.sec.gov/Archives/edgar/data/945764/000094576415000046/dnr-20150630x10q.htm"
    },
    {
        "date": "2015-03-31",
        "symbol": "DNR",
        "reportedCurrency": "USD",
        "cik": "0000945764",
        "fillingDate": "2015-05-06",
        "acceptedDate": "2015-05-06 17:21:23",
        "calendarYear": "2015",
        "period": "Q1",
        "revenue": 304442000,
        "costOfRevenue": 291989000,
        "grossProfit": 12453000,
        "grossProfitRatio": 0.040904343,
        "researchAndDevelopmentExpenses": 0,
        "generalAndAdministrativeExpenses": 106339000,
        "sellingAndMarketingExpenses": 11685000,
        "sellingGeneralAndAdministrativeExpenses": 118024000,
        "otherExpenses": -33380000,
        "operatingExpenses": 84644000,
        "costAndExpenses": 376633000,
        "interestIncome": 0,
        "interestExpense": 40099000,
        "depreciationAndAmortization": -59917000,
        "ebitda": -132108000,
        "ebitdaratio": -0.433934871,
        "operatingIncome": -72191000,
        "operatingIncomeRatio": -0.2371256266,
        "totalOtherIncomeExpensesNet": -100016000,
        "incomeBeforeTax": -172207000,
        "incomeBeforeTaxRatio": -0.5656479724,
        "incomeTaxExpense": -64461000,
        "netIncome": -107746000,
        "netIncomeRatio": -0.3539130606,
        "eps": -0.31,
        "epsdiluted": -0.31,
        "weightedAverageShsOut": 350688000,
        "weightedAverageShsOutDil": 350688000,
        "link": "https://www.sec.gov/Archives/edgar/data/945764/000094576415000035/0000945764-15-000035-index.html",
        "finalLink": "https://www.sec.gov/Archives/edgar/data/945764/000094576415000035/dnr-20150331x10q.htm"
    },
    {
        "date": "2014-12-31",
        "symbol": "DNR",
        "reportedCurrency": "USD",
        "cik": "0000945764",
        "fillingDate": "2015-02-27",
        "acceptedDate": "2015-02-27 13:55:30",
        "calendarYear": "2014",
        "period": "Q4",
        "revenue": 480275000,
        "costOfRevenue": 318843000,
        "grossProfit": 161432000,
        "grossProfitRatio": 0.3361240956,
        "researchAndDevelopmentExpenses": 0,
        "generalAndAdministrativeExpenses": 93440000,
        "sellingAndMarketingExpenses": 14116000,
        "sellingGeneralAndAdministrativeExpenses": 107556000,
        "otherExpenses": -25168000,
        "operatingExpenses": 82388000,
        "costAndExpenses": 401231000,
        "interestIncome": 0,
        "interestExpense": 42867000,
        "depreciationAndAmortization": 545023000,
        "ebitda": 624067000,
        "ebitdaratio": 1.2993951382,
        "operatingIncome": 79044000,
        "operatingIncomeRatio": 0.164580709,
        "totalOtherIncomeExpensesNet": 502156000,
        "incomeBeforeTax": 581200000,
        "incomeBeforeTaxRatio": 1.2101400239,
        "incomeTaxExpense": 217567000,
        "netIncome": 363633000,
        "netIncomeRatio": 0.7571349748,
        "eps": 1.04,
        "epsdiluted": 1.04,
        "weightedAverageShsOut": 348869000,
        "weightedAverageShsOutDil": 350627000,
        "link": "https://www.sec.gov/Archives/edgar/data/945764/000094576415000013/0000945764-15-000013-index.htm",
        "finalLink": "https://www.sec.gov/Archives/edgar/data/945764/000094576415000013/dnr-20141231x10k.htm"
    },
    {
        "date": "2014-09-30",
        "symbol": "DNR",
        "reportedCurrency": "USD",
        "cik": "0000945764",
        "fillingDate": "2014-11-07",
        "acceptedDate": "2014-11-07 14:52:18",
        "calendarYear": "2014",
        "period": "Q3",
        "revenue": 633383000,
        "costOfRevenue": 313192000,
        "grossProfit": 320191000,
        "grossProfitRatio": 0.505525093,
        "researchAndDevelopmentExpenses": 0,
        "generalAndAdministrativeExpenses": 98341000,
        "sellingAndMarketingExpenses": 15328000,
        "sellingGeneralAndAdministrativeExpenses": 113669000,
        "otherExpenses": -18009000,
        "operatingExpenses": 95660000,
        "costAndExpenses": 408852000,
        "interestIncome": 0,
        "interestExpense": 44752000,
        "depreciationAndAmortization": 256539000,
        "ebitda": 481070000,
        "ebitdaratio": 0.7595246478,
        "operatingIncome": 224531000,
        "operatingIncomeRatio": 0.3544948317,
        "totalOtherIncomeExpensesNet": 211787000,
        "incomeBeforeTax": 436318000,
        "incomeBeforeTaxRatio": 0.6888691361,
        "incomeTaxExpense": 167570000,
        "netIncome": 268748000,
        "netIncomeRatio": 0.4243056729,
        "eps": 0.77,
        "epsdiluted": 0.77,
        "weightedAverageShsOut": 348454000,
        "weightedAverageShsOutDil": 350918000,
        "link": "https://www.sec.gov/Archives/edgar/data/945764/000094576414000056/0000945764-14-000056-index.html",
        "finalLink": "https://www.sec.gov/Archives/edgar/data/945764/000094576414000056/dnr-20140930x10q.htm"
    },
    {
        "date": "2014-06-30",
        "symbol": "DNR",
        "reportedCurrency": "USD",
        "cik": "0000945764",
        "fillingDate": "2014-08-07",
        "acceptedDate": "2014-08-07 12:30:29",
        "calendarYear": "2014",
        "period": "Q2",
        "revenue": 668851000,
        "costOfRevenue": 317004000,
        "grossProfit": 351847000,
        "grossProfitRatio": 0.5260469073,
        "researchAndDevelopmentExpenses": 0,
        "generalAndAdministrativeExpenses": 97179000,
        "sellingAndMarketingExpenses": 18149000,
        "sellingGeneralAndAdministrativeExpenses": 115328000,
        "otherExpenses": -7377000,
        "operatingExpenses": 107951000,
        "costAndExpenses": 424955000,
        "interestIncome": 0,
        "interestExpense": 46550000,
        "depreciationAndAmortization": -285410000,
        "ebitda": -41514000,
        "ebitdaratio": -0.0620676354,
        "operatingIncome": 243896000,
        "operatingIncomeRatio": 0.3646492268,
        "totalOtherIncomeExpensesNet": -331960000,
        "incomeBeforeTax": -88064000,
        "incomeBeforeTaxRatio": -0.1316646009,
        "incomeTaxExpense": -32864000,
        "netIncome": -55200000,
        "netIncomeRatio": -0.0825295918,
        "eps": -0.16,
        "epsdiluted": -0.16,
        "weightedAverageShsOut": 347803000,
        "weightedAverageShsOutDil": 347803000,
        "link": "https://www.sec.gov/Archives/edgar/data/945764/000094576414000045/0000945764-14-000045-index.html",
        "finalLink": "https://www.sec.gov/Archives/edgar/data/945764/000094576414000045/dnr-20140630x10q.htm"
    },
    {
        "date": "2014-03-31",
        "symbol": "DNR",
        "reportedCurrency": "USD",
        "cik": "0000945764",
        "fillingDate": "2014-05-12",
        "acceptedDate": "2014-05-12 14:47:01",
        "calendarYear": "2014",
        "period": "Q1",
        "revenue": 634607000,
        "costOfRevenue": 316714000,
        "grossProfit": 317893000,
        "grossProfitRatio": 0.5009289214,
        "researchAndDevelopmentExpenses": 0,
        "generalAndAdministrativeExpenses": 103223000,
        "sellingAndMarketingExpenses": 16786000,
        "sellingGeneralAndAdministrativeExpenses": 120009000,
        "otherExpenses": -13585000,
        "operatingExpenses": 106424000,
        "costAndExpenses": 423138000,
        "interestIncome": 0,
        "interestExpense": 48834000,
        "depreciationAndAmortization": -69532000,
        "ebitda": 141937000,
        "ebitdaratio": 0.2236612581,
        "operatingIncome": 211469000,
        "operatingIncomeRatio": 0.3332282814,
        "totalOtherIncomeExpensesNet": -118366000,
        "incomeBeforeTax": 93103000,
        "incomeBeforeTaxRatio": 0.1467096959,
        "incomeTaxExpense": 34793000,
        "netIncome": 58310000,
        "netIncomeRatio": 0.0918836382,
        "eps": 0.17,
        "epsdiluted": 0.17,
        "weightedAverageShsOut": 350747000,
        "weightedAverageShsOutDil": 352925000,
        "link": "https://www.sec.gov/Archives/edgar/data/945764/000094576414000033/0000945764-14-000033-index.html",
        "finalLink": "https://www.sec.gov/Archives/edgar/data/945764/000094576414000033/dnr-20140331x10q.htm"
    },
    {
        "date": "2013-12-31",
        "symbol": "DNR",
        "reportedCurrency": "USD",
        "cik": "0000945764",
        "fillingDate": "2014-02-28",
        "acceptedDate": "2014-02-28 17:04:36",
        "calendarYear": "2013",
        "period": "Q4",
        "revenue": 595681000,
        "costOfRevenue": 338705000,
        "grossProfit": 256976000,
        "grossProfitRatio": 0.4313986849,
        "researchAndDevelopmentExpenses": 0,
        "generalAndAdministrativeExpenses": 88709000,
        "sellingAndMarketingExpenses": 12987000,
        "sellingGeneralAndAdministrativeExpenses": 101696000,
        "otherExpenses": -10725000,
        "operatingExpenses": 90971000,
        "costAndExpenses": 429676000,
        "interestIncome": 0,
        "interestExpense": 39572000,
        "depreciationAndAmortization": 3341000,
        "ebitda": 169346000,
        "ebitdaratio": 0.2842897457,
        "operatingIncome": 166005000,
        "operatingIncomeRatio": 0.278681039,
        "totalOtherIncomeExpensesNet": -36231000,
        "incomeBeforeTax": 129774000,
        "incomeBeforeTaxRatio": 0.2178582161,
        "incomeTaxExpense": 39782000,
        "netIncome": 89992000,
        "netIncomeRatio": 0.1510741487,
        "eps": 0.25,
        "epsdiluted": 0.25,
        "weightedAverageShsOut": 362378000,
        "weightedAverageShsOutDil": 365608000,
        "link": "https://www.sec.gov/Archives/edgar/data/945764/000094576414000014/0000945764-14-000014-index.htm",
        "finalLink": "https://www.sec.gov/Archives/edgar/data/945764/000094576414000014/dnr-20131231x10k.htm"
    },
    {
        "date": "2013-09-30",
        "symbol": "DNR",
        "reportedCurrency": "USD",
        "cik": "0000945764",
        "fillingDate": "2013-11-07",
        "acceptedDate": "2013-11-07 15:58:50",
        "calendarYear": "2013",
        "period": "Q3",
        "revenue": 673542000,
        "costOfRevenue": 310682000,
        "grossProfit": 362860000,
        "grossProfitRatio": 0.5387340359,
        "researchAndDevelopmentExpenses": 0,
        "generalAndAdministrativeExpenses": 92685000,
        "sellingAndMarketingExpenses": 13131000,
        "sellingGeneralAndAdministrativeExpenses": 105816000,
        "otherExpenses": -7449000,
        "operatingExpenses": 98367000,
        "costAndExpenses": 409049000,
        "interestIncome": 0,
        "interestExpense": 34501000,
        "depreciationAndAmortization": -70627000,
        "ebitda": 193866000,
        "ebitdaratio": 0.287830603,
        "operatingIncome": 264493000,
        "operatingIncomeRatio": 0.3926896912,
        "totalOtherIncomeExpensesNet": -105128000,
        "incomeBeforeTax": 159365000,
        "incomeBeforeTaxRatio": 0.2366073682,
        "incomeTaxExpense": 57311000,
        "netIncome": 102054000,
        "netIncomeRatio": 0.1515183908,
        "eps": 0.28,
        "epsdiluted": 0.28,
        "weightedAverageShsOut": 366088000,
        "weightedAverageShsOutDil": 369142000,
        "link": "https://www.sec.gov/Archives/edgar/data/945764/000094576413000068/0000945764-13-000068-index.html",
        "finalLink": "https://www.sec.gov/Archives/edgar/data/945764/000094576413000068/dnr-20130930x10q.htm"
    },
    {
        "date": "2013-06-30",
        "symbol": "DNR",
        "reportedCurrency": "USD",
        "cik": "0000945764",
        "fillingDate": "2013-08-06",
        "acceptedDate": "2013-08-06 17:17:03",
        "calendarYear": "2013",
        "period": "Q2",
        "revenue": 644750000,
        "costOfRevenue": 350884000,
        "grossProfit": 293866000,
        "grossProfitRatio": 0.4557828616,
        "researchAndDevelopmentExpenses": 0,
        "generalAndAdministrativeExpenses": 90507000,
        "sellingAndMarketingExpenses": 13332000,
        "sellingGeneralAndAdministrativeExpenses": 103839000,
        "otherExpenses": -12185000,
        "operatingExpenses": 91654000,
        "costAndExpenses": 442538000,
        "interestIncome": 0,
        "interestExpense": 30602000,
        "depreciationAndAmortization": 39696000,
        "ebitda": 241908000,
        "ebitdaratio": 0.3751965878,
        "operatingIncome": 202212000,
        "operatingIncomeRatio": 0.3136285382,
        "totalOtherIncomeExpensesNet": 9094000,
        "incomeBeforeTax": 211306000,
        "incomeBeforeTaxRatio": 0.3277332299,
        "incomeTaxExpense": 81326000,
        "netIncome": 129980000,
        "netIncomeRatio": 0.2015975184,
        "eps": 0.35,
        "epsdiluted": 0.35,
        "weightedAverageShsOut": 368850000,
        "weightedAverageShsOutDil": 371969000,
        "link": "https://www.sec.gov/Archives/edgar/data/945764/000094576413000061/0000945764-13-000061-index.html",
        "finalLink": "https://www.sec.gov/Archives/edgar/data/945764/000094576413000061/dnr-20130630x10q.htm"
    },
    {
        "date": "2013-03-31",
        "symbol": "DNR",
        "reportedCurrency": "USD",
        "cik": "0000945764",
        "fillingDate": "2013-05-10",
        "acceptedDate": "2013-05-10 12:06:59",
        "calendarYear": "2013",
        "period": "Q1",
        "revenue": 580211000,
        "costOfRevenue": 257162000,
        "grossProfit": 323049000,
        "grossProfitRatio": 0.5567784823,
        "researchAndDevelopmentExpenses": 0,
        "generalAndAdministrativeExpenses": 94770000,
        "sellingAndMarketingExpenses": 9796000,
        "sellingGeneralAndAdministrativeExpenses": 104566000,
        "otherExpenses": -14870000,
        "operatingExpenses": 89696000,
        "costAndExpenses": 346858000,
        "interestIncome": 0,
        "interestExpense": 36034000,
        "depreciationAndAmortization": -55384000,
        "ebitda": 177969000,
        "ebitdaratio": 0.3067315166,
        "operatingIncome": 233353000,
        "operatingIncomeRatio": 0.402186446,
        "totalOtherIncomeExpensesNet": -91418000,
        "incomeBeforeTax": 141935000,
        "incomeBeforeTaxRatio": 0.2446265238,
        "incomeTaxExpense": 54364000,
        "netIncome": 87571000,
        "netIncomeRatio": 0.1509295756,
        "eps": 0.24,
        "epsdiluted": 0.23,
        "weightedAverageShsOut": 369396000,
        "weightedAverageShsOutDil": 372867000,
        "link": "https://www.sec.gov/Archives/edgar/data/945764/000094576413000042/0000945764-13-000042-index.html",
        "finalLink": "https://www.sec.gov/Archives/edgar/data/945764/000094576413000042/dnr-20130331x10q.htm"
    },
    {
        "date": "2012-12-31",
        "symbol": "DNR",
        "reportedCurrency": "USD",
        "cik": "0000945764",
        "fillingDate": "2013-02-28",
        "acceptedDate": "2013-02-28 13:56:48",
        "calendarYear": "2012",
        "period": "Q4",
        "revenue": 603266000,
        "costOfRevenue": 894297000,
        "grossProfit": -291031000,
        "grossProfitRatio": -0.482425663,
        "researchAndDevelopmentExpenses": 0,
        "generalAndAdministrativeExpenses": 254295000,
        "sellingAndMarketingExpenses": 15060000,
        "sellingGeneralAndAdministrativeExpenses": 269355000,
        "otherExpenses": -813637000,
        "operatingExpenses": -544282000,
        "costAndExpenses": 350015000,
        "interestIncome": 0,
        "interestExpense": 37836000,
        "depreciationAndAmortization": -20050000,
        "ebitda": 233201000,
        "ebitdaratio": 0.3865641359,
        "operatingIncome": 253251000,
        "operatingIncomeRatio": 0.4197998893,
        "totalOtherIncomeExpensesNet": -57886000,
        "incomeBeforeTax": 195365000,
        "incomeBeforeTaxRatio": 0.3238455341,
        "incomeTaxExpense": 80704000,
        "netIncome": 114661000,
        "netIncomeRatio": 0.1900670683,
        "eps": 0.3,
        "epsdiluted": 0.3,
        "weightedAverageShsOut": 379815000,
        "weightedAverageShsOutDil": 383231000,
        "link": "https://www.sec.gov/Archives/edgar/data/945764/000094576413000027/0000945764-13-000027-index.html",
        "finalLink": "https://www.sec.gov/Archives/edgar/data/945764/000094576413000027/dnr-20121231x10k.htm"
    },
    {
        "date": "2012-09-30",
        "symbol": "DNR",
        "reportedCurrency": "USD",
        "cik": "0000945764",
        "fillingDate": "2012-11-08",
        "acceptedDate": "2012-11-08 13:34:23",
        "calendarYear": "2012",
        "period": "Q3",
        "revenue": 595316000,
        "costOfRevenue": 54740000,
        "grossProfit": 540576000,
        "grossProfitRatio": 0.9080488346,
        "researchAndDevelopmentExpenses": 0,
        "generalAndAdministrativeExpenses": 24646000,
        "sellingAndMarketingExpenses": 14728000,
        "sellingGeneralAndAdministrativeExpenses": 39374000,
        "otherExpenses": 267420000,
        "operatingExpenses": 306794000,
        "costAndExpenses": 361534000,
        "interestIncome": 0,
        "interestExpense": 37827000,
        "depreciationAndAmortization": -56576000,
        "ebitda": 177206000,
        "ebitdaratio": 0.2976671213,
        "operatingIncome": 233782000,
        "operatingIncomeRatio": 0.3927023631,
        "totalOtherIncomeExpensesNet": -94403000,
        "incomeBeforeTax": 139379000,
        "incomeBeforeTaxRatio": 0.2341260776,
        "incomeTaxExpense": 54012000,
        "netIncome": 85367000,
        "netIncomeRatio": 0.1433977921,
        "eps": 0.22,
        "epsdiluted": 0.22,
        "weightedAverageShsOut": 387512000,
        "weightedAverageShsOutDil": 390909000,
        "link": "https://www.sec.gov/Archives/edgar/data/945764/000094576412000080/0000945764-12-000080-index.html",
        "finalLink": "https://www.sec.gov/Archives/edgar/data/945764/000094576412000080/form10q.htm"
    },
    {
        "date": "2012-06-30",
        "symbol": "DNR",
        "reportedCurrency": "USD",
        "cik": "0000945764",
        "fillingDate": "2012-08-08",
        "acceptedDate": "2012-08-08 17:01:32",
        "calendarYear": "2012",
        "period": "Q2",
        "revenue": 597442000,
        "costOfRevenue": 51030000,
        "grossProfit": 546412000,
        "grossProfitRatio": 0.914585851,
        "researchAndDevelopmentExpenses": 0,
        "generalAndAdministrativeExpenses": 23670000,
        "sellingAndMarketingExpenses": 12218000,
        "sellingGeneralAndAdministrativeExpenses": 35888000,
        "otherExpenses": 256800000,
        "operatingExpenses": 292688000,
        "costAndExpenses": 343718000,
        "interestIncome": 0,
        "interestExpense": 41604000,
        "depreciationAndAmortization": 130681000,
        "ebitda": 384405000,
        "ebitdaratio": 0.6434181059,
        "operatingIncome": 253724000,
        "operatingIncomeRatio": 0.4246839024,
        "totalOtherIncomeExpensesNet": 89077000,
        "incomeBeforeTax": 342801000,
        "incomeBeforeTaxRatio": 0.5737812206,
        "incomeTaxExpense": 130936000,
        "netIncome": 211865000,
        "netIncomeRatio": 0.3546201974,
        "eps": 0.55,
        "epsdiluted": 0.54,
        "weightedAverageShsOut": 387159000,
        "weightedAverageShsOutDil": 390702000,
        "link": "https://www.sec.gov/Archives/edgar/data/945764/000094576412000067/0000945764-12-000067-index.html",
        "finalLink": "https://www.sec.gov/Archives/edgar/data/945764/000094576412000067/form10q.htm"
    },
    {
        "date": "2012-03-31",
        "symbol": "DNR",
        "reportedCurrency": "USD",
        "cik": "0000945764",
        "fillingDate": "2012-05-10",
        "acceptedDate": "2012-05-10 15:56:40",
        "calendarYear": "2012",
        "period": "Q1",
        "revenue": 640296000,
        "costOfRevenue": 54524000,
        "grossProfit": 585772000,
        "grossProfitRatio": 0.9148456339,
        "researchAndDevelopmentExpenses": 0,
        "generalAndAdministrativeExpenses": 31982000,
        "sellingAndMarketingExpenses": 10830000,
        "sellingGeneralAndAdministrativeExpenses": 42812000,
        "otherExpenses": 258859000,
        "operatingExpenses": 301671000,
        "costAndExpenses": 356195000,
        "interestIncome": 0,
        "interestExpense": 36314000,
        "depreciationAndAmortization": -68475000,
        "ebitda": 215626000,
        "ebitdaratio": 0.3367598736,
        "operatingIncome": 284101000,
        "operatingIncomeRatio": 0.4437026,
        "totalOtherIncomeExpensesNet": -104789000,
        "incomeBeforeTax": 179312000,
        "incomeBeforeTaxRatio": 0.280045479,
        "incomeTaxExpense": 65845000,
        "netIncome": 113467000,
        "netIncomeRatio": 0.1772102278,
        "eps": 0.29,
        "epsdiluted": 0.29,
        "weightedAverageShsOut": 386367000,
        "weightedAverageShsOutDil": 390943000,
        "link": "https://www.sec.gov/Archives/edgar/data/945764/000094576412000013/0000945764-12-000013-index.htm",
        "finalLink": "https://www.sec.gov/Archives/edgar/data/945764/000094576412000013/form10k.htm"
    },
    {
        "date": "2011-12-31",
        "symbol": "DNR",
        "reportedCurrency": "USD",
        "cik": "0000945764",
        "fillingDate": "2012-02-28",
        "acceptedDate": "2012-02-28 17:09:54",
        "calendarYear": "2011",
        "period": "Q4",
        "revenue": 612240000,
        "costOfRevenue": 64193000,
        "grossProfit": 548047000,
        "grossProfitRatio": 0.8951505945,
        "researchAndDevelopmentExpenses": 0,
        "generalAndAdministrativeExpenses": 30750000,
        "sellingAndMarketingExpenses": 223966000,
        "sellingGeneralAndAdministrativeExpenses": 254716000,
        "otherExpenses": 0,
        "operatingExpenses": 254716000,
        "costAndExpenses": 318909000,
        "interestIncome": 0,
        "interestExpense": 17864000,
        "depreciationAndAmortization": -195598000,
        "ebitda": 97733000,
        "ebitdaratio": 0.1596318437,
        "operatingIncome": 293331000,
        "operatingIncomeRatio": 0.4791111329,
        "totalOtherIncomeExpensesNet": -213462000,
        "incomeBeforeTax": 79869000,
        "incomeBeforeTaxRatio": 0.1304537436,
        "incomeTaxExpense": 27262000,
        "netIncome": 52607000,
        "netIncomeRatio": 0.0859254541,
        "eps": 0.14,
        "epsdiluted": 0.14,
        "weightedAverageShsOut": 386367000,
        "weightedAverageShsOutDil": 386367000,
        "link": "https://www.sec.gov/Archives/edgar/data/945764/000094576412000013/0000945764-12-000013-index.html",
        "finalLink": "https://www.sec.gov/Archives/edgar/data/945764/000094576412000013/form10k.htm"
    },
    {
        "date": "2011-09-30",
        "symbol": "DNR",
        "reportedCurrency": "USD",
        "cik": "0000945764",
        "fillingDate": "2011-11-08",
        "acceptedDate": "2011-11-08 17:12:40",
        "calendarYear": "2011",
        "period": "Q3",
        "revenue": 572064000,
        "costOfRevenue": 36949000,
        "grossProfit": 535115000,
        "grossProfitRatio": 0.9354110729,
        "researchAndDevelopmentExpenses": 0,
        "generalAndAdministrativeExpenses": 30264000,
        "sellingAndMarketingExpenses": 238509000,
        "sellingGeneralAndAdministrativeExpenses": 268773000,
        "otherExpenses": 0,
        "operatingExpenses": 268773000,
        "costAndExpenses": 305722000,
        "interestIncome": 0,
        "interestExpense": 79621000,
        "depreciationAndAmortization": 256599000,
        "ebitda": 522941000,
        "ebitdaratio": 0.9141302372,
        "operatingIncome": 266342000,
        "operatingIncomeRatio": 0.4655807742,
        "totalOtherIncomeExpensesNet": 176978000,
        "incomeBeforeTax": 443320000,
        "incomeBeforeTaxRatio": 0.7749482575,
        "incomeTaxExpense": 167650000,
        "netIncome": 275670000,
        "netIncomeRatio": 0.4818866421,
        "eps": 0.69,
        "epsdiluted": 0.68,
        "weightedAverageShsOut": 399040000,
        "weightedAverageShsOutDil": 403311000,
        "link": "https://www.sec.gov/Archives/edgar/data/945764/000094576411000023/0000945764-11-000023-index.html",
        "finalLink": "https://www.sec.gov/Archives/edgar/data/945764/000094576411000023/form10q.htm"
    },
    {
        "date": "2011-06-30",
        "symbol": "DNR",
        "reportedCurrency": "USD",
        "cik": "0000945764",
        "fillingDate": "2011-08-08",
        "acceptedDate": "2011-08-08 16:50:41",
        "calendarYear": "2011",
        "period": "Q2",
        "revenue": 596442000,
        "costOfRevenue": 39688000,
        "grossProfit": 556754000,
        "grossProfitRatio": 0.9334587437,
        "researchAndDevelopmentExpenses": 0,
        "generalAndAdministrativeExpenses": 32769000,
        "sellingAndMarketingExpenses": 233427000,
        "sellingGeneralAndAdministrativeExpenses": 266196000,
        "otherExpenses": 0,
        "operatingExpenses": 266196000,
        "costAndExpenses": 305884000,
        "interestIncome": 0,
        "interestExpense": 42249000,
        "depreciationAndAmortization": 175493000,
        "ebitda": 466051000,
        "ebitdaratio": 0.7813852814,
        "operatingIncome": 290558000,
        "operatingIncomeRatio": 0.4871521456,
        "totalOtherIncomeExpensesNet": 133244000,
        "incomeBeforeTax": 423802000,
        "incomeBeforeTaxRatio": 0.7105502295,
        "incomeTaxExpense": 164556000,
        "netIncome": 259246000,
        "netIncomeRatio": 0.4346541659,
        "eps": 0.65,
        "epsdiluted": 0.64,
        "weightedAverageShsOut": 398631000,
        "weightedAverageShsOutDil": 403919000,
        "link": "https://www.sec.gov/Archives/edgar/data/945764/000095012311074466/0000950123-11-074466-index.html",
        "finalLink": "https://www.sec.gov/Archives/edgar/data/945764/000095012311074466/d84009qe10vq.htm"
    },
    {
        "date": "2011-03-31",
        "symbol": "DNR",
        "reportedCurrency": "USD",
        "cik": "0000945764",
        "fillingDate": "2011-05-10",
        "acceptedDate": "2011-05-10 17:13:18",
        "calendarYear": "2011",
        "period": "Q1",
        "revenue": 511116000,
        "costOfRevenue": 32751000,
        "grossProfit": 478365000,
        "grossProfitRatio": 0.9359225694,
        "researchAndDevelopmentExpenses": 0,
        "generalAndAdministrativeExpenses": 46000000,
        "sellingAndMarketingExpenses": 220691000,
        "sellingGeneralAndAdministrativeExpenses": 266691000,
        "otherExpenses": 0,
        "operatingExpenses": 266691000,
        "costAndExpenses": 299442000,
        "interestIncome": 0,
        "interestExpense": 48777000,
        "depreciationAndAmortization": -185843000,
        "ebitda": 25831000,
        "ebitdaratio": 0.0505384296,
        "operatingIncome": 211674000,
        "operatingIncomeRatio": 0.4141408213,
        "totalOtherIncomeExpensesNet": -234620000,
        "incomeBeforeTax": -22946000,
        "incomeBeforeTaxRatio": -0.0448939184,
        "incomeTaxExpense": -8756000,
        "netIncome": -14190000,
        "netIncomeRatio": -0.0277627779,
        "eps": -0.0357,
        "epsdiluted": -0.0357,
        "weightedAverageShsOut": 397386000,
        "weightedAverageShsOutDil": 397386000,
        "link": "https://www.sec.gov/Archives/edgar/data/945764/000095012311048447/0000950123-11-048447-index.html",
        "finalLink": "https://www.sec.gov/Archives/edgar/data/945764/000095012311048447/d81113e10vq.htm"
    },
    {
        "date": "2010-12-31",
        "symbol": "DNR",
        "reportedCurrency": "USD",
        "cik": "0000945764",
        "fillingDate": "2011-03-01",
        "acceptedDate": "2011-03-01 17:23:02",
        "calendarYear": "2010",
        "period": "Q4",
        "revenue": 417420000,
        "costOfRevenue": -325181000,
        "grossProfit": 742601000,
        "grossProfitRatio": 1.7790259211,
        "researchAndDevelopmentExpenses": 0,
        "generalAndAdministrativeExpenses": 46878000,
        "sellingAndMarketingExpenses": 598547000,
        "sellingGeneralAndAdministrativeExpenses": 645425000,
        "otherExpenses": 0,
        "operatingExpenses": 645425000,
        "costAndExpenses": 320244000,
        "interestIncome": 0,
        "interestExpense": 52883000,
        "depreciationAndAmortization": -18989000,
        "ebitda": 78187000,
        "ebitdaratio": 0.1873101433,
        "operatingIncome": 97176000,
        "operatingIncomeRatio": 0.2328014949,
        "totalOtherIncomeExpensesNet": -78476000,
        "incomeBeforeTax": 18700000,
        "incomeBeforeTaxRatio": 0.0447990034,
        "incomeTaxExpense": 14940000,
        "netIncome": 10364000,
        "netIncomeRatio": 0.0248287097,
        "eps": 0.0261,
        "epsdiluted": 0.0261,
        "weightedAverageShsOut": 397386000,
        "weightedAverageShsOutDil": 397386000,
        "link": "https://www.sec.gov/Archives/edgar/data/945764/000095012311020804/0000950123-11-020804-index.htm",
        "finalLink": "https://www.sec.gov/Archives/edgar/data/945764/000095012311020804/d77748e10vk.htm"
    },
    {
        "date": "2010-09-30",
        "symbol": "DNR",
        "reportedCurrency": "USD",
        "cik": "0000945764",
        "fillingDate": "2010-11-09",
        "acceptedDate": "2010-11-09 16:37:34",
        "calendarYear": "2010",
        "period": "Q3",
        "revenue": 465435000,
        "costOfRevenue": 169798000,
        "grossProfit": 295637000,
        "grossProfitRatio": 0.63518429,
        "researchAndDevelopmentExpenses": 0,
        "generalAndAdministrativeExpenses": 37115000,
        "sellingAndMarketingExpenses": 111602000,
        "sellingGeneralAndAdministrativeExpenses": 148717000,
        "otherExpenses": 0,
        "operatingExpenses": 148717000,
        "costAndExpenses": 318515000,
        "interestIncome": 0,
        "interestExpense": 53331000,
        "depreciationAndAmortization": -44186000,
        "ebitda": 102734000,
        "ebitdaratio": 0.2207268469,
        "operatingIncome": 146920000,
        "operatingIncomeRatio": 0.3156616928,
        "totalOtherIncomeExpensesNet": -95387000,
        "incomeBeforeTax": 51533000,
        "incomeBeforeTaxRatio": 0.1107200791,
        "incomeTaxExpense": 20299000,
        "netIncome": 29104000,
        "netIncomeRatio": 0.0625307508,
        "eps": 0.0735,
        "epsdiluted": 0.0726,
        "weightedAverageShsOut": 395913000,
        "weightedAverageShsOutDil": 401093000,
        "link": "https://www.sec.gov/Archives/edgar/data/945764/000095012310103304/0000950123-10-103304-index.html",
        "finalLink": "https://www.sec.gov/Archives/edgar/data/945764/000095012310103304/d77030e10vq.htm"
    },
    {
        "date": "2010-06-30",
        "symbol": "DNR",
        "reportedCurrency": "USD",
        "cik": "0000945764",
        "fillingDate": "2010-08-09",
        "acceptedDate": "2010-08-09 16:17:10",
        "calendarYear": "2010",
        "period": "Q2",
        "revenue": 492718000,
        "costOfRevenue": 38100000,
        "grossProfit": 454618000,
        "grossProfitRatio": 0.9226738215,
        "researchAndDevelopmentExpenses": 0,
        "generalAndAdministrativeExpenses": 32873000,
        "sellingAndMarketingExpenses": 128278000,
        "sellingGeneralAndAdministrativeExpenses": 161151000,
        "otherExpenses": 0,
        "operatingExpenses": 161151000,
        "costAndExpenses": 199251000,
        "interestIncome": 0,
        "interestExpense": 43483000,
        "depreciationAndAmortization": -33254000,
        "ebitda": 260213000,
        "ebitdaratio": 0.5281175033,
        "operatingIncome": 293467000,
        "operatingIncomeRatio": 0.5956084413,
        "totalOtherIncomeExpensesNet": -61775000,
        "incomeBeforeTax": 231692000,
        "incomeBeforeTaxRatio": 0.4702324656,
        "incomeTaxExpense": 81363000,
        "netIncome": 135367000,
        "netIncomeRatio": 0.2747352441,
        "eps": 0.34,
        "epsdiluted": 0.34,
        "weightedAverageShsOut": 395548000,
        "weightedAverageShsOutDil": 400867000,
        "link": "https://www.sec.gov/Archives/edgar/data/945764/000095012310075034/0000950123-10-075034-index.html",
        "finalLink": "https://www.sec.gov/Archives/edgar/data/945764/000095012310075034/d74438e10vq.htm"
    },
    {
        "date": "2010-03-31",
        "symbol": "DNR",
        "reportedCurrency": "USD",
        "cik": "0000945764",
        "fillingDate": "2010-05-10",
        "acceptedDate": "2010-05-10 17:24:31",
        "calendarYear": "2010",
        "period": "Q1",
        "revenue": 438821000,
        "costOfRevenue": 116905000,
        "grossProfit": 321916000,
        "grossProfitRatio": 0.7335929684,
        "researchAndDevelopmentExpenses": 0,
        "generalAndAdministrativeExpenses": 32709000,
        "sellingAndMarketingExpenses": 85646000,
        "sellingGeneralAndAdministrativeExpenses": 118355000,
        "otherExpenses": 0,
        "operatingExpenses": 118355000,
        "costAndExpenses": 235260000,
        "interestIncome": 0,
        "interestExpense": 26416000,
        "depreciationAndAmortization": -3316000,
        "ebitda": 200245000,
        "ebitdaratio": 0.4563250164,
        "operatingIncome": 203561000,
        "operatingIncomeRatio": 0.4638816283,
        "totalOtherIncomeExpensesNet": -26416000,
        "incomeBeforeTax": 177145000,
        "incomeBeforeTaxRatio": 0.4036839623,
        "incomeTaxExpense": 76941000,
        "netIncome": 96888000,
        "netIncomeRatio": 0.2207916212,
        "eps": 0.33,
        "epsdiluted": 0.32,
        "weightedAverageShsOut": 294143000,
        "weightedAverageShsOutDil": 299224000,
        "link": "https://www.sec.gov/Archives/edgar/data/945764/000095012310047349/0000950123-10-047349-index.html",
        "finalLink": "https://www.sec.gov/Archives/edgar/data/945764/000095012310047349/d72932e10vq.htm"
    },
    {
        "date": "2009-12-31",
        "symbol": "DNR",
        "reportedCurrency": "USD",
        "cik": "0000945764",
        "fillingDate": "2010-03-01",
        "acceptedDate": "2010-03-01 17:25:11",
        "calendarYear": "2009",
        "period": "Q4",
        "revenue": 269895000,
        "costOfRevenue": 97478000,
        "grossProfit": 172417000,
        "grossProfitRatio": 0.6388299153,
        "researchAndDevelopmentExpenses": 0,
        "generalAndAdministrativeExpenses": 95432000,
        "sellingAndMarketingExpenses": 61178000,
        "sellingGeneralAndAdministrativeExpenses": 156610000,
        "otherExpenses": 0,
        "operatingExpenses": 156610000,
        "costAndExpenses": 254088000,
        "interestIncome": 0,
        "interestExpense": 10470000,
        "depreciationAndAmortization": 855000,
        "ebitda": 16662000,
        "ebitdaratio": 0.0617351192,
        "operatingIncome": 15807000,
        "operatingIncomeRatio": 0.0585672206,
        "totalOtherIncomeExpensesNet": -9615000,
        "incomeBeforeTax": 6192000,
        "incomeBeforeTaxRatio": 0.0229422553,
        "incomeTaxExpense": 2696000,
        "netIncome": 3496000,
        "netIncomeRatio": 0.0129531855,
        "eps": 0.0119,
        "epsdiluted": 0.0119,
        "weightedAverageShsOut": 294143000,
        "weightedAverageShsOutDil": 294143000,
        "link": "https://www.sec.gov/Archives/edgar/data/945764/000095012310019490/0000950123-10-019490-index.html",
        "finalLink": "https://www.sec.gov/Archives/edgar/data/945764/000095012310019490/d71173e10vk.htm"
    },
    {
        "date": "2009-09-30",
        "symbol": "DNR",
        "reportedCurrency": "USD",
        "cik": "0000945764",
        "fillingDate": "2009-11-09",
        "acceptedDate": "2009-11-09 17:11:37",
        "calendarYear": "2009",
        "period": "Q3",
        "revenue": 225414000,
        "costOfRevenue": 94808000,
        "grossProfit": 130606000,
        "grossProfitRatio": 0.5794050059,
        "researchAndDevelopmentExpenses": 0,
        "generalAndAdministrativeExpenses": 27795000,
        "sellingAndMarketingExpenses": 53525000,
        "sellingGeneralAndAdministrativeExpenses": 81320000,
        "otherExpenses": 0,
        "operatingExpenses": 81320000,
        "costAndExpenses": 176128000,
        "interestIncome": 0,
        "interestExpense": 9859000,
        "depreciationAndAmortization": 1835000,
        "ebitda": 51121000,
        "ebitdaratio": 0.2267871561,
        "operatingIncome": 49286000,
        "operatingIncomeRatio": 0.2186465792,
        "totalOtherIncomeExpensesNet": -8024000,
        "incomeBeforeTax": 41262000,
        "incomeBeforeTaxRatio": 0.1830498549,
        "incomeTaxExpense": 14377000,
        "netIncome": 26885000,
        "netIncomeRatio": 0.1192694331,
        "eps": 0.11,
        "epsdiluted": 0.11,
        "weightedAverageShsOut": 246795000,
        "weightedAverageShsOutDil": 252189000,
        "link": "https://www.sec.gov/Archives/edgar/data/945764/000095012309060293/0000950123-09-060293-index.html",
        "finalLink": "https://www.sec.gov/Archives/edgar/data/945764/000095012309060293/d70030e10vq.htm"
    },
    {
        "date": "2009-06-30",
        "symbol": "DNR",
        "reportedCurrency": "USD",
        "cik": "0000945764",
        "fillingDate": "2009-08-10",
        "acceptedDate": "2009-08-10 12:33:49",
        "calendarYear": "2009",
        "period": "Q2",
        "revenue": 217392000,
        "costOfRevenue": 95537000,
        "grossProfit": 121855000,
        "grossProfitRatio": 0.5605312063,
        "researchAndDevelopmentExpenses": 0,
        "generalAndAdministrativeExpenses": 185924000,
        "sellingAndMarketingExpenses": 61695000,
        "sellingGeneralAndAdministrativeExpenses": 247619000,
        "otherExpenses": 0,
        "operatingExpenses": 247619000,
        "costAndExpenses": 343156000,
        "interestIncome": 0,
        "interestExpense": 14904000,
        "depreciationAndAmortization": 0,
        "ebitda": -125764000,
        "ebitdaratio": -0.5785125488,
        "operatingIncome": -125764000,
        "operatingIncomeRatio": -0.5785125488,
        "totalOtherIncomeExpensesNet": -14904000,
        "incomeBeforeTax": -140668000,
        "incomeBeforeTaxRatio": -0.6470707294,
        "incomeTaxExpense": -53428000,
        "netIncome": -87240000,
        "netIncomeRatio": -0.4013027158,
        "eps": -0.35,
        "epsdiluted": -0.35,
        "weightedAverageShsOut": 246084000,
        "weightedAverageShsOutDil": 246084000,
        "link": "https://www.sec.gov/Archives/edgar/data/945764/000095012309032668/0000950123-09-032668-index.html",
        "finalLink": "https://www.sec.gov/Archives/edgar/data/945764/000095012309032668/d68534e10vq.htm"
    },
    {
        "date": "2009-03-31",
        "symbol": "DNR",
        "reportedCurrency": "USD",
        "cik": "0000945764",
        "fillingDate": "2009-05-11",
        "acceptedDate": "2009-05-11 16:23:00",
        "calendarYear": "2009",
        "period": "Q1",
        "revenue": 173759000,
        "costOfRevenue": 85442000,
        "grossProfit": 88317000,
        "grossProfitRatio": 0.5082729528,
        "researchAndDevelopmentExpenses": 0,
        "generalAndAdministrativeExpenses": 43170000,
        "sellingAndMarketingExpenses": 61925000,
        "sellingGeneralAndAdministrativeExpenses": 105095000,
        "otherExpenses": 0,
        "operatingExpenses": 105095000,
        "costAndExpenses": 190537000,
        "interestIncome": 0,
        "interestExpense": 12197000,
        "depreciationAndAmortization": 0,
        "ebitda": -16778000,
        "ebitdaratio": -0.0965590272,
        "operatingIncome": -16778000,
        "operatingIncomeRatio": -0.0965590272,
        "totalOtherIncomeExpensesNet": -12197000,
        "incomeBeforeTax": -28975000,
        "incomeBeforeTaxRatio": -0.1667539523,
        "incomeTaxExpense": -10678000,
        "netIncome": -18297000,
        "netIncomeRatio": -0.1053010204,
        "eps": -0.0745,
        "epsdiluted": -0.0745,
        "weightedAverageShsOut": 245573000,
        "weightedAverageShsOutDil": 245573000,
        "link": "https://www.sec.gov/Archives/edgar/data/945764/000095013409010284/0000950134-09-010284-index.html",
        "finalLink": "https://www.sec.gov/Archives/edgar/data/945764/000095013409010284/d67652e10vq.htm"
    },
    {
        "date": "2008-12-31",
        "symbol": "DNR",
        "reportedCurrency": "USD",
        "cik": "0000945764",
        "fillingDate": "2009-03-02",
        "acceptedDate": "2009-03-02 16:03:51",
        "calendarYear": "2008",
        "period": "Q4",
        "revenue": 220128000,
        "costOfRevenue": 138925000,
        "grossProfit": 81203000,
        "grossProfitRatio": 0.3688899186,
        "researchAndDevelopmentExpenses": 0,
        "generalAndAdministrativeExpenses": -185500000,
        "sellingAndMarketingExpenses": 0,
        "sellingGeneralAndAdministrativeExpenses": -175582000,
        "otherExpenses": 0,
        "operatingExpenses": -175582000,
        "costAndExpenses": -36657000,
        "interestIncome": 0,
        "interestExpense": 0,
        "depreciationAndAmortization": -185838000,
        "ebitda": 70947000,
        "ebitdaratio": 0.3222988443,
        "operatingIncome": 256785000,
        "operatingIncomeRatio": 1.1665258395,
        "totalOtherIncomeExpensesNet": -185838000,
        "incomeBeforeTax": 70947000,
        "incomeBeforeTaxRatio": 0.3222988443,
        "incomeTaxExpense": 27154000,
        "netIncome": 43793000,
        "netIncomeRatio": 0.1989433421,
        "eps": 0.18,
        "epsdiluted": 0.18,
        "weightedAverageShsOut": 245573000,
        "weightedAverageShsOutDil": 245573000,
        "link": "https://www.sec.gov/Archives/edgar/data/945764/000095013409004231/0000950134-09-004231-index.html",
        "finalLink": "https://www.sec.gov/Archives/edgar/data/945764/000095013409004231/d66582e10vk.htm"
    },
    {
        "date": "2008-09-30",
        "symbol": "DNR",
        "reportedCurrency": "USD",
        "cik": "0000945764",
        "fillingDate": "2008-11-07",
        "acceptedDate": "2008-11-07 17:00:03",
        "calendarYear": "2008",
        "period": "Q3",
        "revenue": 410254000,
        "costOfRevenue": 88779000,
        "grossProfit": 321475000,
        "grossProfitRatio": 0.7835999161,
        "researchAndDevelopmentExpenses": 0,
        "generalAndAdministrativeExpenses": 15005000,
        "sellingAndMarketingExpenses": 73428000,
        "sellingGeneralAndAdministrativeExpenses": 88433000,
        "otherExpenses": 0,
        "operatingExpenses": 88433000,
        "costAndExpenses": 177212000,
        "interestIncome": 0,
        "interestExpense": 0,
        "depreciationAndAmortization": 53799000,
        "ebitda": 307516000,
        "ebitdaratio": 0.7495746538,
        "operatingIncome": 233042000,
        "operatingIncomeRatio": 0.5680432123,
        "totalOtherIncomeExpensesNet": 20675000,
        "incomeBeforeTax": 253717000,
        "incomeBeforeTaxRatio": 0.6184388208,
        "incomeTaxExpense": 96169000,
        "netIncome": 157548000,
        "netIncomeRatio": 0.3840255061,
        "eps": 0.64,
        "epsdiluted": 0.63,
        "weightedAverageShsOut": 244426000,
        "weightedAverageShsOutDil": 251831000,
        "link": "https://www.sec.gov/Archives/edgar/data/945764/000095013408019889/0000950134-08-019889-index.html",
        "finalLink": "https://www.sec.gov/Archives/edgar/data/945764/000095013408019889/d65005e10vq.htm"
    },
    {
        "date": "2008-06-30",
        "symbol": "DNR",
        "reportedCurrency": "USD",
        "cik": "0000945764",
        "fillingDate": "2008-08-07",
        "acceptedDate": "2008-08-07 16:58:03",
        "calendarYear": "2008",
        "period": "Q2",
        "revenue": 417985000,
        "costOfRevenue": 79120000,
        "grossProfit": 338865000,
        "grossProfitRatio": 0.8107109107,
        "researchAndDevelopmentExpenses": 0,
        "generalAndAdministrativeExpenses": 14811000,
        "sellingAndMarketingExpenses": 73421000,
        "sellingGeneralAndAdministrativeExpenses": 88232000,
        "otherExpenses": 0,
        "operatingExpenses": 88232000,
        "costAndExpenses": 167352000,
        "interestIncome": 0,
        "interestExpense": 0,
        "depreciationAndAmortization": 54056000,
        "ebitda": 237731000,
        "ebitdaratio": 0.5687548596,
        "operatingIncome": 250633000,
        "operatingIncomeRatio": 0.599621996,
        "totalOtherIncomeExpensesNet": -66958000,
        "incomeBeforeTax": 183675000,
        "incomeBeforeTaxRatio": 0.4394296446,
        "incomeTaxExpense": 69622000,
        "netIncome": 114053000,
        "netIncomeRatio": 0.2728638588,
        "eps": 0.47,
        "epsdiluted": 0.45,
        "weightedAverageShsOut": 243623000,
        "weightedAverageShsOutDil": 252401000,
        "link": "https://www.sec.gov/Archives/edgar/data/945764/000095013408014570/0000950134-08-014570-index.html",
        "finalLink": "https://www.sec.gov/Archives/edgar/data/945764/000095013408014570/d59266e10vq.htm"
    },
    {
        "date": "2008-03-31",
        "symbol": "DNR",
        "reportedCurrency": "USD",
        "cik": "0000945764",
        "fillingDate": "2008-05-06",
        "acceptedDate": "2008-05-06 17:17:12",
        "calendarYear": "2008",
        "period": "Q1",
        "revenue": 317335000,
        "costOfRevenue": 68694000,
        "grossProfit": 248641000,
        "grossProfitRatio": 0.7835284479,
        "researchAndDevelopmentExpenses": 0,
        "generalAndAdministrativeExpenses": 16005000,
        "sellingAndMarketingExpenses": 65025000,
        "sellingGeneralAndAdministrativeExpenses": 81030000,
        "otherExpenses": 0,
        "operatingExpenses": 81030000,
        "costAndExpenses": 149724000,
        "interestIncome": 0,
        "interestExpense": 0,
        "depreciationAndAmortization": 50120000,
        "ebitda": 166009000,
        "ebitdaratio": 0.5231348575,
        "operatingIncome": 167611000,
        "operatingIncomeRatio": 0.5281831503,
        "totalOtherIncomeExpensesNet": -51722000,
        "incomeBeforeTax": 115889000,
        "incomeBeforeTaxRatio": 0.3651945105,
        "incomeTaxExpense": 42887000,
        "netIncome": 73002000,
        "netIncomeRatio": 0.2300471111,
        "eps": 0.3,
        "epsdiluted": 0.29,
        "weightedAverageShsOut": 242757000,
        "weightedAverageShsOutDil": 252109000,
        "link": "https://www.sec.gov/Archives/edgar/data/945764/000095013408008586/0000950134-08-008586-index.html",
        "finalLink": "https://www.sec.gov/Archives/edgar/data/945764/000095013408008586/d56433e10vq.htm"
    },
    {
        "date": "2007-12-31",
        "symbol": "DNR",
        "reportedCurrency": "USD",
        "cik": "0000945764",
        "fillingDate": "2008-02-29",
        "acceptedDate": "2008-02-29 12:32:21",
        "calendarYear": "2007",
        "period": "Q4",
        "revenue": 321776000,
        "costOfRevenue": 66362000,
        "grossProfit": 255414000,
        "grossProfitRatio": 0.7937633633,
        "researchAndDevelopmentExpenses": 0,
        "generalAndAdministrativeExpenses": 14303000,
        "sellingAndMarketingExpenses": 70152000,
        "sellingGeneralAndAdministrativeExpenses": 84455000,
        "otherExpenses": 0,
        "operatingExpenses": 84455000,
        "costAndExpenses": 150817000,
        "interestIncome": 0,
        "interestExpense": 0,
        "depreciationAndAmortization": 57568000,
        "ebitda": 210044000,
        "ebitdaratio": 0.6527646562,
        "operatingIncome": 170959000,
        "operatingIncomeRatio": 0.5312981702,
        "totalOtherIncomeExpensesNet": -18483000,
        "incomeBeforeTax": 152476000,
        "incomeBeforeTaxRatio": 0.4738575904,
        "incomeTaxExpense": 46500000,
        "netIncome": 105976000,
        "netIncomeRatio": 0.3293471235,
        "eps": 0.44,
        "epsdiluted": 0.44,
        "weightedAverageShsOut": 242757000,
        "weightedAverageShsOutDil": 242757000,
        "link": "https://www.sec.gov/Archives/edgar/data/945764/000095013408003807/0000950134-08-003807-index.htm",
        "finalLink": "https://www.sec.gov/Archives/edgar/data/945764/000095013408003807/d54412e10vk.htm"
    },
    {
        "date": "2007-09-30",
        "symbol": "DNR",
        "reportedCurrency": "USD",
        "cik": "0000945764",
        "fillingDate": "2007-11-06",
        "acceptedDate": "2007-11-06 14:41:15",
        "calendarYear": "2007",
        "period": "Q3",
        "revenue": 253509000,
        "costOfRevenue": 62347000,
        "grossProfit": 191162000,
        "grossProfitRatio": 0.7540639583,
        "researchAndDevelopmentExpenses": 0,
        "generalAndAdministrativeExpenses": 11541000,
        "sellingAndMarketingExpenses": 63753000,
        "sellingGeneralAndAdministrativeExpenses": 75294000,
        "otherExpenses": 0,
        "operatingExpenses": 75294000,
        "costAndExpenses": 137641000,
        "interestIncome": 0,
        "interestExpense": 0,
        "depreciationAndAmortization": 53674000,
        "ebitda": 164887000,
        "ebitdaratio": 0.6504187228,
        "operatingIncome": 115868000,
        "operatingIncomeRatio": 0.4570567514,
        "totalOtherIncomeExpensesNet": -4655000,
        "incomeBeforeTax": 111213000,
        "incomeBeforeTaxRatio": 0.4386944842,
        "incomeTaxExpense": 43225000,
        "netIncome": 67988000,
        "netIncomeRatio": 0.2681877172,
        "eps": 0.56,
        "epsdiluted": 0.54,
        "weightedAverageShsOut": 120434000,
        "weightedAverageShsOutDil": 125225000,
        "link": "https://www.sec.gov/Archives/edgar/data/945764/000095013407022981/0000950134-07-022981-index.html",
        "finalLink": "https://www.sec.gov/Archives/edgar/data/945764/000095013407022981/d51127e10vq.htm"
    },
    {
        "date": "2007-06-30",
        "symbol": "DNR",
        "reportedCurrency": "USD",
        "cik": "0000945764",
        "fillingDate": "2007-08-06",
        "acceptedDate": "2007-08-06 16:38:59",
        "calendarYear": "2007",
        "period": "Q2",
        "revenue": 222637000,
        "costOfRevenue": 59762000,
        "grossProfit": 162875000,
        "grossProfitRatio": 0.7315720208,
        "researchAndDevelopmentExpenses": 0,
        "generalAndAdministrativeExpenses": 10954000,
        "sellingAndMarketingExpenses": 56010000,
        "sellingGeneralAndAdministrativeExpenses": 66964000,
        "otherExpenses": 0,
        "operatingExpenses": 66964000,
        "costAndExpenses": 126726000,
        "interestIncome": 0,
        "interestExpense": 0,
        "depreciationAndAmortization": 47198000,
        "ebitda": 149675000,
        "ebitdaratio": 0.6722826844,
        "operatingIncome": 95911000,
        "operatingIncomeRatio": 0.4307954203,
        "totalOtherIncomeExpensesNet": 6566000,
        "incomeBeforeTax": 102477000,
        "incomeBeforeTaxRatio": 0.4602873736,
        "incomeTaxExpense": 39910000,
        "netIncome": 62567000,
        "netIncomeRatio": 0.2810269632,
        "eps": 0.52,
        "epsdiluted": 0.5,
        "weightedAverageShsOut": 119793000,
        "weightedAverageShsOutDil": 124769000,
        "link": "https://www.sec.gov/Archives/edgar/data/945764/000095013407016992/0000950134-07-016992-index.html",
        "finalLink": "https://www.sec.gov/Archives/edgar/data/945764/000095013407016992/d48775e10vq.htm"
    },
    {
        "date": "2007-03-31",
        "symbol": "DNR",
        "reportedCurrency": "USD",
        "cik": "0000945764",
        "fillingDate": "2007-05-07",
        "acceptedDate": "2007-05-07 11:50:43",
        "calendarYear": "2007",
        "period": "Q1",
        "revenue": 174008000,
        "costOfRevenue": 52361000,
        "grossProfit": 121647000,
        "grossProfitRatio": 0.6990885477,
        "researchAndDevelopmentExpenses": 0,
        "generalAndAdministrativeExpenses": 11434000,
        "sellingAndMarketingExpenses": 50130000,
        "sellingGeneralAndAdministrativeExpenses": 61564000,
        "otherExpenses": 0,
        "operatingExpenses": 61564000,
        "costAndExpenses": 113925000,
        "interestIncome": 0,
        "interestExpense": 0,
        "depreciationAndAmortization": 41609000,
        "ebitda": 68857000,
        "ebitdaratio": 0.3957116914,
        "operatingIncome": 60083000,
        "operatingIncomeRatio": 0.3452887224,
        "totalOtherIncomeExpensesNet": -32835000,
        "incomeBeforeTax": 27248000,
        "incomeBeforeTaxRatio": 0.1565905016,
        "incomeTaxExpense": 10632000,
        "netIncome": 16616000,
        "netIncomeRatio": 0.0954898625,
        "eps": 0.14,
        "epsdiluted": 0.13,
        "weightedAverageShsOut": 118992000,
        "weightedAverageShsOutDil": 123954000,
        "link": "https://www.sec.gov/Archives/edgar/data/945764/000095013407010411/0000950134-07-010411-index.html",
        "finalLink": "https://www.sec.gov/Archives/edgar/data/945764/000095013407010411/d46291e10vq.htm"
    },
    {
        "date": "2006-12-31",
        "symbol": "DNR",
        "reportedCurrency": "USD",
        "cik": "0000945764",
        "fillingDate": "2007-03-01",
        "acceptedDate": "2007-02-28 19:35:54",
        "calendarYear": "2006",
        "period": "Q4",
        "revenue": 167339000,
        "costOfRevenue": 49124000,
        "grossProfit": 118215000,
        "grossProfitRatio": 0.7064402202,
        "researchAndDevelopmentExpenses": 0,
        "generalAndAdministrativeExpenses": 7974000,
        "sellingAndMarketingExpenses": 47078000,
        "sellingGeneralAndAdministrativeExpenses": 55052000,
        "otherExpenses": 0,
        "operatingExpenses": 55052000,
        "costAndExpenses": 104176000,
        "interestIncome": 0,
        "interestExpense": 0,
        "depreciationAndAmortization": 39698000,
        "ebitda": 128972000,
        "ebitdaratio": 0.7707229038,
        "operatingIncome": 63163000,
        "operatingIncomeRatio": 0.3774553451,
        "totalOtherIncomeExpensesNet": 26111000,
        "incomeBeforeTax": 89274000,
        "incomeBeforeTaxRatio": 0.5334918937,
        "incomeTaxExpense": 34151000,
        "netIncome": 55123000,
        "netIncomeRatio": 0.3294091634,
        "eps": 0.46,
        "epsdiluted": 0.46,
        "weightedAverageShsOut": 118992000,
        "weightedAverageShsOutDil": 118992000,
        "link": "https://www.sec.gov/Archives/edgar/data/945764/000095013407004432/0000950134-07-004432-index.htm",
        "finalLink": "https://www.sec.gov/Archives/edgar/data/945764/000095013407004432/d43971e10vk.htm"
    },
    {
        "date": "2006-09-30",
        "symbol": "DNR",
        "reportedCurrency": "USD",
        "cik": "0000945764",
        "fillingDate": "2006-11-03",
        "acceptedDate": "2006-11-03 17:26:52",
        "calendarYear": "2006",
        "period": "Q3",
        "revenue": 192044000,
        "costOfRevenue": 44205000,
        "grossProfit": 147839000,
        "grossProfitRatio": 0.769818375,
        "researchAndDevelopmentExpenses": 0,
        "generalAndAdministrativeExpenses": 10599000,
        "sellingAndMarketingExpenses": 49799000,
        "sellingGeneralAndAdministrativeExpenses": 60398000,
        "otherExpenses": 0,
        "operatingExpenses": 60398000,
        "costAndExpenses": 104603000,
        "interestIncome": 0,
        "interestExpense": 0,
        "depreciationAndAmortization": 41758000,
        "ebitda": 136722000,
        "ebitdaratio": 0.7119305992,
        "operatingIncome": 87441000,
        "operatingIncomeRatio": 0.4553175314,
        "totalOtherIncomeExpensesNet": 7523000,
        "incomeBeforeTax": 94964000,
        "incomeBeforeTaxRatio": 0.4944908458,
        "incomeTaxExpense": 35670000,
        "netIncome": 59294000,
        "netIncomeRatio": 0.308752161,
        "eps": 0.5,
        "epsdiluted": 0.48,
        "weightedAverageShsOut": 117917000,
        "weightedAverageShsOutDil": 123966000,
        "link": "https://www.sec.gov/Archives/edgar/data/945764/000095013406020447/0000950134-06-020447-index.htm",
        "finalLink": "https://www.sec.gov/Archives/edgar/data/945764/000095013406020447/d40889e10vq.htm"
    },
    {
        "date": "2006-06-30",
        "symbol": "DNR",
        "reportedCurrency": "USD",
        "cik": "0000945764",
        "fillingDate": "2006-08-07",
        "acceptedDate": "2006-08-07 17:14:34",
        "calendarYear": "2006",
        "period": "Q2",
        "revenue": 193247000,
        "costOfRevenue": 43531000,
        "grossProfit": 149716000,
        "grossProfitRatio": 0.7747390645,
        "researchAndDevelopmentExpenses": 0,
        "generalAndAdministrativeExpenses": 14574000,
        "sellingAndMarketingExpenses": 44593000,
        "sellingGeneralAndAdministrativeExpenses": 59167000,
        "otherExpenses": 0,
        "operatingExpenses": 59167000,
        "costAndExpenses": 102698000,
        "interestIncome": 0,
        "interestExpense": 0,
        "depreciationAndAmortization": 36319000,
        "ebitda": 109907000,
        "ebitdaratio": 0.5687384539,
        "operatingIncome": 90549000,
        "operatingIncomeRatio": 0.4685661356,
        "totalOtherIncomeExpensesNet": -16961000,
        "incomeBeforeTax": 73588000,
        "incomeBeforeTaxRatio": 0.380797632,
        "incomeTaxExpense": 29326000,
        "netIncome": 44262000,
        "netIncomeRatio": 0.2290436592,
        "eps": 0.38,
        "epsdiluted": 0.36,
        "weightedAverageShsOut": 116471000,
        "weightedAverageShsOutDil": 122988000,
        "link": "https://www.sec.gov/Archives/edgar/data/945764/000095013406015059/0000950134-06-015059-index.htm",
        "finalLink": "https://www.sec.gov/Archives/edgar/data/945764/000095013406015059/d38453e10vq.htm"
    },
    {
        "date": "2006-03-31",
        "symbol": "DNR",
        "reportedCurrency": "USD",
        "cik": "0000945764",
        "fillingDate": "2006-05-05",
        "acceptedDate": "2006-05-05 17:29:08",
        "calendarYear": "2006",
        "period": "Q1",
        "revenue": 178906000,
        "costOfRevenue": 37816000,
        "grossProfit": 141090000,
        "grossProfitRatio": 0.7886264295,
        "researchAndDevelopmentExpenses": 0,
        "generalAndAdministrativeExpenses": 16955000,
        "sellingAndMarketingExpenses": 32743000,
        "sellingGeneralAndAdministrativeExpenses": 49698000,
        "otherExpenses": 0,
        "operatingExpenses": 49698000,
        "costAndExpenses": 87514000,
        "interestIncome": 0,
        "interestExpense": 0,
        "depreciationAndAmortization": 32993000,
        "ebitda": 104741000,
        "ebitdaratio": 0.5854526958,
        "operatingIncome": 91392000,
        "operatingIncomeRatio": 0.5108380937,
        "totalOtherIncomeExpensesNet": -19644000,
        "incomeBeforeTax": 71748000,
        "incomeBeforeTaxRatio": 0.4010374163,
        "incomeTaxExpense": 27970000,
        "netIncome": 43778000,
        "netIncomeRatio": 0.2446983332,
        "eps": 0.39,
        "epsdiluted": 0.37,
        "weightedAverageShsOut": 113151000,
        "weightedAverageShsOutDil": 119925000,
        "link": "https://www.sec.gov/Archives/edgar/data/945764/000095013406008918/0000950134-06-008918-index.htm",
        "finalLink": "https://www.sec.gov/Archives/edgar/data/945764/000095013406008918/d35749e10vq.htm"
    },
    {
        "date": "2005-12-31",
        "symbol": "DNR",
        "reportedCurrency": "USD",
        "cik": "0000945764",
        "fillingDate": "2005-12-31",
        "acceptedDate": "2005-12-30 19:00:00",
        "calendarYear": "2005",
        "period": "Q4",
        "revenue": 179529000,
        "costOfRevenue": 34693000,
        "grossProfit": 144836000,
        "grossProfitRatio": 0.8067554546,
        "researchAndDevelopmentExpenses": 0,
        "generalAndAdministrativeExpenses": 7101000,
        "sellingAndMarketingExpenses": 35369000,
        "sellingGeneralAndAdministrativeExpenses": 42470000,
        "otherExpenses": 0,
        "operatingExpenses": 42470000,
        "costAndExpenses": 77163000,
        "interestIncome": 0,
        "interestExpense": 0,
        "depreciationAndAmortization": 28783000,
        "ebitda": 113839000,
        "ebitdaratio": 0.6340981123,
        "operatingIncome": 102366000,
        "operatingIncomeRatio": 0.5701920024,
        "totalOtherIncomeExpensesNet": -17310000,
        "incomeBeforeTax": 85056000,
        "incomeBeforeTaxRatio": 0.4737730395,
        "incomeTaxExpense": 27870000,
        "netIncome": 57186000,
        "netIncomeRatio": 0.318533496,
        "eps": 0.51,
        "epsdiluted": 0.51,
        "weightedAverageShsOut": 113151000,
        "weightedAverageShsOutDil": 113151000,
        "link": "",
        "finalLink": ""
    },
    {
        "date": "2005-09-30",
        "symbol": "DNR",
        "reportedCurrency": "USD",
        "cik": "0000945764",
        "fillingDate": "2005-09-30",
        "acceptedDate": "2005-09-29 20:00:00",
        "calendarYear": "2005",
        "period": "Q3",
        "revenue": 141142000,
        "costOfRevenue": 27637000,
        "grossProfit": 113505000,
        "grossProfitRatio": 0.8041901064,
        "researchAndDevelopmentExpenses": 0,
        "generalAndAdministrativeExpenses": 8952000,
        "sellingAndMarketingExpenses": 30335000,
        "sellingGeneralAndAdministrativeExpenses": 39287000,
        "otherExpenses": 0,
        "operatingExpenses": 39287000,
        "costAndExpenses": 66924000,
        "interestIncome": 0,
        "interestExpense": 0,
        "depreciationAndAmortization": 24831000,
        "ebitda": 83385000,
        "ebitdaratio": 0.5907880007,
        "operatingIncome": 74218000,
        "operatingIncomeRatio": 0.5258392257,
        "totalOtherIncomeExpensesNet": -15664000,
        "incomeBeforeTax": 58554000,
        "incomeBeforeTaxRatio": 0.4148587947,
        "incomeTaxExpense": 20008000,
        "netIncome": 38546000,
        "netIncomeRatio": 0.2731008488,
        "eps": 0.34,
        "epsdiluted": 0.32,
        "weightedAverageShsOut": 112159000,
        "weightedAverageShsOutDil": 119487000,
        "link": "",
        "finalLink": ""
    },
    {
        "date": "2005-06-30",
        "symbol": "DNR",
        "reportedCurrency": "USD",
        "cik": "0000945764",
        "fillingDate": "2005-06-30",
        "acceptedDate": "2005-06-29 20:00:00",
        "calendarYear": "2005",
        "period": "Q2",
        "revenue": 127983000,
        "costOfRevenue": 28256000,
        "grossProfit": 99727000,
        "grossProfitRatio": 0.7792206777,
        "researchAndDevelopmentExpenses": 0,
        "generalAndAdministrativeExpenses": 5992000,
        "sellingAndMarketingExpenses": 29933000,
        "sellingGeneralAndAdministrativeExpenses": 35925000,
        "otherExpenses": 0,
        "operatingExpenses": 35925000,
        "costAndExpenses": 64181000,
        "interestIncome": 0,
        "interestExpense": 0,
        "depreciationAndAmortization": 24855000,
        "ebitda": 85391000,
        "ebitdaratio": 0.6672058008,
        "operatingIncome": 63802000,
        "operatingIncomeRatio": 0.4985193346,
        "totalOtherIncomeExpensesNet": -3266000,
        "incomeBeforeTax": 60536000,
        "incomeBeforeTaxRatio": 0.4730003204,
        "incomeTaxExpense": 19864000,
        "netIncome": 40672000,
        "netIncomeRatio": 0.3177922068,
        "eps": 0.73,
        "epsdiluted": 0.69,
        "weightedAverageShsOut": 55653000,
        "weightedAverageShsOutDil": 58972000,
        "link": "",
        "finalLink": ""
    },
    {
        "date": "2005-03-31",
        "symbol": "DNR",
        "reportedCurrency": "USD",
        "cik": "0000945764",
        "fillingDate": "2005-03-31",
        "acceptedDate": "2005-03-30 19:00:00",
        "calendarYear": "2005",
        "period": "Q1",
        "revenue": 113649000,
        "costOfRevenue": 24244000,
        "grossProfit": 89405000,
        "grossProfitRatio": 0.7866765216,
        "researchAndDevelopmentExpenses": 0,
        "generalAndAdministrativeExpenses": 14316000,
        "sellingAndMarketingExpenses": 26718000,
        "sellingGeneralAndAdministrativeExpenses": 41034000,
        "otherExpenses": 0,
        "operatingExpenses": 41034000,
        "costAndExpenses": 65278000,
        "interestIncome": 0,
        "interestExpense": 0,
        "depreciationAndAmortization": 21590000,
        "ebitda": 65485000,
        "ebitdaratio": 0.5762039261,
        "operatingIncome": 48371000,
        "operatingIncomeRatio": 0.4256174713,
        "totalOtherIncomeExpensesNet": -4476000,
        "incomeBeforeTax": 43895000,
        "incomeBeforeTaxRatio": 0.3862330509,
        "incomeTaxExpense": 13828000,
        "netIncome": 30067000,
        "netIncomeRatio": 0.2645601809,
        "eps": 0.54,
        "epsdiluted": 0.51,
        "weightedAverageShsOut": 55459000,
        "weightedAverageShsOutDil": 58604000,
        "link": "",
        "finalLink": ""
    },
    {
        "date": "2004-12-31",
        "symbol": "DNR",
        "reportedCurrency": "USD",
        "cik": "0000945764",
        "fillingDate": "2004-12-31",
        "acceptedDate": "2004-12-30 19:00:00",
        "calendarYear": "2004",
        "period": "Q4",
        "revenue": 114056000,
        "costOfRevenue": 20732000,
        "grossProfit": 93324000,
        "grossProfitRatio": 0.8182296416,
        "researchAndDevelopmentExpenses": 0,
        "generalAndAdministrativeExpenses": 7506000,
        "sellingAndMarketingExpenses": 17269000,
        "sellingGeneralAndAdministrativeExpenses": 24775000,
        "otherExpenses": 0,
        "operatingExpenses": 24775000,
        "costAndExpenses": 45507000,
        "interestIncome": 0,
        "interestExpense": 0,
        "depreciationAndAmortization": 22315000,
        "ebitda": 56066000,
        "ebitdaratio": 0.4915655467,
        "operatingIncome": 68549000,
        "operatingIncomeRatio": 0.6010117837,
        "totalOtherIncomeExpensesNet": -34798000,
        "incomeBeforeTax": 33751000,
        "incomeBeforeTaxRatio": 0.2959160412,
        "incomeTaxExpense": 11270000,
        "netIncome": 22481000,
        "netIncomeRatio": 0.1971049309,
        "eps": 0.41,
        "epsdiluted": 0.41,
        "weightedAverageShsOut": 55459000,
        "weightedAverageShsOutDil": 55459000,
        "link": "",
        "finalLink": ""
    },
    {
        "date": "2004-09-30",
        "symbol": "DNR",
        "reportedCurrency": "USD",
        "cik": "0000945764",
        "fillingDate": "2004-09-30",
        "acceptedDate": "2004-09-29 20:00:00",
        "calendarYear": "2004",
        "period": "Q3",
        "revenue": 104749000,
        "costOfRevenue": 20302000,
        "grossProfit": 84447000,
        "grossProfitRatio": 0.8061843072,
        "researchAndDevelopmentExpenses": 0,
        "generalAndAdministrativeExpenses": 6197000,
        "sellingAndMarketingExpenses": 25797000,
        "sellingGeneralAndAdministrativeExpenses": 31994000,
        "otherExpenses": 0,
        "operatingExpenses": 31994000,
        "costAndExpenses": 52296000,
        "interestIncome": 0,
        "interestExpense": 0,
        "depreciationAndAmortization": 42903000,
        "ebitda": 69009000,
        "ebitdaratio": 0.6588034253,
        "operatingIncome": 52453000,
        "operatingIncomeRatio": 0.5007494105,
        "totalOtherIncomeExpensesNet": -26347000,
        "incomeBeforeTax": 26106000,
        "incomeBeforeTaxRatio": 0.2492243363,
        "incomeTaxExpense": 7832000,
        "netIncome": 18274000,
        "netIncomeRatio": 0.1744551261,
        "eps": 0.33,
        "epsdiluted": 0.32,
        "weightedAverageShsOut": 55085000,
        "weightedAverageShsOutDil": 57549000,
        "link": "",
        "finalLink": ""
    },
    {
        "date": "2004-06-30",
        "symbol": "DNR",
        "reportedCurrency": "USD",
        "cik": "0000945764",
        "fillingDate": "2004-06-30",
        "acceptedDate": "2004-06-29 20:00:00",
        "calendarYear": "2004",
        "period": "Q2",
        "revenue": 120651000,
        "costOfRevenue": 24739000,
        "grossProfit": 95912000,
        "grossProfitRatio": 0.794954041,
        "researchAndDevelopmentExpenses": 0,
        "generalAndAdministrativeExpenses": 4178000,
        "sellingAndMarketingExpenses": 39821000,
        "sellingGeneralAndAdministrativeExpenses": 43999000,
        "otherExpenses": 0,
        "operatingExpenses": 43999000,
        "costAndExpenses": 68738000,
        "interestIncome": 0,
        "interestExpense": 0,
        "depreciationAndAmortization": 6987000,
        "ebitda": 36025000,
        "ebitdaratio": 0.2985884908,
        "operatingIncome": 51913000,
        "operatingIncomeRatio": 0.4302740964,
        "totalOtherIncomeExpensesNet": -22875000,
        "incomeBeforeTax": 29038000,
        "incomeBeforeTaxRatio": 0.240677657,
        "incomeTaxExpense": 9649000,
        "netIncome": 19389000,
        "netIncomeRatio": 0.1607031852,
        "eps": 0.35,
        "epsdiluted": 0.34,
        "weightedAverageShsOut": 54744000,
        "weightedAverageShsOutDil": 57102000,
        "link": "",
        "finalLink": ""
    },
    {
        "date": "2004-03-31",
        "symbol": "DNR",
        "reportedCurrency": "USD",
        "cik": "0000945764",
        "fillingDate": "2004-03-31",
        "acceptedDate": "2004-03-30 19:00:00",
        "calendarYear": "2004",
        "period": "Q1",
        "revenue": 111597000,
        "costOfRevenue": 22672000,
        "grossProfit": 88925000,
        "grossProfitRatio": 0.7968404169,
        "researchAndDevelopmentExpenses": 0,
        "generalAndAdministrativeExpenses": 4748000,
        "sellingAndMarketingExpenses": 32209000,
        "sellingGeneralAndAdministrativeExpenses": 36957000,
        "otherExpenses": 0,
        "operatingExpenses": 36957000,
        "costAndExpenses": 59629000,
        "interestIncome": 0,
        "interestExpense": 0,
        "depreciationAndAmortization": 28605000,
        "ebitda": 61550000,
        "ebitdaratio": 0.5515381238,
        "operatingIncome": 51968000,
        "operatingIncomeRatio": 0.4656756006,
        "totalOtherIncomeExpensesNet": -19023000,
        "incomeBeforeTax": 32945000,
        "incomeBeforeTaxRatio": 0.2952140291,
        "incomeTaxExpense": 10641000,
        "netIncome": 22304000,
        "netIncomeRatio": 0.1998620035,
        "eps": 0.41,
        "epsdiluted": 0.4,
        "weightedAverageShsOut": 54388000,
        "weightedAverageShsOutDil": 56313000,
        "link": "",
        "finalLink": ""
    },
    {
        "date": "2003-12-31",
        "symbol": "DNR",
        "reportedCurrency": "USD",
        "cik": "0000945764",
        "fillingDate": "2003-12-31",
        "acceptedDate": "2003-12-30 19:00:00",
        "calendarYear": "2003",
        "period": "Q4",
        "revenue": 91507000,
        "costOfRevenue": 21846000,
        "grossProfit": 69661000,
        "grossProfitRatio": 0.7612641656,
        "researchAndDevelopmentExpenses": 0,
        "generalAndAdministrativeExpenses": 4577000,
        "sellingAndMarketingExpenses": 29278000,
        "sellingGeneralAndAdministrativeExpenses": 33855000,
        "otherExpenses": 0,
        "operatingExpenses": 33855000,
        "costAndExpenses": 55701000,
        "interestIncome": 0,
        "interestExpense": 0,
        "depreciationAndAmortization": 25591000,
        "ebitda": 47944000,
        "ebitdaratio": 0.5239380594,
        "operatingIncome": 35806000,
        "operatingIncomeRatio": 0.3912924694,
        "totalOtherIncomeExpensesNet": -13453000,
        "incomeBeforeTax": 22353000,
        "incomeBeforeTaxRatio": 0.2442763942,
        "incomeTaxExpense": 7143000,
        "netIncome": 15210000,
        "netIncomeRatio": 0.1662167922,
        "eps": 0.28,
        "epsdiluted": 0.28,
        "weightedAverageShsOut": 54388000,
        "weightedAverageShsOutDil": 54388000,
        "link": "",
        "finalLink": ""
    },
    {
        "date": "2003-09-30",
        "symbol": "DNR",
        "reportedCurrency": "USD",
        "cik": "0000945764",
        "fillingDate": "2003-09-30",
        "acceptedDate": "2003-09-29 20:00:00",
        "calendarYear": "2003",
        "period": "Q3",
        "revenue": 91034000,
        "costOfRevenue": 23002000,
        "grossProfit": 68032000,
        "grossProfitRatio": 0.7473251752,
        "researchAndDevelopmentExpenses": 0,
        "generalAndAdministrativeExpenses": 3445000,
        "sellingAndMarketingExpenses": 24886000,
        "sellingGeneralAndAdministrativeExpenses": 28331000,
        "otherExpenses": 0,
        "operatingExpenses": 28331000,
        "costAndExpenses": 51333000,
        "interestIncome": 0,
        "interestExpense": 0,
        "depreciationAndAmortization": 21398000,
        "ebitda": 44097000,
        "ebitdaratio": 0.4844014324,
        "operatingIncome": 39701000,
        "operatingIncomeRatio": 0.4361117824,
        "totalOtherIncomeExpensesNet": -17002000,
        "incomeBeforeTax": 22699000,
        "incomeBeforeTaxRatio": 0.249346398,
        "incomeTaxExpense": 7550000,
        "netIncome": 15149000,
        "netIncomeRatio": 0.1664103522,
        "eps": 0.28,
        "epsdiluted": 0.27,
        "weightedAverageShsOut": 54014000,
        "weightedAverageShsOutDil": 55718000,
        "link": "",
        "finalLink": ""
    },
    {
        "date": "2003-06-30",
        "symbol": "DNR",
        "reportedCurrency": "USD",
        "cik": "0000945764",
        "fillingDate": "2003-06-30",
        "acceptedDate": "2003-06-29 20:00:00",
        "calendarYear": "2003",
        "period": "Q2",
        "revenue": 97197000,
        "costOfRevenue": 23582000,
        "grossProfit": 73615000,
        "grossProfitRatio": 0.757379343,
        "researchAndDevelopmentExpenses": 0,
        "generalAndAdministrativeExpenses": 3376000,
        "sellingAndMarketingExpenses": 25846000,
        "sellingGeneralAndAdministrativeExpenses": 29222000,
        "otherExpenses": 0,
        "operatingExpenses": 29222000,
        "costAndExpenses": 52804000,
        "interestIncome": 0,
        "interestExpense": 0,
        "depreciationAndAmortization": 22704000,
        "ebitda": 30267000,
        "ebitdaratio": 0.3113985,
        "operatingIncome": 44393000,
        "operatingIncomeRatio": 0.4567322037,
        "totalOtherIncomeExpensesNet": -36830000,
        "incomeBeforeTax": 7563000,
        "incomeBeforeTaxRatio": 0.0778110436,
        "incomeTaxExpense": 2434000,
        "netIncome": 5129000,
        "netIncomeRatio": 0.0527691184,
        "eps": 0.0953,
        "epsdiluted": 0.0927,
        "weightedAverageShsOut": 53815000,
        "weightedAverageShsOutDil": 55337000,
        "link": "",
        "finalLink": ""
    },
    {
        "date": "2003-03-31",
        "symbol": "DNR",
        "reportedCurrency": "USD",
        "cik": "0000945764",
        "fillingDate": "2003-03-31",
        "acceptedDate": "2003-03-30 19:00:00",
        "calendarYear": "2003",
        "period": "Q1",
        "revenue": 113913000,
        "costOfRevenue": 22719000,
        "grossProfit": 91194000,
        "grossProfitRatio": 0.8005583208,
        "researchAndDevelopmentExpenses": 0,
        "generalAndAdministrativeExpenses": 3791000,
        "sellingAndMarketingExpenses": 25939000,
        "sellingGeneralAndAdministrativeExpenses": 29730000,
        "otherExpenses": 0,
        "operatingExpenses": 29730000,
        "costAndExpenses": 52449000,
        "interestIncome": 0,
        "interestExpense": 0,
        "depreciationAndAmortization": 22558000,
        "ebitda": 52708000,
        "ebitdaratio": 0.4627039934,
        "operatingIncome": 61464000,
        "operatingIncomeRatio": 0.5395696716,
        "totalOtherIncomeExpensesNet": -33926000,
        "incomeBeforeTax": 27538000,
        "incomeBeforeTaxRatio": 0.2417458938,
        "incomeTaxExpense": 9085000,
        "netIncome": 21065000,
        "netIncomeRatio": 0.1849218263,
        "eps": 0.39,
        "epsdiluted": 0.38,
        "weightedAverageShsOut": 53639000,
        "weightedAverageShsOutDil": 55049000,
        "link": "",
        "finalLink": ""
    },
    {
        "date": "2002-12-31",
        "symbol": "DNR",
        "reportedCurrency": "USD",
        "cik": "0000945764",
        "fillingDate": "2002-12-31",
        "acceptedDate": "2002-12-30 19:00:00",
        "calendarYear": "2002",
        "period": "Q4",
        "revenue": 81726000,
        "costOfRevenue": 21362000,
        "grossProfit": 60364000,
        "grossProfitRatio": 0.7386143944,
        "researchAndDevelopmentExpenses": 0,
        "generalAndAdministrativeExpenses": 2493000,
        "sellingAndMarketingExpenses": 27618000,
        "sellingGeneralAndAdministrativeExpenses": 30111000,
        "otherExpenses": 0,
        "operatingExpenses": 30111000,
        "costAndExpenses": 51473000,
        "interestIncome": 0,
        "interestExpense": 0,
        "depreciationAndAmortization": 24902000,
        "ebitda": 48463000,
        "ebitdaratio": 0.5929936617,
        "operatingIncome": 30253000,
        "operatingIncomeRatio": 0.3701759538,
        "totalOtherIncomeExpensesNet": -6692000,
        "incomeBeforeTax": 23561000,
        "incomeBeforeTaxRatio": 0.2882925874,
        "incomeTaxExpense": 8269000,
        "netIncome": 15292000,
        "netIncomeRatio": 0.1871130362,
        "eps": 0.29,
        "epsdiluted": 0.29,
        "weightedAverageShsOut": 53639000,
        "weightedAverageShsOutDil": 53639000,
        "link": "",
        "finalLink": ""
    },
    {
        "date": "2002-09-30",
        "symbol": "DNR",
        "reportedCurrency": "USD",
        "cik": "0000945764",
        "fillingDate": "2002-09-30",
        "acceptedDate": "2002-09-29 20:00:00",
        "calendarYear": "2002",
        "period": "Q3",
        "revenue": 74526000,
        "costOfRevenue": 18145000,
        "grossProfit": 56381000,
        "grossProfitRatio": 0.7565279231,
        "researchAndDevelopmentExpenses": 0,
        "generalAndAdministrativeExpenses": 2692000,
        "sellingAndMarketingExpenses": 25209000,
        "sellingGeneralAndAdministrativeExpenses": 27901000,
        "otherExpenses": 0,
        "operatingExpenses": 27901000,
        "costAndExpenses": 46046000,
        "interestIncome": 0,
        "interestExpense": 0,
        "depreciationAndAmortization": 22577000,
        "ebitda": 44197000,
        "ebitdaratio": 0.5930413547,
        "operatingIncome": 28480000,
        "operatingIncomeRatio": 0.3821485119,
        "totalOtherIncomeExpensesNet": -6860000,
        "incomeBeforeTax": 21620000,
        "incomeBeforeTaxRatio": 0.2901000993,
        "incomeTaxExpense": 8161000,
        "netIncome": 13459000,
        "netIncomeRatio": 0.1805946918,
        "eps": 0.25,
        "epsdiluted": 0.25,
        "weightedAverageShsOut": 53354000,
        "weightedAverageShsOutDil": 54562000,
        "link": "",
        "finalLink": ""
    },
    {
        "date": "2002-06-30",
        "symbol": "DNR",
        "reportedCurrency": "USD",
        "cik": "0000945764",
        "fillingDate": "2002-06-30",
        "acceptedDate": "2002-06-29 20:00:00",
        "calendarYear": "2002",
        "period": "Q2",
        "revenue": 73010000,
        "costOfRevenue": 20783000,
        "grossProfit": 52227000,
        "grossProfitRatio": 0.7153403643,
        "researchAndDevelopmentExpenses": 0,
        "generalAndAdministrativeExpenses": 2933000,
        "sellingAndMarketingExpenses": 23554000,
        "sellingGeneralAndAdministrativeExpenses": 26487000,
        "otherExpenses": 0,
        "operatingExpenses": 26487000,
        "costAndExpenses": 47270000,
        "interestIncome": 0,
        "interestExpense": 0,
        "depreciationAndAmortization": 24520000,
        "ebitda": 44131000,
        "ebitdaratio": 0.604451445,
        "operatingIncome": 25740000,
        "operatingIncomeRatio": 0.3525544446,
        "totalOtherIncomeExpensesNet": -6129000,
        "incomeBeforeTax": 19611000,
        "incomeBeforeTaxRatio": 0.2686070401,
        "incomeTaxExpense": 6113000,
        "netIncome": 13498000,
        "netIncomeRatio": 0.1848787837,
        "eps": 0.25,
        "epsdiluted": 0.25,
        "weightedAverageShsOut": 53158000,
        "weightedAverageShsOutDil": 54301000,
        "link": "",
        "finalLink": ""
    },
    {
        "date": "2002-03-31",
        "symbol": "DNR",
        "reportedCurrency": "USD",
        "cik": "0000945764",
        "fillingDate": "2002-03-31",
        "acceptedDate": "2002-03-30 19:00:00",
        "calendarYear": "2002",
        "period": "Q1",
        "revenue": 55447000,
        "costOfRevenue": 18209000,
        "grossProfit": 37238000,
        "grossProfitRatio": 0.6715962992,
        "researchAndDevelopmentExpenses": 0,
        "generalAndAdministrativeExpenses": 2849000,
        "sellingAndMarketingExpenses": 22212000,
        "sellingGeneralAndAdministrativeExpenses": 25061000,
        "otherExpenses": 0,
        "operatingExpenses": 25061000,
        "costAndExpenses": 43270000,
        "interestIncome": 0,
        "interestExpense": 0,
        "depreciationAndAmortization": 21845000,
        "ebitda": 27368000,
        "ebitdaratio": 0.4935884719,
        "operatingIncome": 12177000,
        "operatingIncomeRatio": 0.219615128,
        "totalOtherIncomeExpensesNet": -6654000,
        "incomeBeforeTax": 5523000,
        "incomeBeforeTaxRatio": 0.0996086353,
        "incomeTaxExpense": 977000,
        "netIncome": 4546000,
        "netIncomeRatio": 0.081988205,
        "eps": 0.0858,
        "epsdiluted": 0.0846,
        "weightedAverageShsOut": 52994000,
        "weightedAverageShsOutDil": 53724000,
        "link": "",
        "finalLink": ""
    },
    {
        "date": "2001-12-31",
        "symbol": "DNR",
        "reportedCurrency": "USD",
        "cik": "0000945764",
        "fillingDate": "2001-12-31",
        "acceptedDate": "2001-12-30 19:00:00",
        "calendarYear": "2001",
        "period": "Q4",
        "revenue": 52878000,
        "costOfRevenue": 15696000,
        "grossProfit": 37182000,
        "grossProfitRatio": 0.7031657778,
        "researchAndDevelopmentExpenses": 0,
        "generalAndAdministrativeExpenses": 12628000,
        "sellingAndMarketingExpenses": 17867000,
        "sellingGeneralAndAdministrativeExpenses": 30495000,
        "otherExpenses": 0,
        "operatingExpenses": 30495000,
        "costAndExpenses": 46191000,
        "interestIncome": 0,
        "interestExpense": 0,
        "depreciationAndAmortization": 25641000,
        "ebitda": 11732000,
        "ebitdaratio": 0.2218692084,
        "operatingIncome": 6687000,
        "operatingIncomeRatio": 0.12646091,
        "totalOtherIncomeExpensesNet": -20596000,
        "incomeBeforeTax": -13909000,
        "incomeBeforeTaxRatio": -0.2630394493,
        "incomeTaxExpense": -10431000,
        "netIncome": -3478000,
        "netIncomeRatio": -0.0657740459,
        "eps": -0.0656,
        "epsdiluted": -0.0656,
        "weightedAverageShsOut": 52994000,
        "weightedAverageShsOutDil": 52994000,
        "link": "",
        "finalLink": ""
    },
    {
        "date": "2001-09-30",
        "symbol": "DNR",
        "reportedCurrency": "USD",
        "cik": "0000945764",
        "fillingDate": "2001-09-30",
        "acceptedDate": "2001-09-29 20:00:00",
        "calendarYear": "2001",
        "period": "Q3",
        "revenue": 67009000,
        "costOfRevenue": 15191000,
        "grossProfit": 51818000,
        "grossProfitRatio": 0.7732991091,
        "researchAndDevelopmentExpenses": 0,
        "generalAndAdministrativeExpenses": 2892000,
        "sellingAndMarketingExpenses": 27765000,
        "sellingGeneralAndAdministrativeExpenses": 30657000,
        "otherExpenses": 0,
        "operatingExpenses": 30657000,
        "costAndExpenses": 45848000,
        "interestIncome": 0,
        "interestExpense": 0,
        "depreciationAndAmortization": 28527000,
        "ebitda": 50667000,
        "ebitdaratio": 0.7561223119,
        "operatingIncome": 21161000,
        "operatingIncomeRatio": 0.3157934009,
        "totalOtherIncomeExpensesNet": 979000,
        "incomeBeforeTax": 22140000,
        "incomeBeforeTaxRatio": 0.3304033787,
        "incomeTaxExpense": 8192000,
        "netIncome": 13948000,
        "netIncomeRatio": 0.2081511439,
        "eps": 0.27,
        "epsdiluted": 0.26,
        "weightedAverageShsOut": 52169000,
        "weightedAverageShsOutDil": 53154000,
        "link": "",
        "finalLink": ""
    },
    {
        "date": "2001-06-30",
        "symbol": "DNR",
        "reportedCurrency": "USD",
        "cik": "0000945764",
        "fillingDate": "2001-06-30",
        "acceptedDate": "2001-06-29 20:00:00",
        "calendarYear": "2001",
        "period": "Q2",
        "revenue": 66547000,
        "costOfRevenue": 15226000,
        "grossProfit": 51321000,
        "grossProfitRatio": 0.7711993027,
        "researchAndDevelopmentExpenses": 0,
        "generalAndAdministrativeExpenses": 2004000,
        "sellingAndMarketingExpenses": 12948000,
        "sellingGeneralAndAdministrativeExpenses": 14952000,
        "otherExpenses": 0,
        "operatingExpenses": 14952000,
        "costAndExpenses": 30178000,
        "interestIncome": 0,
        "interestExpense": 0,
        "depreciationAndAmortization": 12648000,
        "ebitda": 44571000,
        "ebitdaratio": 0.6697672322,
        "operatingIncome": 36369000,
        "operatingIncomeRatio": 0.5465159962,
        "totalOtherIncomeExpensesNet": -4446000,
        "incomeBeforeTax": 31923000,
        "incomeBeforeTaxRatio": 0.4797060724,
        "incomeTaxExpense": 11812000,
        "netIncome": 20111000,
        "netIncomeRatio": 0.3022074624,
        "eps": 0.44,
        "epsdiluted": 0.42,
        "weightedAverageShsOut": 46132000,
        "weightedAverageShsOutDil": 47322000,
        "link": "",
        "finalLink": ""
    },
    {
        "date": "2001-03-31",
        "symbol": "DNR",
        "reportedCurrency": "USD",
        "cik": "0000945764",
        "fillingDate": "2001-03-31",
        "acceptedDate": "2001-03-30 19:00:00",
        "calendarYear": "2001",
        "period": "Q1",
        "revenue": 79174000,
        "costOfRevenue": 24873000,
        "grossProfit": 54301000,
        "grossProfitRatio": 0.6858438376,
        "researchAndDevelopmentExpenses": 0,
        "generalAndAdministrativeExpenses": 2401000,
        "sellingAndMarketingExpenses": 2883000,
        "sellingGeneralAndAdministrativeExpenses": 5284000,
        "otherExpenses": 0,
        "operatingExpenses": 5284000,
        "costAndExpenses": 30157000,
        "interestIncome": 0,
        "interestExpense": 0,
        "depreciationAndAmortization": 12345000,
        "ebitda": 53565000,
        "ebitdaratio": 0.6765478566,
        "operatingIncome": 49017000,
        "operatingIncomeRatio": 0.6191047566,
        "totalOtherIncomeExpensesNet": -7797000,
        "incomeBeforeTax": 41220000,
        "incomeBeforeTaxRatio": 0.5206254579,
        "incomeTaxExpense": 15251000,
        "netIncome": 25969000,
        "netIncomeRatio": 0.3279990906,
        "eps": 0.56,
        "epsdiluted": 0.55,
        "weightedAverageShsOut": 46012000,
        "weightedAverageShsOutDil": 47261000,
        "link": "",
        "finalLink": ""
    },
    {
        "date": "2000-12-31",
        "symbol": "DNR",
        "reportedCurrency": "USD",
        "cik": "0000945764",
        "fillingDate": "2000-12-31",
        "acceptedDate": "2000-12-30 19:00:00",
        "calendarYear": "2000",
        "period": "Q4",
        "revenue": 62932000,
        "costOfRevenue": 10803000,
        "grossProfit": 52129000,
        "grossProfitRatio": 0.8283385241,
        "researchAndDevelopmentExpenses": 0,
        "generalAndAdministrativeExpenses": 2220000,
        "sellingAndMarketingExpenses": 15415000,
        "sellingGeneralAndAdministrativeExpenses": 17635000,
        "otherExpenses": 0,
        "operatingExpenses": 17635000,
        "costAndExpenses": 28438000,
        "interestIncome": 0,
        "interestExpense": 0,
        "depreciationAndAmortization": 12656000,
        "ebitda": 43311000,
        "ebitdaratio": 0.6882190301,
        "operatingIncome": 34494000,
        "operatingIncomeRatio": 0.5481154262,
        "totalOtherIncomeExpensesNet": -3839000,
        "incomeBeforeTax": 30655000,
        "incomeBeforeTaxRatio": 0.4871130744,
        "incomeTaxExpense": -67415000,
        "netIncome": 98070000,
        "netIncomeRatio": 1.5583486938,
        "eps": 2.13,
        "epsdiluted": 2.13,
        "weightedAverageShsOut": 46012000,
        "weightedAverageShsOutDil": 46012000,
        "link": "",
        "finalLink": ""
    },
    {
        "date": "2000-09-30",
        "symbol": "DNR",
        "reportedCurrency": "USD",
        "cik": "0000945764",
        "fillingDate": "2000-11-14",
        "acceptedDate": "2000-11-14 00:00:00",
        "calendarYear": "2000",
        "period": "Q3",
        "revenue": 44053000,
        "costOfRevenue": 9737000,
        "grossProfit": 34316000,
        "grossProfitRatio": 0.7789707852,
        "researchAndDevelopmentExpenses": 0,
        "generalAndAdministrativeExpenses": 1960000,
        "sellingAndMarketingExpenses": 10387000,
        "sellingGeneralAndAdministrativeExpenses": 12347000,
        "otherExpenses": 0,
        "operatingExpenses": 12347000,
        "costAndExpenses": 22084000,
        "interestIncome": 0,
        "interestExpense": 0,
        "depreciationAndAmortization": 8228000,
        "ebitda": 27348000,
        "ebitdaratio": 0.6207976755,
        "operatingIncome": 21969000,
        "operatingIncomeRatio": 0.498694754,
        "totalOtherIncomeExpensesNet": -2849000,
        "incomeBeforeTax": 19120000,
        "incomeBeforeTaxRatio": 0.4340226545,
        "incomeTaxExpense": 81000,
        "netIncome": 19039000,
        "netIncomeRatio": 0.4321839602,
        "eps": 0.42,
        "epsdiluted": 0.41,
        "weightedAverageShsOut": 45856000,
        "weightedAverageShsOutDil": 46505000,
        "link": "https://www.sec.gov/Archives/edgar/data/945764/000094576400000056/0000945764-00-000056-index.html",
        "finalLink": "https://www.sec.gov/Archives/edgar/data/945764/000094576400000056/0000945764-00-000056-0001.txt"
    },
    {
        "date": "2000-06-30",
        "symbol": "DNR",
        "reportedCurrency": "USD",
        "cik": "0000945764",
        "fillingDate": "2000-08-10",
        "acceptedDate": "2000-08-10 00:00:00",
        "calendarYear": "2000",
        "period": "Q2",
        "revenue": 37185000,
        "costOfRevenue": 10758000,
        "grossProfit": 26427000,
        "grossProfitRatio": 0.7106897943,
        "researchAndDevelopmentExpenses": 0,
        "generalAndAdministrativeExpenses": 1903000,
        "sellingAndMarketingExpenses": 7656000,
        "sellingGeneralAndAdministrativeExpenses": 9559000,
        "otherExpenses": 0,
        "operatingExpenses": 9559000,
        "costAndExpenses": 20317000,
        "interestIncome": 0,
        "interestExpense": 0,
        "depreciationAndAmortization": 7505000,
        "ebitda": 21128000,
        "ebitdaratio": 0.5681860965,
        "operatingIncome": 16868000,
        "operatingIncomeRatio": 0.453623773,
        "totalOtherIncomeExpensesNet": -3245000,
        "incomeBeforeTax": 13623000,
        "incomeBeforeTaxRatio": 0.3663574022,
        "incomeTaxExpense": 20000,
        "netIncome": 13603000,
        "netIncomeRatio": 0.3658195509,
        "eps": 0.3,
        "epsdiluted": 0.3,
        "weightedAverageShsOut": 45799000,
        "weightedAverageShsOutDil": 46099000,
        "link": "https://www.sec.gov/Archives/edgar/data/945764/000094576400000041/0000945764-00-000041-index.html",
        "finalLink": "https://www.sec.gov/Archives/edgar/data/945764/000094576400000041/0000945764-00-000041-0001.txt"
    },
    {
        "date": "2000-03-31",
        "symbol": "DNR",
        "reportedCurrency": "USD",
        "cik": "0000945764",
        "fillingDate": "2000-05-10",
        "acceptedDate": "2000-05-10 00:00:00",
        "calendarYear": "2000",
        "period": "Q1",
        "revenue": 35202000,
        "costOfRevenue": 10689000,
        "grossProfit": 24513000,
        "grossProfitRatio": 0.69635248,
        "researchAndDevelopmentExpenses": 0,
        "generalAndAdministrativeExpenses": 1972000,
        "sellingAndMarketingExpenses": 7963000,
        "sellingGeneralAndAdministrativeExpenses": 9935000,
        "otherExpenses": 0,
        "operatingExpenses": 9935000,
        "costAndExpenses": 20624000,
        "interestIncome": 0,
        "interestExpense": 0,
        "depreciationAndAmortization": 7825000,
        "ebitda": 19360000,
        "ebitdaratio": 0.5499687518,
        "operatingIncome": 14578000,
        "operatingIncomeRatio": 0.4141241975,
        "totalOtherIncomeExpensesNet": -3043000,
        "incomeBeforeTax": 11535000,
        "incomeBeforeTaxRatio": 0.3276802454,
        "incomeTaxExpense": 20000,
        "netIncome": 11515000,
        "netIncomeRatio": 0.3271120959,
        "eps": 0.25,
        "epsdiluted": 0.25,
        "weightedAverageShsOut": 45719000,
        "weightedAverageShsOutDil": 45720000,
        "link": "https://www.sec.gov/Archives/edgar/data/945764/000094576400000025/0000945764-00-000025-index.html",
        "finalLink": "https://www.sec.gov/Archives/edgar/data/945764/0000945764-00-000025.txt"
    },
    {
        "date": "1999-12-31",
        "symbol": "DNR",
        "reportedCurrency": "USD",
        "cik": "0000945764",
        "fillingDate": "1999-12-31",
        "acceptedDate": "1999-12-30 19:00:00",
        "calendarYear": "1999",
        "period": "Q4",
        "revenue": 27000000,
        "costOfRevenue": 9500000,
        "grossProfit": 17500000,
        "grossProfitRatio": 0.6481481481,
        "researchAndDevelopmentExpenses": 0,
        "generalAndAdministrativeExpenses": 1700000,
        "sellingAndMarketingExpenses": 7800000,
        "sellingGeneralAndAdministrativeExpenses": 9500000,
        "otherExpenses": 0,
        "operatingExpenses": 9500000,
        "costAndExpenses": 19000000,
        "interestIncome": 0,
        "interestExpense": 0,
        "depreciationAndAmortization": 7900000,
        "ebitda": 12600000,
        "ebitdaratio": 0.4666666667,
        "operatingIncome": 8000000,
        "operatingIncomeRatio": 0.2962962963,
        "totalOtherIncomeExpensesNet": 0,
        "incomeBeforeTax": 0,
        "incomeBeforeTaxRatio": 0,
        "incomeTaxExpense": 0,
        "netIncome": 4700000,
        "netIncomeRatio": 0.1740740741,
        "eps": 0.1,
        "epsdiluted": 0.1,
        "weightedAverageShsOut": 45719000,
        "weightedAverageShsOutDil": 45719000,
        "link": "",
        "finalLink": ""
    },
    {
        "date": "1999-09-30",
        "symbol": "DNR",
        "reportedCurrency": "USD",
        "cik": "0000945764",
        "fillingDate": "1999-09-30",
        "acceptedDate": "1999-09-29 20:00:00",
        "calendarYear": "1999",
        "period": "Q3",
        "revenue": 22000000,
        "costOfRevenue": 7900000,
        "grossProfit": 14100000,
        "grossProfitRatio": 0.6409090909,
        "researchAndDevelopmentExpenses": 0,
        "generalAndAdministrativeExpenses": 1800000,
        "sellingAndMarketingExpenses": 6800000,
        "sellingGeneralAndAdministrativeExpenses": 8600000,
        "otherExpenses": 0,
        "operatingExpenses": 8600000,
        "costAndExpenses": 16500000,
        "interestIncome": 0,
        "interestExpense": 0,
        "depreciationAndAmortization": 6700000,
        "ebitda": 9100000,
        "ebitdaratio": 0.4136363636,
        "operatingIncome": 5500000,
        "operatingIncomeRatio": 0.25,
        "totalOtherIncomeExpensesNet": 0,
        "incomeBeforeTax": 0,
        "incomeBeforeTaxRatio": 0,
        "incomeTaxExpense": 0,
        "netIncome": 2400000,
        "netIncomeRatio": 0.1090909091,
        "eps": 0.0526,
        "epsdiluted": 0.0526,
        "weightedAverageShsOut": 45647000,
        "weightedAverageShsOutDil": 45647000,
        "link": "",
        "finalLink": ""
    },
    {
        "date": "1999-06-30",
        "symbol": "DNR",
        "reportedCurrency": "USD",
        "cik": "0000945764",
        "fillingDate": "1999-06-30",
        "acceptedDate": "1999-06-29 20:00:00",
        "calendarYear": "1999",
        "period": "Q2",
        "revenue": 17900000,
        "costOfRevenue": 6500000,
        "grossProfit": 11400000,
        "grossProfitRatio": 0.6368715084,
        "researchAndDevelopmentExpenses": 0,
        "generalAndAdministrativeExpenses": 1700000,
        "sellingAndMarketingExpenses": 5800000,
        "sellingGeneralAndAdministrativeExpenses": 7500000,
        "otherExpenses": 0,
        "operatingExpenses": 7500000,
        "costAndExpenses": 14000000,
        "interestIncome": 0,
        "interestExpense": 0,
        "depreciationAndAmortization": 5600000,
        "ebitda": 6100000,
        "ebitdaratio": 0.3407821229,
        "operatingIncome": 3900000,
        "operatingIncomeRatio": 0.217877095,
        "totalOtherIncomeExpensesNet": 400000,
        "incomeBeforeTax": 4300000,
        "incomeBeforeTaxRatio": 0.2402234637,
        "incomeTaxExpense": 400000,
        "netIncome": 500000,
        "netIncomeRatio": 0.0279329609,
        "eps": 0.011,
        "epsdiluted": 0.011,
        "weightedAverageShsOut": 45587000,
        "weightedAverageShsOutDil": 45587000,
        "link": "",
        "finalLink": ""
    },
    {
        "date": "1999-03-31",
        "symbol": "DNR",
        "reportedCurrency": "USD",
        "cik": "0000945764",
        "fillingDate": "1999-03-31",
        "acceptedDate": "1999-03-30 19:00:00",
        "calendarYear": "1999",
        "period": "Q1",
        "revenue": 14700000,
        "costOfRevenue": 5900000,
        "grossProfit": 8800000,
        "grossProfitRatio": 0.5986394558,
        "researchAndDevelopmentExpenses": 0,
        "generalAndAdministrativeExpenses": 1900000,
        "sellingAndMarketingExpenses": 5500000,
        "sellingGeneralAndAdministrativeExpenses": 7400000,
        "otherExpenses": 0,
        "operatingExpenses": 7400000,
        "costAndExpenses": 13300000,
        "interestIncome": 0,
        "interestExpense": 0,
        "depreciationAndAmortization": 5300000,
        "ebitda": 2300000,
        "ebitdaratio": 0.156462585,
        "operatingIncome": 1400000,
        "operatingIncomeRatio": 0.0952380952,
        "totalOtherIncomeExpensesNet": 400000,
        "incomeBeforeTax": 1800000,
        "incomeBeforeTaxRatio": 0.1224489796,
        "incomeTaxExpense": 400000,
        "netIncome": -3000000,
        "netIncomeRatio": -0.2040816327,
        "eps": -0.0637,
        "epsdiluted": -0.0613,
        "weightedAverageShsOut": 47079215,
        "weightedAverageShsOutDil": 48947346,
        "link": "",
        "finalLink": ""
    },
    {
        "date": "1998-12-31",
        "symbol": "DNR",
        "reportedCurrency": "USD",
        "cik": "0000945764",
        "fillingDate": "1998-12-31",
        "acceptedDate": "1998-12-30 19:00:00",
        "calendarYear": "1998",
        "period": "Q4",
        "revenue": 14900000,
        "costOfRevenue": 6400000,
        "grossProfit": 8500000,
        "grossProfitRatio": 0.5704697987,
        "researchAndDevelopmentExpenses": 0,
        "generalAndAdministrativeExpenses": 1600000,
        "sellingAndMarketingExpenses": 14900000,
        "sellingGeneralAndAdministrativeExpenses": 16500000,
        "otherExpenses": 0,
        "operatingExpenses": 16500000,
        "costAndExpenses": 22900000,
        "interestIncome": 0,
        "interestExpense": 0,
        "depreciationAndAmortization": 14700000,
        "ebitda": -112400000,
        "ebitdaratio": -7.5436241611,
        "operatingIncome": -8000000,
        "operatingIncomeRatio": -0.5369127517,
        "totalOtherIncomeExpensesNet": -119100000,
        "incomeBeforeTax": -127100000,
        "incomeBeforeTaxRatio": -8.5302013423,
        "incomeTaxExpense": 35000000,
        "netIncome": -162100000,
        "netIncomeRatio": -10.8791946309,
        "eps": -3.44,
        "epsdiluted": -3.31,
        "weightedAverageShsOut": 47079215,
        "weightedAverageShsOutDil": 48947346,
        "link": "",
        "finalLink": ""
    },
    {
        "date": "1998-09-30",
        "symbol": "DNR",
        "reportedCurrency": "USD",
        "cik": "0000945764",
        "fillingDate": "1998-09-30",
        "acceptedDate": "1998-09-29 20:00:00",
        "calendarYear": "1998",
        "period": "Q3",
        "revenue": 19300000,
        "costOfRevenue": 6800000,
        "grossProfit": 12500000,
        "grossProfitRatio": 0.6476683938,
        "researchAndDevelopmentExpenses": 0,
        "generalAndAdministrativeExpenses": 1500000,
        "sellingAndMarketingExpenses": 9300000,
        "sellingGeneralAndAdministrativeExpenses": 10800000,
        "otherExpenses": 0,
        "operatingExpenses": 10800000,
        "costAndExpenses": 17600000,
        "interestIncome": 0,
        "interestExpense": 0,
        "depreciationAndAmortization": 9000000,
        "ebitda": 6600000,
        "ebitdaratio": 0.3419689119,
        "operatingIncome": 1700000,
        "operatingIncomeRatio": 0.0880829016,
        "totalOtherIncomeExpensesNet": 300000,
        "incomeBeforeTax": 2000000,
        "incomeBeforeTaxRatio": 0.103626943,
        "incomeTaxExpense": 300000,
        "netIncome": -2400000,
        "netIncomeRatio": -0.1243523316,
        "eps": -0.051,
        "epsdiluted": -0.049,
        "weightedAverageShsOut": 47079215,
        "weightedAverageShsOutDil": 48947346,
        "link": "",
        "finalLink": ""
    },
    {
        "date": "1998-06-30",
        "symbol": "DNR",
        "reportedCurrency": "USD",
        "cik": "0000945764",
        "fillingDate": "1998-06-30",
        "acceptedDate": "1998-06-29 20:00:00",
        "calendarYear": "1998",
        "period": "Q2",
        "revenue": 22500000,
        "costOfRevenue": 8100000,
        "grossProfit": 14400000,
        "grossProfitRatio": 0.64,
        "researchAndDevelopmentExpenses": 0,
        "generalAndAdministrativeExpenses": 1700000,
        "sellingAndMarketingExpenses": 16300000,
        "sellingGeneralAndAdministrativeExpenses": 18000000,
        "otherExpenses": 0,
        "operatingExpenses": 18000000,
        "costAndExpenses": 26100000,
        "interestIncome": 0,
        "interestExpense": 0,
        "depreciationAndAmortization": 16100000,
        "ebitda": -156000000,
        "ebitdaratio": -6.9333333333,
        "operatingIncome": -3600000,
        "operatingIncomeRatio": -0.16,
        "totalOtherIncomeExpensesNet": -168500000,
        "incomeBeforeTax": -172100000,
        "incomeBeforeTaxRatio": -7.6488888889,
        "incomeTaxExpense": -50200000,
        "netIncome": -121900000,
        "netIncomeRatio": -5.4177777778,
        "eps": -2.59,
        "epsdiluted": -2.49,
        "weightedAverageShsOut": 47079215,
        "weightedAverageShsOutDil": 48947346,
        "link": "",
        "finalLink": ""
    },
    {
        "date": "1998-03-31",
        "symbol": "DNR",
        "reportedCurrency": "USD",
        "cik": "0000945764",
        "fillingDate": "1998-03-31",
        "acceptedDate": "1998-03-30 19:00:00",
        "calendarYear": "1998",
        "period": "Q1",
        "revenue": 25200000,
        "costOfRevenue": 7900000,
        "grossProfit": 17300000,
        "grossProfitRatio": 0.6865079365,
        "researchAndDevelopmentExpenses": 0,
        "generalAndAdministrativeExpenses": 1800000,
        "sellingAndMarketingExpenses": 12600000,
        "sellingGeneralAndAdministrativeExpenses": 14400000,
        "otherExpenses": 0,
        "operatingExpenses": 14400000,
        "costAndExpenses": 22300000,
        "interestIncome": 0,
        "interestExpense": 0,
        "depreciationAndAmortization": 12400000,
        "ebitda": 11300000,
        "ebitdaratio": 0.4484126984,
        "operatingIncome": 2900000,
        "operatingIncomeRatio": 0.1150793651,
        "totalOtherIncomeExpensesNet": -4000000,
        "incomeBeforeTax": -1100000,
        "incomeBeforeTaxRatio": -0.0436507937,
        "incomeTaxExpense": -400000,
        "netIncome": -700000,
        "netIncomeRatio": -0.0277777778,
        "eps": -0.0149,
        "epsdiluted": -0.0143,
        "weightedAverageShsOut": 47079215,
        "weightedAverageShsOutDil": 48947346,
        "link": "",
        "finalLink": ""
    },
    {
        "date": "1997-12-31",
        "symbol": "DNR",
        "reportedCurrency": "USD",
        "cik": "0000945764",
        "fillingDate": "1997-12-31",
        "acceptedDate": "1997-12-30 19:00:00",
        "calendarYear": "1997",
        "period": "Q4",
        "revenue": 25200000,
        "costOfRevenue": 6500000,
        "grossProfit": 18700000,
        "grossProfitRatio": 0.7420634921,
        "researchAndDevelopmentExpenses": 0,
        "generalAndAdministrativeExpenses": 1700000,
        "sellingAndMarketingExpenses": 9600000,
        "sellingGeneralAndAdministrativeExpenses": 11300000,
        "otherExpenses": 0,
        "operatingExpenses": 11300000,
        "costAndExpenses": 17800000,
        "interestIncome": 0,
        "interestExpense": 0,
        "depreciationAndAmortization": 9500000,
        "ebitda": 16500000,
        "ebitdaratio": 0.6547619048,
        "operatingIncome": 7400000,
        "operatingIncomeRatio": 0.2936507937,
        "totalOtherIncomeExpensesNet": -400000,
        "incomeBeforeTax": 7000000,
        "incomeBeforeTaxRatio": 0.2777777778,
        "incomeTaxExpense": 2700000,
        "netIncome": 4300000,
        "netIncomeRatio": 0.1706349206,
        "eps": 0.0913,
        "epsdiluted": 0.0878,
        "weightedAverageShsOut": 47079215,
        "weightedAverageShsOutDil": 48947346,
        "link": "",
        "finalLink": ""
    },
    {
        "date": "1997-09-30",
        "symbol": "DNR",
        "reportedCurrency": "USD",
        "cik": "0000945764",
        "fillingDate": "1997-09-30",
        "acceptedDate": "1997-09-29 20:00:00",
        "calendarYear": "1997",
        "period": "Q3",
        "revenue": 20200000,
        "costOfRevenue": 5400000,
        "grossProfit": 14800000,
        "grossProfitRatio": 0.7326732673,
        "researchAndDevelopmentExpenses": 0,
        "generalAndAdministrativeExpenses": 1400000,
        "sellingAndMarketingExpenses": 8200000,
        "sellingGeneralAndAdministrativeExpenses": 9600000,
        "otherExpenses": 0,
        "operatingExpenses": 9600000,
        "costAndExpenses": 15000000,
        "interestIncome": 0,
        "interestExpense": 0,
        "depreciationAndAmortization": 8100000,
        "ebitda": 13200000,
        "ebitdaratio": 0.6534653465,
        "operatingIncome": 5200000,
        "operatingIncomeRatio": 0.2574257426,
        "totalOtherIncomeExpensesNet": -100000,
        "incomeBeforeTax": 5100000,
        "incomeBeforeTaxRatio": 0.2524752475,
        "incomeTaxExpense": 1900000,
        "netIncome": 3200000,
        "netIncomeRatio": 0.1584158416,
        "eps": 0.068,
        "epsdiluted": 0.0654,
        "weightedAverageShsOut": 47079215,
        "weightedAverageShsOutDil": 48947346,
        "link": "",
        "finalLink": ""
    },
    {
        "date": "1997-06-30",
        "symbol": "DNR",
        "reportedCurrency": "USD",
        "cik": "0000945764",
        "fillingDate": "1997-06-30",
        "acceptedDate": "1997-06-29 20:00:00",
        "calendarYear": "1997",
        "period": "Q2",
        "revenue": 18800000,
        "costOfRevenue": 5200000,
        "grossProfit": 13600000,
        "grossProfitRatio": 0.7234042553,
        "researchAndDevelopmentExpenses": 0,
        "generalAndAdministrativeExpenses": 1600000,
        "sellingAndMarketingExpenses": 8700000,
        "sellingGeneralAndAdministrativeExpenses": 10300000,
        "otherExpenses": 0,
        "operatingExpenses": 10300000,
        "costAndExpenses": 15500000,
        "interestIncome": 0,
        "interestExpense": 0,
        "depreciationAndAmortization": 8500000,
        "ebitda": 12000000,
        "ebitdaratio": 0.6382978723,
        "operatingIncome": 3300000,
        "operatingIncomeRatio": 0.1755319149,
        "totalOtherIncomeExpensesNet": 200000,
        "incomeBeforeTax": 3500000,
        "incomeBeforeTaxRatio": 0.1861702128,
        "incomeTaxExpense": 1300000,
        "netIncome": 2200000,
        "netIncomeRatio": 0.1170212766,
        "eps": 0.0467,
        "epsdiluted": 0.0449,
        "weightedAverageShsOut": 47079215,
        "weightedAverageShsOutDil": 48947346,
        "link": "",
        "finalLink": ""
    },
    {
        "date": "1997-03-31",
        "symbol": "DNR",
        "reportedCurrency": "USD",
        "cik": "0000945764",
        "fillingDate": "1997-03-31",
        "acceptedDate": "1997-03-30 19:00:00",
        "calendarYear": "1997",
        "period": "Q1",
        "revenue": 21100000,
        "costOfRevenue": 5100000,
        "grossProfit": 16000000,
        "grossProfitRatio": 0.7582938389,
        "researchAndDevelopmentExpenses": 0,
        "generalAndAdministrativeExpenses": 1500000,
        "sellingAndMarketingExpenses": 6600000,
        "sellingGeneralAndAdministrativeExpenses": 8100000,
        "otherExpenses": 0,
        "operatingExpenses": 8100000,
        "costAndExpenses": 13200000,
        "interestIncome": 0,
        "interestExpense": 0,
        "depreciationAndAmortization": 6600000,
        "ebitda": 14900000,
        "ebitdaratio": 0.7061611374,
        "operatingIncome": 7900000,
        "operatingIncomeRatio": 0.3744075829,
        "totalOtherIncomeExpensesNet": 400000,
        "incomeBeforeTax": 8300000,
        "incomeBeforeTaxRatio": 0.3933649289,
        "incomeTaxExpense": 3100000,
        "netIncome": 5200000,
        "netIncomeRatio": 0.2464454976,
        "eps": 0.11,
        "epsdiluted": 0.11,
        "weightedAverageShsOut": 47079215,
        "weightedAverageShsOutDil": 48947346,
        "link": "",
        "finalLink": ""
    },
    {
        "date": "1996-12-31",
        "symbol": "DNR",
        "reportedCurrency": "USD",
        "cik": "0000945764",
        "fillingDate": "1996-12-31",
        "acceptedDate": "1996-12-30 19:00:00",
        "calendarYear": "1996",
        "period": "Q4",
        "revenue": 18200000,
        "costOfRevenue": 4300000,
        "grossProfit": 13900000,
        "grossProfitRatio": 0.7637362637,
        "researchAndDevelopmentExpenses": 0,
        "generalAndAdministrativeExpenses": 1500000,
        "sellingAndMarketingExpenses": 5300000,
        "sellingGeneralAndAdministrativeExpenses": 6800000,
        "otherExpenses": 0,
        "operatingExpenses": 6800000,
        "costAndExpenses": 11100000,
        "interestIncome": 0,
        "interestExpense": 0,
        "depreciationAndAmortization": 5300000,
        "ebitda": 12100000,
        "ebitdaratio": 0.6648351648,
        "operatingIncome": 7100000,
        "operatingIncomeRatio": 0.3901098901,
        "totalOtherIncomeExpensesNet": -300000,
        "incomeBeforeTax": 6800000,
        "incomeBeforeTaxRatio": 0.3736263736,
        "incomeTaxExpense": 2400000,
        "netIncome": 4400000,
        "netIncomeRatio": 0.2417582418,
        "eps": 0.0935,
        "epsdiluted": 0.0899,
        "weightedAverageShsOut": 47079215,
        "weightedAverageShsOutDil": 48947346,
        "link": "",
        "finalLink": ""
    },
    {
        "date": "1996-09-30",
        "symbol": "DNR",
        "reportedCurrency": "USD",
        "cik": "0000945764",
        "fillingDate": "1996-09-30",
        "acceptedDate": "1996-09-29 20:00:00",
        "calendarYear": "1996",
        "period": "Q3",
        "revenue": 14100000,
        "costOfRevenue": 3800000,
        "grossProfit": 10300000,
        "grossProfitRatio": 0.7304964539,
        "researchAndDevelopmentExpenses": 0,
        "generalAndAdministrativeExpenses": 1200000,
        "sellingAndMarketingExpenses": 5300000,
        "sellingGeneralAndAdministrativeExpenses": 6500000,
        "otherExpenses": 0,
        "operatingExpenses": 6500000,
        "costAndExpenses": 10300000,
        "interestIncome": 0,
        "interestExpense": 0,
        "depreciationAndAmortization": 5200000,
        "ebitda": 8000000,
        "ebitdaratio": 0.5673758865,
        "operatingIncome": 3800000,
        "operatingIncomeRatio": 0.2695035461,
        "totalOtherIncomeExpensesNet": -1000000,
        "incomeBeforeTax": 2800000,
        "incomeBeforeTaxRatio": 0.1985815603,
        "incomeTaxExpense": 1100000,
        "netIncome": 1700000,
        "netIncomeRatio": 0.1205673759,
        "eps": 0.035,
        "epsdiluted": 0.0325,
        "weightedAverageShsOut": 48571429,
        "weightedAverageShsOutDil": 52307692,
        "link": "",
        "finalLink": ""
    },
    {
        "date": "1996-06-30",
        "symbol": "DNR",
        "reportedCurrency": "USD",
        "cik": "0000945764",
        "fillingDate": "1996-06-30",
        "acceptedDate": "1996-06-29 20:00:00",
        "calendarYear": "1996",
        "period": "Q2",
        "revenue": 11600000,
        "costOfRevenue": 3300000,
        "grossProfit": 8300000,
        "grossProfitRatio": 0.7155172414,
        "researchAndDevelopmentExpenses": 0,
        "generalAndAdministrativeExpenses": 1200000,
        "sellingAndMarketingExpenses": 4600000,
        "sellingGeneralAndAdministrativeExpenses": 5800000,
        "otherExpenses": 0,
        "operatingExpenses": 5800000,
        "costAndExpenses": 9100000,
        "interestIncome": 0,
        "interestExpense": 0,
        "depreciationAndAmortization": 4500000,
        "ebitda": 6600000,
        "ebitdaratio": 0.5689655172,
        "operatingIncome": 2500000,
        "operatingIncomeRatio": 0.2155172414,
        "totalOtherIncomeExpensesNet": -400000,
        "incomeBeforeTax": 2100000,
        "incomeBeforeTaxRatio": 0.1810344828,
        "incomeTaxExpense": 900000,
        "netIncome": 1200000,
        "netIncomeRatio": 0.1034482759,
        "eps": 0.0275,
        "epsdiluted": 0.0275,
        "weightedAverageShsOut": 43636364,
        "weightedAverageShsOutDil": 43636364,
        "link": "",
        "finalLink": ""
    }
]