[
    {
        "date": "2024-06-30",
        "symbol": "DO",
        "reportedCurrency": "USD",
        "cik": "0000949039",
        "fillingDate": "2024-08-07",
        "acceptedDate": "2024-08-07 15:05:58",
        "calendarYear": "2024",
        "period": "Q2",
        "revenue": 252886000,
        "costOfRevenue": 208492000,
        "grossProfit": 44394000,
        "grossProfitRatio": 0.1755494571,
        "researchAndDevelopmentExpenses": 0,
        "generalAndAdministrativeExpenses": 23219000,
        "sellingAndMarketingExpenses": 0,
        "sellingGeneralAndAdministrativeExpenses": 23219000,
        "otherExpenses": 0,
        "operatingExpenses": 23219000,
        "costAndExpenses": 231711000,
        "interestIncome": 1966000,
        "interestExpense": 15061000,
        "depreciationAndAmortization": 31698000,
        "ebitda": 52873000,
        "ebitdaratio": 0.209078399,
        "operatingIncome": 21175000,
        "operatingIncomeRatio": 0.0837333818,
        "totalOtherIncomeExpensesNet": -4397000,
        "incomeBeforeTax": 16778000,
        "incomeBeforeTaxRatio": 0.0663461006,
        "incomeTaxExpense": 7451000,
        "netIncome": 9327000,
        "netIncomeRatio": 0.0368822315,
        "eps": 0.091,
        "epsdiluted": 0.0888,
        "weightedAverageShsOut": 102542000,
        "weightedAverageShsOutDil": 105088000,
        "link": "https://www.sec.gov/Archives/edgar/data/949039/000095017024092631/0000950170-24-092631-index.htm",
        "finalLink": "https://www.sec.gov/Archives/edgar/data/949039/000095017024092631/do-20240630.htm"
    },
    {
        "date": "2024-03-31",
        "symbol": "DO",
        "reportedCurrency": "USD",
        "cik": "0000949039",
        "fillingDate": "2024-05-08",
        "acceptedDate": "2024-05-08 16:37:47",
        "calendarYear": "2024",
        "period": "Q1",
        "revenue": 274610000,
        "costOfRevenue": 230825000,
        "grossProfit": 43785000,
        "grossProfitRatio": 0.1594443028,
        "researchAndDevelopmentExpenses": 0,
        "generalAndAdministrativeExpenses": 18576000,
        "sellingAndMarketingExpenses": 0,
        "sellingGeneralAndAdministrativeExpenses": 18576000,
        "otherExpenses": -71000,
        "operatingExpenses": 18576000,
        "costAndExpenses": 249401000,
        "interestIncome": 1774000,
        "interestExpense": 15346000,
        "depreciationAndAmortization": 31354000,
        "ebitda": 55101000,
        "ebitdaratio": 0.2006518335,
        "operatingIncome": 21813000,
        "operatingIncomeRatio": 0.0794326499,
        "totalOtherIncomeExpensesNet": -13412000,
        "incomeBeforeTax": 8401000,
        "incomeBeforeTaxRatio": 0.0305924766,
        "incomeTaxExpense": -3211000,
        "netIncome": 11612000,
        "netIncomeRatio": 0.042285423,
        "eps": 0.11,
        "epsdiluted": 0.11,
        "weightedAverageShsOut": 102440000,
        "weightedAverageShsOutDil": 104740000,
        "link": "https://www.sec.gov/Archives/edgar/data/949039/000095017024055809/0000950170-24-055809-index.htm",
        "finalLink": "https://www.sec.gov/Archives/edgar/data/949039/000095017024055809/do-20240331.htm"
    },
    {
        "date": "2023-12-31",
        "symbol": "DO",
        "reportedCurrency": "USD",
        "cik": "0000949039",
        "fillingDate": "2024-02-28",
        "acceptedDate": "2024-02-28 17:24:11",
        "calendarYear": "2023",
        "period": "Q4",
        "revenue": 297637000,
        "costOfRevenue": 233812000,
        "grossProfit": 63825000,
        "grossProfitRatio": 0.214439065,
        "researchAndDevelopmentExpenses": 0,
        "generalAndAdministrativeExpenses": 19190000,
        "sellingAndMarketingExpenses": 0,
        "sellingGeneralAndAdministrativeExpenses": 19190000,
        "otherExpenses": -54000,
        "operatingExpenses": 19190000,
        "costAndExpenses": 253002000,
        "interestIncome": 1464000,
        "interestExpense": 14847000,
        "depreciationAndAmortization": 27705000,
        "ebitda": 72340000,
        "ebitdaratio": 0.2430477394,
        "operatingIncome": 44635000,
        "operatingIncomeRatio": 0.1499645541,
        "totalOtherIncomeExpensesNet": -16020000,
        "incomeBeforeTax": 28615000,
        "incomeBeforeTaxRatio": 0.0961406008,
        "incomeTaxExpense": 174317000,
        "netIncome": -145702000,
        "netIncomeRatio": -0.4895291916,
        "eps": -1.42,
        "epsdiluted": -1.42,
        "weightedAverageShsOut": 102322000,
        "weightedAverageShsOutDil": 102322000,
        "link": "https://www.sec.gov/Archives/edgar/data/949039/000095017024022282/0000950170-24-022282-index.htm",
        "finalLink": "https://www.sec.gov/Archives/edgar/data/949039/000095017024022282/do-20231231.htm"
    },
    {
        "date": "2023-09-30",
        "symbol": "DO",
        "reportedCurrency": "USD",
        "cik": "0000949039",
        "fillingDate": "2023-11-07",
        "acceptedDate": "2023-11-07 15:45:46",
        "calendarYear": "2023",
        "period": "Q3",
        "revenue": 244958000,
        "costOfRevenue": 27785000,
        "grossProfit": 217173000,
        "grossProfitRatio": 0.886572392,
        "researchAndDevelopmentExpenses": 0,
        "generalAndAdministrativeExpenses": 16649000,
        "sellingAndMarketingExpenses": 0,
        "sellingGeneralAndAdministrativeExpenses": 16649000,
        "otherExpenses": -485000,
        "operatingExpenses": 217265000,
        "costAndExpenses": 245050000,
        "interestIncome": 161000,
        "interestExpense": 13774000,
        "depreciationAndAmortization": 27785000,
        "ebitda": 863000,
        "ebitdaratio": 0.0035230529,
        "operatingIncome": 863000,
        "operatingIncomeRatio": 0.0035230529,
        "totalOtherIncomeExpensesNet": -20443000,
        "incomeBeforeTax": -19580000,
        "incomeBeforeTaxRatio": -0.07993207,
        "incomeTaxExpense": 125436000,
        "netIncome": -145016000,
        "netIncomeRatio": -0.5920035271,
        "eps": -1.42,
        "epsdiluted": -1.42,
        "weightedAverageShsOut": 102215000,
        "weightedAverageShsOutDil": 102215000,
        "link": "https://www.sec.gov/Archives/edgar/data/949039/000095017023060178/0000950170-23-060178-index.htm",
        "finalLink": "https://www.sec.gov/Archives/edgar/data/949039/000095017023060178/ck0000949039-20230930.htm"
    },
    {
        "date": "2023-06-30",
        "symbol": "DO",
        "reportedCurrency": "USD",
        "cik": "0000949039",
        "fillingDate": "2023-08-08",
        "acceptedDate": "2023-08-08 15:15:14",
        "calendarYear": "2023",
        "period": "Q2",
        "revenue": 281563000,
        "costOfRevenue": 27906000,
        "grossProfit": 253657000,
        "grossProfitRatio": 0.9008889662,
        "researchAndDevelopmentExpenses": 0,
        "generalAndAdministrativeExpenses": 16824000,
        "sellingAndMarketingExpenses": 0,
        "sellingGeneralAndAdministrativeExpenses": 16824000,
        "otherExpenses": 136000,
        "operatingExpenses": 245350000,
        "costAndExpenses": 273256000,
        "interestIncome": 5000,
        "interestExpense": 12755000,
        "depreciationAndAmortization": 27906000,
        "ebitda": 36319000,
        "ebitdaratio": 0.1289906699,
        "operatingIncome": 10240000,
        "operatingIncomeRatio": 0.0363684149,
        "totalOtherIncomeExpensesNet": -14582000,
        "incomeBeforeTax": -4342000,
        "incomeBeforeTaxRatio": -0.0154210603,
        "incomeTaxExpense": -243125000,
        "netIncome": 238783000,
        "netIncomeRatio": 0.848062423,
        "eps": 2.35,
        "epsdiluted": 2.29,
        "weightedAverageShsOut": 101487000,
        "weightedAverageShsOutDil": 104236000,
        "link": "https://www.sec.gov/Archives/edgar/data/949039/000095017023039711/0000950170-23-039711-index.htm",
        "finalLink": "https://www.sec.gov/Archives/edgar/data/949039/000095017023039711/ck0000949039-20230630.htm"
    },
    {
        "date": "2023-03-31",
        "symbol": "DO",
        "reportedCurrency": "USD",
        "cik": "0000949039",
        "fillingDate": "2023-05-09",
        "acceptedDate": "2023-05-09 16:53:25",
        "calendarYear": "2023",
        "period": "Q1",
        "revenue": 232021000,
        "costOfRevenue": 27906000,
        "grossProfit": 204115000,
        "grossProfitRatio": 0.8797264041,
        "researchAndDevelopmentExpenses": 0,
        "generalAndAdministrativeExpenses": 210288000,
        "sellingAndMarketingExpenses": 0,
        "sellingGeneralAndAdministrativeExpenses": 210288000,
        "otherExpenses": -152000,
        "operatingExpenses": 210288000,
        "costAndExpenses": 238194000,
        "interestIncome": 7000,
        "interestExpense": 12040000,
        "depreciationAndAmortization": 27906000,
        "ebitda": 21733000,
        "ebitdaratio": 0.0936682455,
        "operatingIncome": -6318000,
        "operatingIncomeRatio": -0.0272302938,
        "totalOtherIncomeExpensesNet": -12243000,
        "incomeBeforeTax": -18416000,
        "incomeBeforeTaxRatio": -0.0793721258,
        "incomeTaxExpense": -25645000,
        "netIncome": 7229000,
        "netIncomeRatio": 0.0311566625,
        "eps": 0.0713,
        "epsdiluted": 0.0696,
        "weightedAverageShsOut": 101331000,
        "weightedAverageShsOutDil": 103936000,
        "link": "https://www.sec.gov/Archives/edgar/data/949039/000095017023019808/0000950170-23-019808-index.htm",
        "finalLink": "https://www.sec.gov/Archives/edgar/data/949039/000095017023019808/ck0000949039-20230331.htm"
    },
    {
        "date": "2022-12-31",
        "symbol": "DO",
        "reportedCurrency": "USD",
        "cik": "0000949039",
        "fillingDate": "2023-02-28",
        "acceptedDate": "2023-02-28 17:30:42",
        "calendarYear": "2022",
        "period": "Q4",
        "revenue": 223264000,
        "costOfRevenue": 218157000,
        "grossProfit": 5107000,
        "grossProfitRatio": 0.0228742654,
        "researchAndDevelopmentExpenses": 0,
        "generalAndAdministrativeExpenses": 17391000,
        "sellingAndMarketingExpenses": 0,
        "sellingGeneralAndAdministrativeExpenses": 17391000,
        "otherExpenses": 0,
        "operatingExpenses": 17391000,
        "costAndExpenses": 235548000,
        "interestIncome": 6000,
        "interestExpense": 11631000,
        "depreciationAndAmortization": 24764000,
        "ebitda": 1926147000,
        "ebitdaratio": 8.6272171062,
        "operatingIncome": -12284000,
        "operatingIncomeRatio": -0.0550200659,
        "totalOtherIncomeExpensesNet": -14490000,
        "incomeBeforeTax": -26774000,
        "incomeBeforeTaxRatio": -0.1199208112,
        "incomeTaxExpense": 25664000,
        "netIncome": -52438000,
        "netIncomeRatio": -0.2348699298,
        "eps": -0.52,
        "epsdiluted": -0.52,
        "weightedAverageShsOut": 101170000,
        "weightedAverageShsOutDil": 101170000,
        "link": "https://www.sec.gov/Archives/edgar/data/949039/000095017023005221/0000950170-23-005221-index.htm",
        "finalLink": "https://www.sec.gov/Archives/edgar/data/949039/000095017023005221/ck0000949039-20221231.htm"
    },
    {
        "date": "2022-09-30",
        "symbol": "DO",
        "reportedCurrency": "USD",
        "cik": "0000949039",
        "fillingDate": "2022-11-08",
        "acceptedDate": "2022-11-08 13:29:32",
        "calendarYear": "2022",
        "period": "Q3",
        "revenue": 618014000,
        "costOfRevenue": 78714000,
        "grossProfit": 539300000,
        "grossProfitRatio": 0.8726339533,
        "researchAndDevelopmentExpenses": 0,
        "generalAndAdministrativeExpenses": 595356000,
        "sellingAndMarketingExpenses": 0,
        "sellingGeneralAndAdministrativeExpenses": 595356000,
        "otherExpenses": 1487000,
        "operatingExpenses": 595356000,
        "costAndExpenses": 674070000,
        "interestIncome": 11000,
        "interestExpense": 10364000,
        "depreciationAndAmortization": 26069000,
        "ebitda": 18421000,
        "ebitdaratio": 0.0298067681,
        "operatingIncome": -56056000,
        "operatingIncomeRatio": -0.0907034468,
        "totalOtherIncomeExpensesNet": -9944000,
        "incomeBeforeTax": -78832000,
        "incomeBeforeTaxRatio": -0.1275569809,
        "incomeTaxExpense": -28059000,
        "netIncome": -50773000,
        "netIncomeRatio": -0.0821550968,
        "eps": -0.51,
        "epsdiluted": -0.51,
        "weightedAverageShsOut": 100356000,
        "weightedAverageShsOutDil": 100356000,
        "link": "https://www.sec.gov/Archives/edgar/data/949039/000095017022023085/0000950170-22-023085-index.htm",
        "finalLink": "https://www.sec.gov/Archives/edgar/data/949039/000095017022023085/ck0000949039-20220930.htm"
    },
    {
        "date": "2022-06-30",
        "symbol": "DO",
        "reportedCurrency": "USD",
        "cik": "0000949039",
        "fillingDate": "2022-08-10",
        "acceptedDate": "2022-08-10 16:10:42",
        "calendarYear": "2022",
        "period": "Q2",
        "revenue": 205702000,
        "costOfRevenue": 25693000,
        "grossProfit": 180009000,
        "grossProfitRatio": 0.8750960127,
        "researchAndDevelopmentExpenses": 0,
        "generalAndAdministrativeExpenses": 190457000,
        "sellingAndMarketingExpenses": 0,
        "sellingGeneralAndAdministrativeExpenses": 190457000,
        "otherExpenses": -47000,
        "operatingExpenses": 190457000,
        "costAndExpenses": 216150000,
        "interestIncome": 0,
        "interestExpense": 10103000,
        "depreciationAndAmortization": 25693000,
        "ebitda": 17490000,
        "ebitdaratio": 0.0850259113,
        "operatingIncome": -10448000,
        "operatingIncomeRatio": -0.0507919223,
        "totalOtherIncomeExpensesNet": -7858000,
        "incomeBeforeTax": -18306000,
        "incomeBeforeTaxRatio": -0.0889928148,
        "incomeTaxExpense": 3623000,
        "netIncome": -21929000,
        "netIncomeRatio": -0.1066056723,
        "eps": -0.22,
        "epsdiluted": -0.22,
        "weightedAverageShsOut": 99677272,
        "weightedAverageShsOutDil": 100108000,
        "link": "https://www.sec.gov/Archives/edgar/data/949039/000095017022016462/0000950170-22-016462-index.htm",
        "finalLink": "https://www.sec.gov/Archives/edgar/data/949039/000095017022016462/ck0000949039-20220630.htm"
    },
    {
        "date": "2022-03-31",
        "symbol": "DO",
        "reportedCurrency": "USD",
        "cik": "0000949039",
        "fillingDate": "2022-05-10",
        "acceptedDate": "2022-05-10 14:20:12",
        "calendarYear": "2022",
        "period": "Q1",
        "revenue": 186239000,
        "costOfRevenue": 26952000,
        "grossProfit": 159287000,
        "grossProfitRatio": 0.8552827281,
        "researchAndDevelopmentExpenses": 0,
        "generalAndAdministrativeExpenses": 197247000,
        "sellingAndMarketingExpenses": 0,
        "sellingGeneralAndAdministrativeExpenses": 197247000,
        "otherExpenses": 1362000,
        "operatingExpenses": 197247000,
        "costAndExpenses": 224199000,
        "interestIncome": 1000,
        "interestExpense": 8325000,
        "depreciationAndAmortization": 26952000,
        "ebitda": -11008000,
        "ebitdaratio": -0.0591068466,
        "operatingIncome": -37960000,
        "operatingIncomeRatio": -0.2038241185,
        "totalOtherIncomeExpensesNet": -5047000,
        "incomeBeforeTax": -43007000,
        "incomeBeforeTaxRatio": -0.2309237056,
        "incomeTaxExpense": -8653000,
        "netIncome": -34354000,
        "netIncomeRatio": -0.1844619011,
        "eps": -0.34,
        "epsdiluted": -0.34,
        "weightedAverageShsOut": 100075000,
        "weightedAverageShsOutDil": 100075000,
        "link": "https://www.sec.gov/Archives/edgar/data/949039/000095017022008866/0000950170-22-008866-index.htm",
        "finalLink": "https://www.sec.gov/Archives/edgar/data/949039/000095017022008866/ck0000949039-20220331.htm"
    },
    {
        "date": "2021-12-31",
        "symbol": "DO",
        "reportedCurrency": "USD",
        "cik": "0000949039",
        "fillingDate": "2022-05-02",
        "acceptedDate": "2022-05-02 09:31:07",
        "calendarYear": "2021",
        "period": "Q4",
        "revenue": 227278000,
        "costOfRevenue": 205905000,
        "grossProfit": 21373000,
        "grossProfitRatio": 0.0940390183,
        "researchAndDevelopmentExpenses": 0,
        "generalAndAdministrativeExpenses": 8301000,
        "sellingAndMarketingExpenses": 8000000,
        "sellingGeneralAndAdministrativeExpenses": 16301000,
        "otherExpenses": 0,
        "operatingExpenses": 16301000,
        "costAndExpenses": 222206000,
        "interestIncome": 9306000,
        "interestExpense": 0,
        "depreciationAndAmortization": 24619000,
        "ebitda": 29691000,
        "ebitdaratio": 0.1306373692,
        "operatingIncome": 5072000,
        "operatingIncomeRatio": 0.0223162823,
        "totalOtherIncomeExpensesNet": -151504000,
        "incomeBeforeTax": -138432000,
        "incomeBeforeTaxRatio": -0.6090866692,
        "incomeTaxExpense": -13563000,
        "netIncome": -124869000,
        "netIncomeRatio": -0.5494108537,
        "eps": -1.25,
        "epsdiluted": -1.25,
        "weightedAverageShsOut": 100075000,
        "weightedAverageShsOutDil": 100075000,
        "link": "https://www.sec.gov/Archives/edgar/data/949039/000119312522135642/0001193125-22-135642-index.htm",
        "finalLink": "https://www.sec.gov/Archives/edgar/data/949039/000119312522135642/d282366d10ka.htm"
    },
    {
        "date": "2021-09-30",
        "symbol": "DO",
        "reportedCurrency": "USD",
        "cik": "0000949039",
        "fillingDate": "2021-11-08",
        "acceptedDate": "2021-11-08 16:15:06",
        "calendarYear": "2021",
        "period": "Q3",
        "revenue": 328788000,
        "costOfRevenue": 43885000,
        "grossProfit": 284903000,
        "grossProfitRatio": 0.866524934,
        "researchAndDevelopmentExpenses": 0,
        "generalAndAdministrativeExpenses": 309730000,
        "sellingAndMarketingExpenses": 0,
        "sellingGeneralAndAdministrativeExpenses": 309730000,
        "otherExpenses": 0,
        "operatingExpenses": 309730000,
        "costAndExpenses": 353615000,
        "interestIncome": 3000,
        "interestExpense": 16874000,
        "depreciationAndAmortization": 25150000,
        "ebitda": 3264000,
        "ebitdaratio": 0.0099273696,
        "operatingIncome": -23884000,
        "operatingIncomeRatio": -0.0726425539,
        "totalOtherIncomeExpensesNet": 16616000,
        "incomeBeforeTax": -37258000,
        "incomeBeforeTaxRatio": -0.1133192209,
        "incomeTaxExpense": 15217000,
        "netIncome": -52475000,
        "netIncomeRatio": -0.1596013236,
        "eps": -0.52,
        "epsdiluted": -0.52,
        "weightedAverageShsOut": 100074948,
        "weightedAverageShsOutDil": 100074948,
        "link": "https://www.sec.gov/Archives/edgar/data/949039/000156459021055253/0001564590-21-055253-index.htm",
        "finalLink": "https://www.sec.gov/Archives/edgar/data/949039/000156459021055253/do-10q_20210930.htm"
    },
    {
        "date": "2021-06-30",
        "symbol": "DO",
        "reportedCurrency": "USD",
        "cik": "0000949039",
        "fillingDate": "2021-08-04",
        "acceptedDate": "2021-08-04 16:56:16",
        "calendarYear": "2021",
        "period": "Q2",
        "revenue": 149473000,
        "costOfRevenue": 187843000,
        "grossProfit": -38370000,
        "grossProfitRatio": -0.2567018793,
        "researchAndDevelopmentExpenses": 0,
        "generalAndAdministrativeExpenses": 18887000,
        "sellingAndMarketingExpenses": 0,
        "sellingGeneralAndAdministrativeExpenses": 18887000,
        "otherExpenses": 0,
        "operatingExpenses": 18887000,
        "costAndExpenses": 206730000,
        "interestIncome": 9361000,
        "interestExpense": 0,
        "depreciationAndAmortization": 36867000,
        "ebitda": -20390000,
        "ebitdaratio": -0.1364125963,
        "operatingIncome": -57257000,
        "operatingIncomeRatio": -0.3830591478,
        "totalOtherIncomeExpensesNet": -1610245000,
        "incomeBeforeTax": -1667502000,
        "incomeBeforeTaxRatio": -11.1558743051,
        "incomeTaxExpense": -19901000,
        "netIncome": -1647601000,
        "netIncomeRatio": -11.0227332027,
        "eps": -16.46,
        "epsdiluted": -16.46,
        "weightedAverageShsOut": 100074093,
        "weightedAverageShsOutDil": 100074093,
        "link": "https://www.sec.gov/Archives/edgar/data/949039/000156459021040906/0001564590-21-040906-index.htm",
        "finalLink": "https://www.sec.gov/Archives/edgar/data/949039/000156459021040906/do-10q_20210630.htm"
    },
    {
        "date": "2021-03-31",
        "symbol": "DO",
        "reportedCurrency": "USD",
        "cik": "0000949039",
        "fillingDate": "2021-05-10",
        "acceptedDate": "2021-05-07 17:34:44",
        "calendarYear": "2021",
        "period": "Q1",
        "revenue": 169379000,
        "costOfRevenue": 108235000,
        "grossProfit": 61144000,
        "grossProfitRatio": 0.3609892608,
        "researchAndDevelopmentExpenses": 0,
        "generalAndAdministrativeExpenses": 196662000,
        "sellingAndMarketingExpenses": 0,
        "sellingGeneralAndAdministrativeExpenses": 196662000,
        "otherExpenses": 398000,
        "operatingExpenses": 196662000,
        "costAndExpenses": 304897000,
        "interestIncome": 30000,
        "interestExpense": 34827000,
        "depreciationAndAmortization": 74626000,
        "ebitda": -42332000,
        "ebitdaratio": -0.249924725,
        "operatingIncome": -327059000,
        "operatingIncomeRatio": -1.9309300445,
        "totalOtherIncomeExpensesNet": -36822000,
        "incomeBeforeTax": -2001393000,
        "incomeBeforeTaxRatio": -11.8160633845,
        "incomeTaxExpense": -39404000,
        "netIncome": -1961989000,
        "netIncomeRatio": -11.5834253361,
        "eps": -19.61,
        "epsdiluted": -19.61,
        "weightedAverageShsOut": 100074948,
        "weightedAverageShsOutDil": 100074948,
        "link": "https://www.sec.gov/Archives/edgar/data/949039/000156459021025625/0001564590-21-025625-index.htm",
        "finalLink": "https://www.sec.gov/Archives/edgar/data/949039/000156459021025625/do-10q_20210331.htm"
    },
    {
        "date": "2020-12-31",
        "symbol": "DO",
        "reportedCurrency": "USD",
        "cik": "0000949039",
        "fillingDate": "2021-02-10",
        "acceptedDate": "2021-02-10 14:26:16",
        "calendarYear": "2020",
        "period": "Q4",
        "revenue": 156905000,
        "costOfRevenue": 54377000,
        "grossProfit": 102528000,
        "grossProfitRatio": 0.6534399796,
        "researchAndDevelopmentExpenses": 0,
        "generalAndAdministrativeExpenses": 12098000,
        "sellingAndMarketingExpenses": -186666000,
        "sellingGeneralAndAdministrativeExpenses": 94898000,
        "otherExpenses": 1829903000,
        "operatingExpenses": 253631000,
        "costAndExpenses": 308008000,
        "interestIncome": 132000,
        "interestExpense": 0,
        "depreciationAndAmortization": 76877000,
        "ebitda": 7879000,
        "ebitdaratio": 0.0502150983,
        "operatingIncome": -68998000,
        "operatingIncomeRatio": -0.439743794,
        "totalOtherIncomeExpensesNet": -81973000,
        "incomeBeforeTax": -150971000,
        "incomeBeforeTaxRatio": -0.9621809375,
        "incomeTaxExpense": 1433000,
        "netIncome": -149538000,
        "netIncomeRatio": -0.9530480227,
        "eps": -1.08,
        "epsdiluted": -1.08,
        "weightedAverageShsOut": 138056018,
        "weightedAverageShsOutDil": 138056000,
        "link": "https://www.sec.gov/Archives/edgar/data/949039/000156459021005225/0001564590-21-005225-index.htm",
        "finalLink": "https://www.sec.gov/Archives/edgar/data/949039/000156459021005225/do-10k_20201231.htm"
    },
    {
        "date": "2020-09-30",
        "symbol": "DO",
        "reportedCurrency": "USD",
        "cik": "0000949039",
        "fillingDate": "2020-11-02",
        "acceptedDate": "2020-11-02 13:33:23",
        "calendarYear": "2020",
        "period": "Q3",
        "revenue": 129345000,
        "costOfRevenue": 53421000,
        "grossProfit": 75924000,
        "grossProfitRatio": 0.5869882871,
        "researchAndDevelopmentExpenses": 0,
        "generalAndAdministrativeExpenses": 12781000,
        "sellingAndMarketingExpenses": 77500000,
        "sellingGeneralAndAdministrativeExpenses": 90281000,
        "otherExpenses": 214694000,
        "operatingExpenses": 174359000,
        "costAndExpenses": 227780000,
        "interestIncome": 76000,
        "interestExpense": 0,
        "depreciationAndAmortization": 75330000,
        "ebitda": -14023000,
        "ebitdaratio": -0.108415478,
        "operatingIncome": -89353000,
        "operatingIncomeRatio": -0.6908113959,
        "totalOtherIncomeExpensesNet": -9158000,
        "incomeBeforeTax": -98511000,
        "incomeBeforeTaxRatio": -0.7616142874,
        "incomeTaxExpense": 95000,
        "netIncome": -98606000,
        "netIncomeRatio": -0.7623487572,
        "eps": -0.71,
        "epsdiluted": -0.71,
        "weightedAverageShsOut": 138054143,
        "weightedAverageShsOutDil": 138054000,
        "link": "https://www.sec.gov/Archives/edgar/data/949039/000156459020049529/0001564590-20-049529-index.htm",
        "finalLink": "https://www.sec.gov/Archives/edgar/data/949039/000156459020049529/do-10q_20200930.htm"
    },
    {
        "date": "2020-06-30",
        "symbol": "DO",
        "reportedCurrency": "USD",
        "cik": "0000949039",
        "fillingDate": "2020-08-03",
        "acceptedDate": "2020-08-03 15:19:19",
        "calendarYear": "2020",
        "period": "Q2",
        "revenue": 188637000,
        "costOfRevenue": 165943000,
        "grossProfit": 22694000,
        "grossProfitRatio": 0.1203051363,
        "researchAndDevelopmentExpenses": 0,
        "generalAndAdministrativeExpenses": 15701000,
        "sellingAndMarketingExpenses": 0,
        "sellingGeneralAndAdministrativeExpenses": 15701000,
        "otherExpenses": 265984000,
        "operatingExpenses": 161238000,
        "costAndExpenses": 327181000,
        "interestIncome": 10225000,
        "interestExpense": 0,
        "depreciationAndAmortization": 74835000,
        "ebitda": 8252000,
        "ebitdaratio": 0.0437453946,
        "operatingIncome": -66583000,
        "operatingIncomeRatio": -0.3529689297,
        "totalOtherIncomeExpensesNet": -82186000,
        "incomeBeforeTax": -148769000,
        "incomeBeforeTaxRatio": -0.7886522792,
        "incomeTaxExpense": 3949000,
        "netIncome": -144820000,
        "netIncomeRatio": -0.767717892,
        "eps": -1.05,
        "epsdiluted": -1.05,
        "weightedAverageShsOut": 138043052,
        "weightedAverageShsOutDil": 138043000,
        "link": "https://www.sec.gov/Archives/edgar/data/949039/000156459020035464/0001564590-20-035464-index.htm",
        "finalLink": "https://www.sec.gov/Archives/edgar/data/949039/000156459020035464/do-10q_20200630.htm"
    },
    {
        "date": "2020-03-31",
        "symbol": "DO",
        "reportedCurrency": "USD",
        "cik": "0000949039",
        "fillingDate": "2020-05-04",
        "acceptedDate": "2020-05-04 11:07:43",
        "calendarYear": "2020",
        "period": "Q1",
        "revenue": 217866000,
        "costOfRevenue": 184511000,
        "grossProfit": 33355000,
        "grossProfitRatio": 0.1530986937,
        "researchAndDevelopmentExpenses": 0,
        "generalAndAdministrativeExpenses": 16345000,
        "sellingAndMarketingExpenses": 0,
        "sellingGeneralAndAdministrativeExpenses": 16345000,
        "otherExpenses": 1059262000,
        "operatingExpenses": 879262000,
        "costAndExpenses": 1063773000,
        "interestIncome": 389000,
        "interestExpense": 32321000,
        "depreciationAndAmortization": 93043000,
        "ebitda": 17201000,
        "ebitdaratio": 0.0789522,
        "operatingIncome": -75842000,
        "operatingIncomeRatio": -0.3481130603,
        "totalOtherIncomeExpensesNet": -801997000,
        "incomeBeforeTax": -877839000,
        "incomeBeforeTaxRatio": -4.0292611055,
        "incomeTaxExpense": 15899000,
        "netIncome": -861940000,
        "netIncomeRatio": -3.956285056,
        "eps": -6.25,
        "epsdiluted": -6.25,
        "weightedAverageShsOut": 137831009,
        "weightedAverageShsOutDil": 137831000,
        "link": "https://www.sec.gov/Archives/edgar/data/949039/000156459020020673/0001564590-20-020673-index.htm",
        "finalLink": "https://www.sec.gov/Archives/edgar/data/949039/000156459020020673/do-10q_20200331.htm"
    },
    {
        "date": "2019-12-31",
        "symbol": "DO",
        "reportedCurrency": "USD",
        "cik": "0000949039",
        "fillingDate": "2020-02-11",
        "acceptedDate": "2020-02-11 15:55:32",
        "calendarYear": "2019",
        "period": "Q4",
        "revenue": 258650000,
        "costOfRevenue": 199633000,
        "grossProfit": 59017000,
        "grossProfitRatio": 0.228173207,
        "researchAndDevelopmentExpenses": 0,
        "generalAndAdministrativeExpenses": 16442000,
        "sellingAndMarketingExpenses": 0,
        "sellingGeneralAndAdministrativeExpenses": 16442000,
        "otherExpenses": 1195096000,
        "operatingExpenses": 109757000,
        "costAndExpenses": 309390000,
        "interestIncome": 0,
        "interestExpense": 30650000,
        "depreciationAndAmortization": 91752000,
        "ebitda": 42764000,
        "ebitdaratio": 0.1653353953,
        "operatingIncome": -48988000,
        "operatingIncomeRatio": -0.1893988015,
        "totalOtherIncomeExpensesNet": -31684000,
        "incomeBeforeTax": -80672000,
        "incomeBeforeTaxRatio": -0.3118963851,
        "incomeTaxExpense": 5902000,
        "netIncome": -74770000,
        "netIncomeRatio": -0.2890779045,
        "eps": -0.55,
        "epsdiluted": -0.54,
        "weightedAverageShsOut": 137165730,
        "weightedAverageShsOutDil": 137698000,
        "link": "https://www.sec.gov/Archives/edgar/data/949039/000156459020004199/0001564590-20-004199-index.htm",
        "finalLink": "https://www.sec.gov/Archives/edgar/data/949039/000156459020004199/do-10k_20191231.htm"
    },
    {
        "date": "2019-09-30",
        "symbol": "DO",
        "reportedCurrency": "USD",
        "cik": "0000949039",
        "fillingDate": "2019-10-28",
        "acceptedDate": "2019-10-28 10:07:55",
        "calendarYear": "2019",
        "period": "Q3",
        "revenue": 242315000,
        "costOfRevenue": 201568000,
        "grossProfit": 40747000,
        "grossProfitRatio": 0.1681571508,
        "researchAndDevelopmentExpenses": 0,
        "generalAndAdministrativeExpenses": 18830000,
        "sellingAndMarketingExpenses": 0,
        "sellingGeneralAndAdministrativeExpenses": 18830000,
        "otherExpenses": 308024000,
        "operatingExpenses": 113576000,
        "costAndExpenses": 315144000,
        "interestIncome": 1317000,
        "interestExpense": 31098000,
        "depreciationAndAmortization": 88693000,
        "ebitda": 22199000,
        "ebitdaratio": 0.0916121577,
        "operatingIncome": -66494000,
        "operatingIncomeRatio": -0.2744114066,
        "totalOtherIncomeExpensesNet": -36116000,
        "incomeBeforeTax": -102610000,
        "incomeBeforeTaxRatio": -0.4234570703,
        "incomeTaxExpense": 7482000,
        "netIncome": -95128000,
        "netIncomeRatio": -0.3925799063,
        "eps": -0.69,
        "epsdiluted": -0.69,
        "weightedAverageShsOut": 137694050,
        "weightedAverageShsOutDil": 137694000,
        "link": "https://www.sec.gov/Archives/edgar/data/949039/000156459019038037/0001564590-19-038037-index.htm",
        "finalLink": "https://www.sec.gov/Archives/edgar/data/949039/000156459019038037/do-10q_20190930.htm"
    },
    {
        "date": "2019-06-30",
        "symbol": "DO",
        "reportedCurrency": "USD",
        "cik": "0000949039",
        "fillingDate": "2019-08-05",
        "acceptedDate": "2019-08-05 10:10:41",
        "calendarYear": "2019",
        "period": "Q2",
        "revenue": 207273000,
        "costOfRevenue": 224782000,
        "grossProfit": -17509000,
        "grossProfitRatio": -0.0844731345,
        "researchAndDevelopmentExpenses": 0,
        "generalAndAdministrativeExpenses": 15294000,
        "sellingAndMarketingExpenses": 0,
        "sellingGeneralAndAdministrativeExpenses": 15294000,
        "otherExpenses": 312912000,
        "operatingExpenses": 94607000,
        "costAndExpenses": 319389000,
        "interestIncome": 1933000,
        "interestExpense": 31159000,
        "depreciationAndAmortization": 88253000,
        "ebitda": -32683000,
        "ebitdaratio": -0.1576809329,
        "operatingIncome": -120936000,
        "operatingIncomeRatio": -0.5834623902,
        "totalOtherIncomeExpensesNet": -20406000,
        "incomeBeforeTax": -141342000,
        "incomeBeforeTaxRatio": -0.6819122606,
        "incomeTaxExpense": 27354000,
        "netIncome": -113988000,
        "netIncomeRatio": -0.5499413817,
        "eps": -0.83,
        "epsdiluted": -0.83,
        "weightedAverageShsOut": 137334939,
        "weightedAverageShsOutDil": 137691000,
        "link": "https://www.sec.gov/Archives/edgar/data/949039/000156459019028565/0001564590-19-028565-index.htm",
        "finalLink": "https://www.sec.gov/Archives/edgar/data/949039/000156459019028565/do-10q_20190630.htm"
    },
    {
        "date": "2019-03-31",
        "symbol": "DO",
        "reportedCurrency": "USD",
        "cik": "0000949039",
        "fillingDate": "2019-04-29",
        "acceptedDate": "2019-04-29 10:34:22",
        "calendarYear": "2019",
        "period": "Q1",
        "revenue": 226697000,
        "costOfRevenue": 167429000,
        "grossProfit": 59268000,
        "grossProfitRatio": 0.2614414836,
        "researchAndDevelopmentExpenses": 0,
        "generalAndAdministrativeExpenses": 17312000,
        "sellingAndMarketingExpenses": 0,
        "sellingGeneralAndAdministrativeExpenses": 17312000,
        "otherExpenses": 265357000,
        "operatingExpenses": 109147000,
        "costAndExpenses": 276576000,
        "interestIncome": 2414000,
        "interestExpense": 29925000,
        "depreciationAndAmortization": 86898000,
        "ebitda": 42058000,
        "ebitdaratio": 0.1855251724,
        "operatingIncome": -44840000,
        "operatingIncomeRatio": -0.1977970595,
        "totalOtherIncomeExpensesNet": -32550000,
        "incomeBeforeTax": -77390000,
        "incomeBeforeTaxRatio": -0.3413807858,
        "incomeTaxExpense": 4062000,
        "netIncome": -73328000,
        "netIncomeRatio": -0.3234625954,
        "eps": -0.53,
        "epsdiluted": -0.53,
        "weightedAverageShsOut": 137522059,
        "weightedAverageShsOutDil": 137522000,
        "link": "https://www.sec.gov/Archives/edgar/data/949039/000156459019013519/0001564590-19-013519-index.htm",
        "finalLink": "https://www.sec.gov/Archives/edgar/data/949039/000156459019013519/do-10q_20190331.htm"
    },
    {
        "date": "2018-12-31",
        "symbol": "DO",
        "reportedCurrency": "USD",
        "cik": "0000949039",
        "fillingDate": "2019-02-13",
        "acceptedDate": "2019-02-13 12:41:55",
        "calendarYear": "2018",
        "period": "Q4",
        "revenue": 226003000,
        "costOfRevenue": 160368000,
        "grossProfit": 65635000,
        "grossProfitRatio": 0.2904164989,
        "researchAndDevelopmentExpenses": 0,
        "generalAndAdministrativeExpenses": 15294000,
        "sellingAndMarketingExpenses": 0,
        "sellingGeneralAndAdministrativeExpenses": 15294000,
        "otherExpenses": 1110047000,
        "operatingExpenses": 103370000,
        "costAndExpenses": 263738000,
        "interestIncome": 28568000,
        "interestExpense": 0,
        "depreciationAndAmortization": 86255000,
        "ebitda": 50401000,
        "ebitdaratio": 0.223010314,
        "operatingIncome": -35854000,
        "operatingIncomeRatio": -0.1586439118,
        "totalOtherIncomeExpensesNet": -30449000,
        "incomeBeforeTax": -66303000,
        "incomeBeforeTaxRatio": -0.2933722119,
        "incomeTaxExpense": 12904000,
        "netIncome": -79207000,
        "netIncomeRatio": -0.3504687991,
        "eps": -0.58,
        "epsdiluted": -0.58,
        "weightedAverageShsOut": 137436038,
        "weightedAverageShsOutDil": 137436000,
        "link": "https://www.sec.gov/Archives/edgar/data/949039/000119312519037454/0001193125-19-037454-index.htm",
        "finalLink": "https://www.sec.gov/Archives/edgar/data/949039/000119312519037454/d675239d10k.htm"
    },
    {
        "date": "2018-09-30",
        "symbol": "DO",
        "reportedCurrency": "USD",
        "cik": "0000949039",
        "fillingDate": "2018-11-05",
        "acceptedDate": "2018-11-05 10:20:10",
        "calendarYear": "2018",
        "period": "Q3",
        "revenue": 280691000,
        "costOfRevenue": 188456000,
        "grossProfit": 92235000,
        "grossProfitRatio": 0.328599777,
        "researchAndDevelopmentExpenses": 0,
        "generalAndAdministrativeExpenses": 15808000,
        "sellingAndMarketingExpenses": 0,
        "sellingGeneralAndAdministrativeExpenses": 15808000,
        "otherExpenses": 276057000,
        "operatingExpenses": 116200000,
        "costAndExpenses": 304656000,
        "interestIncome": 31929000,
        "interestExpense": 0,
        "depreciationAndAmortization": 81884000,
        "ebitda": 76484000,
        "ebitdaratio": 0.2724846896,
        "operatingIncome": -5400000,
        "operatingIncomeRatio": -0.0192382371,
        "totalOtherIncomeExpensesNet": -50494000,
        "incomeBeforeTax": -55894000,
        "incomeBeforeTaxRatio": -0.1991300042,
        "incomeTaxExpense": 4782000,
        "netIncome": -51112000,
        "netIncomeRatio": -0.1820934765,
        "eps": -0.37,
        "epsdiluted": -0.37,
        "weightedAverageShsOut": 137434055,
        "weightedAverageShsOutDil": 137434000,
        "link": "https://www.sec.gov/Archives/edgar/data/949039/000119312518317961/0001193125-18-317961-index.htm",
        "finalLink": "https://www.sec.gov/Archives/edgar/data/949039/000119312518317961/d576101d10q.htm"
    },
    {
        "date": "2018-06-30",
        "symbol": "DO",
        "reportedCurrency": "USD",
        "cik": "0000949039",
        "fillingDate": "2018-07-30",
        "acceptedDate": "2018-07-30 09:50:38",
        "calendarYear": "2018",
        "period": "Q2",
        "revenue": 265353000,
        "costOfRevenue": 189321000,
        "grossProfit": 76032000,
        "grossProfitRatio": 0.2865315259,
        "researchAndDevelopmentExpenses": 0,
        "generalAndAdministrativeExpenses": 18236000,
        "sellingAndMarketingExpenses": 0,
        "sellingGeneralAndAdministrativeExpenses": 18236000,
        "otherExpenses": 303000000,
        "operatingExpenses": 127734000,
        "costAndExpenses": 317055000,
        "interestIncome": 27584000,
        "interestExpense": 0,
        "depreciationAndAmortization": 81825000,
        "ebitda": 57890000,
        "ebitdaratio": 0.2181622216,
        "operatingIncome": -23935000,
        "operatingIncomeRatio": -0.0902006007,
        "totalOtherIncomeExpensesNet": -55351000,
        "incomeBeforeTax": -79286000,
        "incomeBeforeTaxRatio": -0.2987944361,
        "incomeTaxExpense": 10012000,
        "netIncome": -69274000,
        "netIncomeRatio": -0.2610635644,
        "eps": -0.5,
        "epsdiluted": -0.5,
        "weightedAverageShsOut": 137429052,
        "weightedAverageShsOutDil": 137429000,
        "link": "https://www.sec.gov/Archives/edgar/data/949039/000119312518230634/0001193125-18-230634-index.htm",
        "finalLink": "https://www.sec.gov/Archives/edgar/data/949039/000119312518230634/d610834d10q.htm"
    },
    {
        "date": "2018-03-31",
        "symbol": "DO",
        "reportedCurrency": "USD",
        "cik": "0000949039",
        "fillingDate": "2018-04-30",
        "acceptedDate": "2018-04-30 09:41:59",
        "calendarYear": "2018",
        "period": "Q1",
        "revenue": 287926000,
        "costOfRevenue": 184689000,
        "grossProfit": 103237000,
        "grossProfitRatio": 0.358553934,
        "researchAndDevelopmentExpenses": 0,
        "generalAndAdministrativeExpenses": 18513000,
        "sellingAndMarketingExpenses": 0,
        "sellingGeneralAndAdministrativeExpenses": 18513000,
        "otherExpenses": 276485000,
        "operatingExpenses": 101698000,
        "costAndExpenses": 286387000,
        "interestIncome": 26681000,
        "interestExpense": 0,
        "depreciationAndAmortization": 81825000,
        "ebitda": 84838000,
        "ebitdaratio": 0.2946520981,
        "operatingIncome": 3013000,
        "operatingIncomeRatio": 0.0104644943,
        "totalOtherIncomeExpensesNet": -28155000,
        "incomeBeforeTax": -25142000,
        "incomeBeforeTaxRatio": -0.0873210478,
        "incomeTaxExpense": 44463000,
        "netIncome": 19321000,
        "netIncomeRatio": 0.0671040476,
        "eps": 0.14,
        "epsdiluted": 0.14,
        "weightedAverageShsOut": 138007142,
        "weightedAverageShsOutDil": 137495000,
        "link": "https://www.sec.gov/Archives/edgar/data/949039/000119312518141235/0001193125-18-141235-index.htm",
        "finalLink": "https://www.sec.gov/Archives/edgar/data/949039/000119312518141235/d556977d10q.htm"
    },
    {
        "date": "2017-12-31",
        "symbol": "DO",
        "reportedCurrency": "USD",
        "cik": "0000949039",
        "fillingDate": "2018-02-13",
        "acceptedDate": "2018-02-13 11:00:51",
        "calendarYear": "2017",
        "period": "Q4",
        "revenue": 337809000,
        "costOfRevenue": 204152000,
        "grossProfit": 133657000,
        "grossProfitRatio": 0.3956584934,
        "researchAndDevelopmentExpenses": 0,
        "generalAndAdministrativeExpenses": 20206000,
        "sellingAndMarketingExpenses": 0,
        "sellingGeneralAndAdministrativeExpenses": 20206000,
        "otherExpenses": 1287362000,
        "operatingExpenses": 139745000,
        "costAndExpenses": 343897000,
        "interestIncome": 28993000,
        "interestExpense": 0,
        "depreciationAndAmortization": 86203000,
        "ebitda": 113594000,
        "ebitdaratio": 0.3362669437,
        "operatingIncome": 27391000,
        "operatingIncomeRatio": 0.0810842814,
        "totalOtherIncomeExpensesNet": -62472000,
        "incomeBeforeTax": -35081000,
        "incomeBeforeTaxRatio": -0.1038486245,
        "incomeTaxExpense": 3140000,
        "netIncome": -31941000,
        "netIncomeRatio": -0.0945534311,
        "eps": -0.24,
        "epsdiluted": -0.23,
        "weightedAverageShsOut": 133093600,
        "weightedAverageShsOutDil": 137228000,
        "link": "https://www.sec.gov/Archives/edgar/data/949039/000119312518041668/0001193125-18-041668-index.htm",
        "finalLink": "https://www.sec.gov/Archives/edgar/data/949039/000119312518041668/d529539d10k.htm"
    },
    {
        "date": "2017-09-30",
        "symbol": "DO",
        "reportedCurrency": "USD",
        "cik": "0000949039",
        "fillingDate": "2017-10-30",
        "acceptedDate": "2017-10-30 09:34:57",
        "calendarYear": "2017",
        "period": "Q3",
        "revenue": 357683000,
        "costOfRevenue": 198072000,
        "grossProfit": 159611000,
        "grossProfitRatio": 0.4462359128,
        "researchAndDevelopmentExpenses": 0,
        "generalAndAdministrativeExpenses": 17806000,
        "sellingAndMarketingExpenses": 0,
        "sellingGeneralAndAdministrativeExpenses": 17806000,
        "otherExpenses": 289636000,
        "operatingExpenses": 135626000,
        "costAndExpenses": 333698000,
        "interestIncome": 27786000,
        "interestExpense": 0,
        "depreciationAndAmortization": 83281000,
        "ebitda": 141925000,
        "ebitdaratio": 0.396789895,
        "operatingIncome": 58644000,
        "operatingIncomeRatio": 0.1639552341,
        "totalOtherIncomeExpensesNet": -62445000,
        "incomeBeforeTax": -3801000,
        "incomeBeforeTaxRatio": -0.0106267281,
        "incomeTaxExpense": 14600000,
        "netIncome": 10799000,
        "netIncomeRatio": 0.0301915383,
        "eps": 0.0787,
        "epsdiluted": 0.0787,
        "weightedAverageShsOut": 137227742,
        "weightedAverageShsOutDil": 137241000,
        "link": "https://www.sec.gov/Archives/edgar/data/949039/000119312517324049/0001193125-17-324049-index.htm",
        "finalLink": "https://www.sec.gov/Archives/edgar/data/949039/000119312517324049/d460898d10q.htm"
    },
    {
        "date": "2017-06-30",
        "symbol": "DO",
        "reportedCurrency": "USD",
        "cik": "0000949039",
        "fillingDate": "2017-07-31",
        "acceptedDate": "2017-07-31 09:31:00",
        "calendarYear": "2017",
        "period": "Q2",
        "revenue": 392170000,
        "costOfRevenue": 196217000,
        "grossProfit": 195953000,
        "grossProfitRatio": 0.4996634113,
        "researchAndDevelopmentExpenses": 0,
        "generalAndAdministrativeExpenses": 19010000,
        "sellingAndMarketingExpenses": 0,
        "sellingGeneralAndAdministrativeExpenses": 19010000,
        "otherExpenses": 359455000,
        "operatingExpenses": 176118000,
        "costAndExpenses": 372335000,
        "interestIncome": 26855000,
        "interestExpense": 0,
        "depreciationAndAmortization": 85982000,
        "ebitda": 177272000,
        "ebitdaratio": 0.452028457,
        "operatingIncome": 91290000,
        "operatingIncomeRatio": 0.2327817018,
        "totalOtherIncomeExpensesNet": -98310000,
        "incomeBeforeTax": -7020000,
        "incomeBeforeTaxRatio": -0.0179004003,
        "incomeTaxExpense": 22969000,
        "netIncome": 15949000,
        "netIncomeRatio": 0.0406685876,
        "eps": 0.12,
        "epsdiluted": 0.12,
        "weightedAverageShsOut": 137224029,
        "weightedAverageShsOutDil": 137227000,
        "link": "https://www.sec.gov/Archives/edgar/data/949039/000119312517241644/0001193125-17-241644-index.htm",
        "finalLink": "https://www.sec.gov/Archives/edgar/data/949039/000119312517241644/d407918d10q.htm"
    },
    {
        "date": "2017-03-31",
        "symbol": "DO",
        "reportedCurrency": "USD",
        "cik": "0000949039",
        "fillingDate": "2017-05-01",
        "acceptedDate": "2017-05-01 09:48:26",
        "calendarYear": "2017",
        "period": "Q1",
        "revenue": 363557000,
        "costOfRevenue": 203523000,
        "grossProfit": 160034000,
        "grossProfitRatio": 0.4401895714,
        "researchAndDevelopmentExpenses": 0,
        "generalAndAdministrativeExpenses": 17483000,
        "sellingAndMarketingExpenses": 0,
        "sellingGeneralAndAdministrativeExpenses": 17483000,
        "otherExpenses": 305884000,
        "operatingExpenses": 108151000,
        "costAndExpenses": 311674000,
        "interestIncome": 27421000,
        "interestExpense": 0,
        "depreciationAndAmortization": 93229000,
        "ebitda": 142742000,
        "ebitdaratio": 0.3926261907,
        "operatingIncome": 49513000,
        "operatingIncomeRatio": 0.1361904736,
        "totalOtherIncomeExpensesNet": -25051000,
        "incomeBeforeTax": 24462000,
        "incomeBeforeTaxRatio": 0.067285185,
        "incomeTaxExpense": 923000,
        "netIncome": 23539000,
        "netIncomeRatio": 0.0647463809,
        "eps": 0.17,
        "epsdiluted": 0.17,
        "weightedAverageShsOut": 138464705,
        "weightedAverageShsOutDil": 137250000,
        "link": "https://www.sec.gov/Archives/edgar/data/949039/000119312517150507/0001193125-17-150507-index.htm",
        "finalLink": "https://www.sec.gov/Archives/edgar/data/949039/000119312517150507/d369415d10q.htm"
    },
    {
        "date": "2016-12-31",
        "symbol": "DO",
        "reportedCurrency": "USD",
        "cik": "0000949039",
        "fillingDate": "2017-02-16",
        "acceptedDate": "2017-02-16 14:19:22",
        "calendarYear": "2016",
        "period": "Q4",
        "revenue": 384646000,
        "costOfRevenue": 174342000,
        "grossProfit": 210304000,
        "grossProfitRatio": 0.5467468789,
        "researchAndDevelopmentExpenses": 0,
        "generalAndAdministrativeExpenses": 14786000,
        "sellingAndMarketingExpenses": 92100000,
        "sellingGeneralAndAdministrativeExpenses": 14521000,
        "otherExpenses": 0,
        "operatingExpenses": 109376000,
        "costAndExpenses": 283718000,
        "interestIncome": 21054000,
        "interestExpense": 0,
        "depreciationAndAmortization": 86031000,
        "ebitda": 196236000,
        "ebitdaratio": 0.5101729902,
        "operatingIncome": 110205000,
        "operatingIncomeRatio": 0.2865101938,
        "totalOtherIncomeExpensesNet": -30331000,
        "incomeBeforeTax": 79874000,
        "incomeBeforeTaxRatio": 0.2076558706,
        "incomeTaxExpense": 36208000,
        "netIncome": 116082000,
        "netIncomeRatio": 0.3017891776,
        "eps": 0.84,
        "epsdiluted": 0.85,
        "weightedAverageShsOut": 138292954,
        "weightedAverageShsOutDil": 137263000,
        "link": "https://www.sec.gov/Archives/edgar/data/949039/000119312517046486/0001193125-17-046486-index.htm",
        "finalLink": "https://www.sec.gov/Archives/edgar/data/949039/000119312517046486/d236529d10k.htm"
    },
    {
        "date": "2016-09-30",
        "symbol": "DO",
        "reportedCurrency": "USD",
        "cik": "0000949039",
        "fillingDate": "2016-10-31",
        "acceptedDate": "2016-10-31 09:39:07",
        "calendarYear": "2016",
        "period": "Q3",
        "revenue": 339636000,
        "costOfRevenue": 186654000,
        "grossProfit": 152982000,
        "grossProfitRatio": 0.4504292831,
        "researchAndDevelopmentExpenses": 0,
        "generalAndAdministrativeExpenses": 15237000,
        "sellingAndMarketingExpenses": 0,
        "sellingGeneralAndAdministrativeExpenses": 15237000,
        "otherExpenses": 279870000,
        "operatingExpenses": 99354000,
        "costAndExpenses": 286008000,
        "interestIncome": 18882000,
        "interestExpense": 0,
        "depreciationAndAmortization": 86473000,
        "ebitda": 139322000,
        "ebitdaratio": 0.410209754,
        "operatingIncome": 52849000,
        "operatingIncomeRatio": 0.155604824,
        "totalOtherIncomeExpensesNet": -18103000,
        "incomeBeforeTax": 34746000,
        "incomeBeforeTaxRatio": 0.1023036427,
        "incomeTaxExpense": 20819000,
        "netIncome": 13927000,
        "netIncomeRatio": 0.0410056649,
        "eps": 0.1,
        "epsdiluted": 0.1,
        "weightedAverageShsOut": 139270000,
        "weightedAverageShsOutDil": 137254000,
        "link": "https://www.sec.gov/Archives/edgar/data/949039/000119312516752617/0001193125-16-752617-index.htm",
        "finalLink": "https://www.sec.gov/Archives/edgar/data/949039/000119312516752617/d436917d10q.htm"
    },
    {
        "date": "2016-06-30",
        "symbol": "DO",
        "reportedCurrency": "USD",
        "cik": "0000949039",
        "fillingDate": "2016-08-01",
        "acceptedDate": "2016-08-01 10:41:05",
        "calendarYear": "2016",
        "period": "Q2",
        "revenue": 357409000,
        "costOfRevenue": 198336000,
        "grossProfit": 159073000,
        "grossProfitRatio": 0.4450727318,
        "researchAndDevelopmentExpenses": 0,
        "generalAndAdministrativeExpenses": 18139000,
        "sellingAndMarketingExpenses": 0,
        "sellingGeneralAndAdministrativeExpenses": 18139000,
        "otherExpenses": 997277000,
        "operatingExpenses": 801301000,
        "costAndExpenses": 999637000,
        "interestIncome": 23887000,
        "interestExpense": 0,
        "depreciationAndAmortization": 105016000,
        "ebitda": 155745000,
        "ebitdaratio": 0.4357612707,
        "operatingIncome": 50729000,
        "operatingIncomeRatio": 0.1419354297,
        "totalOtherIncomeExpensesNet": -716844000,
        "incomeBeforeTax": -666115000,
        "incomeBeforeTaxRatio": -1.8637331461,
        "incomeTaxExpense": 76178000,
        "netIncome": -589937000,
        "netIncomeRatio": -1.6505935777,
        "eps": -4.3,
        "epsdiluted": -4.3,
        "weightedAverageShsOut": 137170024,
        "weightedAverageShsOutDil": 137170000,
        "link": "https://www.sec.gov/Archives/edgar/data/949039/000119312516665982/0001193125-16-665982-index.htm",
        "finalLink": "https://www.sec.gov/Archives/edgar/data/949039/000119312516665982/d205835d10q.htm"
    },
    {
        "date": "2016-03-31",
        "symbol": "DO",
        "reportedCurrency": "USD",
        "cik": "0000949039",
        "fillingDate": "2016-05-02",
        "acceptedDate": "2016-05-02 14:50:37",
        "calendarYear": "2016",
        "period": "Q1",
        "revenue": 443523000,
        "costOfRevenue": 212841000,
        "grossProfit": 230682000,
        "grossProfitRatio": 0.5201128239,
        "researchAndDevelopmentExpenses": 0,
        "generalAndAdministrativeExpenses": 15398000,
        "sellingAndMarketingExpenses": 0,
        "sellingGeneralAndAdministrativeExpenses": 15398000,
        "otherExpenses": 343576000,
        "operatingExpenses": 122143000,
        "costAndExpenses": 334984000,
        "interestIncome": 25343000,
        "interestExpense": 0,
        "depreciationAndAmortization": 104240000,
        "ebitda": 215513000,
        "ebitdaratio": 0.4859116664,
        "operatingIncome": 111273000,
        "operatingIncomeRatio": 0.2508843961,
        "totalOtherIncomeExpensesNet": -28077000,
        "incomeBeforeTax": 83196000,
        "incomeBeforeTaxRatio": 0.1875799,
        "incomeTaxExpense": 4229000,
        "netIncome": 87425000,
        "netIncomeRatio": 0.1971149185,
        "eps": 0.64,
        "epsdiluted": 0.64,
        "weightedAverageShsOut": 137162213,
        "weightedAverageShsOutDil": 137206000,
        "link": "https://www.sec.gov/Archives/edgar/data/949039/000119312516572415/0001193125-16-572415-index.htm",
        "finalLink": "https://www.sec.gov/Archives/edgar/data/949039/000119312516572415/d135440d10q.htm"
    },
    {
        "date": "2015-12-31",
        "symbol": "DO",
        "reportedCurrency": "USD",
        "cik": "0000949039",
        "fillingDate": "2016-02-19",
        "acceptedDate": "2016-02-19 14:24:30",
        "calendarYear": "2015",
        "period": "Q4",
        "revenue": 544129000,
        "costOfRevenue": 256393000,
        "grossProfit": 287736000,
        "grossProfitRatio": 0.5288010747,
        "researchAndDevelopmentExpenses": 0,
        "generalAndAdministrativeExpenses": 15574000,
        "sellingAndMarketingExpenses": 0,
        "sellingGeneralAndAdministrativeExpenses": 15574000,
        "otherExpenses": 2647005000,
        "operatingExpenses": 626153000,
        "costAndExpenses": 882546000,
        "interestIncome": 21608000,
        "interestExpense": 0,
        "depreciationAndAmortization": 114448000,
        "ebitda": 272450000,
        "ebitdaratio": 0.5007084717,
        "operatingIncome": 158002000,
        "operatingIncomeRatio": 0.2903759954,
        "totalOtherIncomeExpensesNet": -518050000,
        "incomeBeforeTax": -360025000,
        "incomeBeforeTaxRatio": -0.6616537623,
        "incomeTaxExpense": 114641000,
        "netIncome": -245384000,
        "netIncomeRatio": -0.4509665906,
        "eps": -1.79,
        "epsdiluted": -1.79,
        "weightedAverageShsOut": 137087948,
        "weightedAverageShsOutDil": 137159000,
        "link": "https://www.sec.gov/Archives/edgar/data/949039/000119312516469774/0001193125-16-469774-index.htm",
        "finalLink": "https://www.sec.gov/Archives/edgar/data/949039/000119312516469774/d121018d10k.htm"
    },
    {
        "date": "2015-09-30",
        "symbol": "DO",
        "reportedCurrency": "USD",
        "cik": "0000949039",
        "fillingDate": "2015-11-02",
        "acceptedDate": "2015-11-02 12:20:32",
        "calendarYear": "2015",
        "period": "Q3",
        "revenue": 599036000,
        "costOfRevenue": 277944000,
        "grossProfit": 321092000,
        "grossProfitRatio": 0.53601453,
        "researchAndDevelopmentExpenses": 0,
        "generalAndAdministrativeExpenses": 16888000,
        "sellingAndMarketingExpenses": 0,
        "sellingGeneralAndAdministrativeExpenses": 16888000,
        "otherExpenses": 411420000,
        "operatingExpenses": 140604000,
        "costAndExpenses": 418548000,
        "interestIncome": 20721000,
        "interestExpense": 0,
        "depreciationAndAmortization": 118086000,
        "ebitda": 304434000,
        "ebitdaratio": 0.5082065185,
        "operatingIncome": 186348000,
        "operatingIncomeRatio": 0.3110798015,
        "totalOtherIncomeExpensesNet": -26581000,
        "incomeBeforeTax": 159767000,
        "incomeBeforeTaxRatio": 0.2667068423,
        "incomeTaxExpense": 23345000,
        "netIncome": 136422000,
        "netIncomeRatio": 0.2277358957,
        "eps": 0.99,
        "epsdiluted": 0.99,
        "weightedAverageShsOut": 137800000,
        "weightedAverageShsOutDil": 137203000,
        "link": "https://www.sec.gov/Archives/edgar/data/949039/000119312515361803/0001193125-15-361803-index.htm",
        "finalLink": "https://www.sec.gov/Archives/edgar/data/949039/000119312515361803/d82680d10q.htm"
    },
    {
        "date": "2015-06-30",
        "symbol": "DO",
        "reportedCurrency": "USD",
        "cik": "0000949039",
        "fillingDate": "2015-08-03",
        "acceptedDate": "2015-08-03 15:59:26",
        "calendarYear": "2015",
        "period": "Q2",
        "revenue": 617442000,
        "costOfRevenue": 342869000,
        "grossProfit": 274573000,
        "grossProfitRatio": 0.4446944004,
        "researchAndDevelopmentExpenses": 0,
        "generalAndAdministrativeExpenses": 16548000,
        "sellingAndMarketingExpenses": 0,
        "sellingGeneralAndAdministrativeExpenses": 16548000,
        "otherExpenses": 483363000,
        "operatingExpenses": 143661000,
        "costAndExpenses": 486530000,
        "interestIncome": 24884000,
        "interestExpense": 0,
        "depreciationAndAmortization": 123329000,
        "ebitda": 258279000,
        "ebitdaratio": 0.4183048772,
        "operatingIncome": 134950000,
        "operatingIncomeRatio": 0.2185630391,
        "totalOtherIncomeExpensesNet": -28922000,
        "incomeBeforeTax": 106028000,
        "incomeBeforeTaxRatio": 0.1717213925,
        "incomeTaxExpense": 15642000,
        "netIncome": 90386000,
        "netIncomeRatio": 0.1463878389,
        "eps": 0.66,
        "epsdiluted": 0.66,
        "weightedAverageShsOut": 137159003,
        "weightedAverageShsOutDil": 137201000,
        "link": "https://www.sec.gov/Archives/edgar/data/949039/000119312515274794/0001193125-15-274794-index.htm",
        "finalLink": "https://www.sec.gov/Archives/edgar/data/949039/000119312515274794/d39157d10q.htm"
    },
    {
        "date": "2015-03-31",
        "symbol": "DO",
        "reportedCurrency": "USD",
        "cik": "0000949039",
        "fillingDate": "2015-05-04",
        "acceptedDate": "2015-05-04 14:36:01",
        "calendarYear": "2015",
        "period": "Q1",
        "revenue": 599577000,
        "costOfRevenue": 350658000,
        "grossProfit": 248919000,
        "grossProfitRatio": 0.4151576862,
        "researchAndDevelopmentExpenses": 0,
        "generalAndAdministrativeExpenses": 17452000,
        "sellingAndMarketingExpenses": 0,
        "sellingGeneralAndAdministrativeExpenses": 17452000,
        "otherExpenses": 872134000,
        "operatingExpenses": 512638000,
        "costAndExpenses": 863296000,
        "interestIncome": 23399000,
        "interestExpense": 0,
        "depreciationAndAmortization": 137299000,
        "ebitda": 231854000,
        "ebitdaratio": 0.386695954,
        "operatingIncome": 94555000,
        "operatingIncomeRatio": 0.1577028472,
        "totalOtherIncomeExpensesNet": -381673000,
        "incomeBeforeTax": -287118000,
        "incomeBeforeTaxRatio": -0.4788676017,
        "incomeTaxExpense": 31409000,
        "netIncome": -255709000,
        "netIncomeRatio": -0.4264823367,
        "eps": -1.86,
        "epsdiluted": -1.86,
        "weightedAverageShsOut": 137151006,
        "weightedAverageShsOutDil": 137151000,
        "link": "https://www.sec.gov/Archives/edgar/data/949039/000119312515168679/0001193125-15-168679-index.htm",
        "finalLink": "https://www.sec.gov/Archives/edgar/data/949039/000119312515168679/d904699d10q.htm"
    },
    {
        "date": "2014-12-31",
        "symbol": "DO",
        "reportedCurrency": "USD",
        "cik": "0000949039",
        "fillingDate": "2015-02-23",
        "acceptedDate": "2015-02-23 16:14:10",
        "calendarYear": "2014",
        "period": "Q4",
        "revenue": 674376000,
        "costOfRevenue": 358655000,
        "grossProfit": 315721000,
        "grossProfitRatio": 0.4681676098,
        "researchAndDevelopmentExpenses": 0,
        "generalAndAdministrativeExpenses": 19923000,
        "sellingAndMarketingExpenses": 0,
        "sellingGeneralAndAdministrativeExpenses": 19923000,
        "otherExpenses": 0,
        "operatingExpenses": 146611000,
        "costAndExpenses": 505266000,
        "interestIncome": 15840000,
        "interestExpense": 0,
        "depreciationAndAmortization": 131712000,
        "ebitda": 296045000,
        "ebitdaratio": 0.438991008,
        "operatingIncome": 164333000,
        "operatingIncomeRatio": 0.2436815664,
        "totalOtherIncomeExpensesNet": -11063000,
        "incomeBeforeTax": 153270000,
        "incomeBeforeTaxRatio": 0.2272767714,
        "incomeTaxExpense": 54427000,
        "netIncome": 98843000,
        "netIncomeRatio": 0.1465695695,
        "eps": 0.72,
        "epsdiluted": 0.72,
        "weightedAverageShsOut": 137148034,
        "weightedAverageShsOutDil": 137207000,
        "link": "https://www.sec.gov/Archives/edgar/data/949039/000119312515058154/0001193125-15-058154-index.htm",
        "finalLink": "https://www.sec.gov/Archives/edgar/data/949039/000119312515058154/d845162d10k.htm"
    },
    {
        "date": "2014-09-30",
        "symbol": "DO",
        "reportedCurrency": "USD",
        "cik": "0000949039",
        "fillingDate": "2014-10-29",
        "acceptedDate": "2014-10-29 11:58:59",
        "calendarYear": "2014",
        "period": "Q3",
        "revenue": 727888000,
        "costOfRevenue": 399802000,
        "grossProfit": 328086000,
        "grossProfitRatio": 0.4507369266,
        "researchAndDevelopmentExpenses": 0,
        "generalAndAdministrativeExpenses": 18604000,
        "sellingAndMarketingExpenses": 0,
        "sellingGeneralAndAdministrativeExpenses": 18604000,
        "otherExpenses": 628662000,
        "operatingExpenses": 237155000,
        "costAndExpenses": 636957000,
        "interestIncome": 9292000,
        "interestExpense": 0,
        "depreciationAndAmortization": 108854000,
        "ebitda": 309839000,
        "ebitdaratio": 0.4256685094,
        "operatingIncome": 200985000,
        "operatingIncomeRatio": 0.2761207768,
        "totalOtherIncomeExpensesNet": -119346000,
        "incomeBeforeTax": 81639000,
        "incomeBeforeTaxRatio": 0.1121587387,
        "incomeTaxExpense": 28994000,
        "netIncome": 52645000,
        "netIncomeRatio": 0.0723256875,
        "eps": 0.38,
        "epsdiluted": 0.38,
        "weightedAverageShsOut": 138539473,
        "weightedAverageShsOutDil": 137147000,
        "link": "https://www.sec.gov/Archives/edgar/data/949039/000119312514386568/0001193125-14-386568-index.htm",
        "finalLink": "https://www.sec.gov/Archives/edgar/data/949039/000119312514386568/d780731d10q.htm"
    },
    {
        "date": "2014-06-30",
        "symbol": "DO",
        "reportedCurrency": "USD",
        "cik": "0000949039",
        "fillingDate": "2014-07-29",
        "acceptedDate": "2014-07-29 15:09:56",
        "calendarYear": "2014",
        "period": "Q2",
        "revenue": 649554000,
        "costOfRevenue": 395376000,
        "grossProfit": 254178000,
        "grossProfitRatio": 0.3913115769,
        "researchAndDevelopmentExpenses": 0,
        "generalAndAdministrativeExpenses": 20478000,
        "sellingAndMarketingExpenses": 0,
        "sellingGeneralAndAdministrativeExpenses": 20478000,
        "otherExpenses": 538000000,
        "operatingExpenses": 123202000,
        "costAndExpenses": 518578000,
        "interestIncome": 18373000,
        "interestExpense": 0,
        "depreciationAndAmortization": 108906000,
        "ebitda": 234100000,
        "ebitdaratio": 0.3604011368,
        "operatingIncome": 125194000,
        "operatingIncomeRatio": 0.192738402,
        "totalOtherIncomeExpensesNet": -12591000,
        "incomeBeforeTax": 112603000,
        "incomeBeforeTaxRatio": 0.1733543324,
        "incomeTaxExpense": 22890000,
        "netIncome": 89713000,
        "netIncomeRatio": 0.138114768,
        "eps": 0.65,
        "epsdiluted": 0.65,
        "weightedAverageShsOut": 138020000,
        "weightedAverageShsOutDil": 137149000,
        "link": "https://www.sec.gov/Archives/edgar/data/949039/000119312514284456/0001193125-14-284456-index.htm",
        "finalLink": "https://www.sec.gov/Archives/edgar/data/949039/000119312514284456/d741335d10q.htm"
    },
    {
        "date": "2014-03-31",
        "symbol": "DO",
        "reportedCurrency": "USD",
        "cik": "0000949039",
        "fillingDate": "2014-04-30",
        "acceptedDate": "2014-04-30 11:07:22",
        "calendarYear": "2014",
        "period": "Q1",
        "revenue": 685308000,
        "costOfRevenue": 369790000,
        "grossProfit": 315518000,
        "grossProfitRatio": 0.4604032056,
        "researchAndDevelopmentExpenses": 0,
        "generalAndAdministrativeExpenses": 22827000,
        "sellingAndMarketingExpenses": 0,
        "sellingGeneralAndAdministrativeExpenses": 22827000,
        "otherExpenses": 500320000,
        "operatingExpenses": 130092000,
        "costAndExpenses": 499882000,
        "interestIncome": 17747000,
        "interestExpense": 0,
        "depreciationAndAmortization": 107011000,
        "ebitda": 293141000,
        "ebitdaratio": 0.427750734,
        "operatingIncome": 186130000,
        "operatingIncomeRatio": 0.2716005066,
        "totalOtherIncomeExpensesNet": -18451000,
        "incomeBeforeTax": 167679000,
        "incomeBeforeTaxRatio": 0.244676846,
        "incomeTaxExpense": 21869000,
        "netIncome": 145810000,
        "netIncomeRatio": 0.212765647,
        "eps": 1.05,
        "epsdiluted": 1.05,
        "weightedAverageShsOut": 138866666,
        "weightedAverageShsOutDil": 138473000,
        "link": "https://www.sec.gov/Archives/edgar/data/949039/000119312514170009/0001193125-14-170009-index.htm",
        "finalLink": "https://www.sec.gov/Archives/edgar/data/949039/000119312514170009/d704253d10q.htm"
    },
    {
        "date": "2013-12-31",
        "symbol": "DO",
        "reportedCurrency": "USD",
        "cik": "0000949039",
        "fillingDate": "2014-02-24",
        "acceptedDate": "2014-02-24 13:02:42",
        "calendarYear": "2013",
        "period": "Q4",
        "revenue": 707972000,
        "costOfRevenue": 408907000,
        "grossProfit": 299065000,
        "grossProfitRatio": 0.4224248982,
        "researchAndDevelopmentExpenses": 0,
        "generalAndAdministrativeExpenses": 16298000,
        "sellingAndMarketingExpenses": 90500000,
        "sellingGeneralAndAdministrativeExpenses": 16248000,
        "otherExpenses": 2054027000,
        "operatingExpenses": 111417000,
        "costAndExpenses": 520324000,
        "interestIncome": 7453000,
        "interestExpense": 0,
        "depreciationAndAmortization": 96985000,
        "ebitda": 283373000,
        "ebitdaratio": 0.4002601798,
        "operatingIncome": 186388000,
        "operatingIncomeRatio": 0.2632702988,
        "totalOtherIncomeExpensesNet": -6193000,
        "incomeBeforeTax": 180195000,
        "incomeBeforeTaxRatio": 0.2545227777,
        "incomeTaxExpense": 87580000,
        "netIncome": 92615000,
        "netIncomeRatio": 0.1308173205,
        "eps": 0.67,
        "epsdiluted": 0.67,
        "weightedAverageShsOut": 139035048,
        "weightedAverageShsOutDil": 139047000,
        "link": "https://www.sec.gov/Archives/edgar/data/949039/000119312514064415/0001193125-14-064415-index.htm",
        "finalLink": "https://www.sec.gov/Archives/edgar/data/949039/000119312514064415/d647029d10k.htm"
    },
    {
        "date": "2013-09-30",
        "symbol": "DO",
        "reportedCurrency": "USD",
        "cik": "0000949039",
        "fillingDate": "2013-10-30",
        "acceptedDate": "2013-10-30 11:58:21",
        "calendarYear": "2013",
        "period": "Q3",
        "revenue": 690741000,
        "costOfRevenue": 419488000,
        "grossProfit": 271253000,
        "grossProfitRatio": 0.3926985657,
        "researchAndDevelopmentExpenses": 0,
        "generalAndAdministrativeExpenses": 15240000,
        "sellingAndMarketingExpenses": 91600000,
        "sellingGeneralAndAdministrativeExpenses": 37803000,
        "otherExpenses": 553573000,
        "operatingExpenses": 138131000,
        "costAndExpenses": 557619000,
        "interestIncome": 1557000,
        "interestExpense": 0,
        "depreciationAndAmortization": 97143000,
        "ebitda": 233970000,
        "ebitdaratio": 0.3387231973,
        "operatingIncome": 136827000,
        "operatingIncomeRatio": 0.1980872715,
        "totalOtherIncomeExpensesNet": -5262000,
        "incomeBeforeTax": 131565000,
        "incomeBeforeTaxRatio": 0.1904693655,
        "incomeTaxExpense": 36817000,
        "netIncome": 94748000,
        "netIncomeRatio": 0.1371686348,
        "eps": 0.68,
        "epsdiluted": 0.68,
        "weightedAverageShsOut": 139335294,
        "weightedAverageShsOutDil": 139065000,
        "link": "https://www.sec.gov/Archives/edgar/data/949039/000119312513417697/0001193125-13-417697-index.htm",
        "finalLink": "https://www.sec.gov/Archives/edgar/data/949039/000119312513417697/d600202d10q.htm"
    },
    {
        "date": "2013-06-30",
        "symbol": "DO",
        "reportedCurrency": "USD",
        "cik": "0000949039",
        "fillingDate": "2013-07-31",
        "acceptedDate": "2013-07-31 12:37:20",
        "calendarYear": "2013",
        "period": "Q2",
        "revenue": 744898000,
        "costOfRevenue": 369036000,
        "grossProfit": 375862000,
        "grossProfitRatio": 0.5045818354,
        "researchAndDevelopmentExpenses": 0,
        "generalAndAdministrativeExpenses": 16435000,
        "sellingAndMarketingExpenses": 0,
        "sellingGeneralAndAdministrativeExpenses": 16435000,
        "otherExpenses": 478724000,
        "operatingExpenses": 111881000,
        "costAndExpenses": 480917000,
        "interestIncome": 7680000,
        "interestExpense": 0,
        "depreciationAndAmortization": 97143000,
        "ebitda": 359742000,
        "ebitdaratio": 0.4829412886,
        "operatingIncome": 262599000,
        "operatingIncomeRatio": 0.3525301451,
        "totalOtherIncomeExpensesNet": -6298000,
        "incomeBeforeTax": 256301000,
        "incomeBeforeTaxRatio": 0.3440752962,
        "incomeTaxExpense": 70967000,
        "netIncome": 185334000,
        "netIncomeRatio": 0.2488045343,
        "eps": 1.33,
        "epsdiluted": 1.33,
        "weightedAverageShsOut": 139348872,
        "weightedAverageShsOutDil": 139072000,
        "link": "https://www.sec.gov/Archives/edgar/data/949039/000119312513312040/0001193125-13-312040-index.htm",
        "finalLink": "https://www.sec.gov/Archives/edgar/data/949039/000119312513312040/d553840d10q.htm"
    },
    {
        "date": "2013-03-31",
        "symbol": "DO",
        "reportedCurrency": "USD",
        "cik": "0000949039",
        "fillingDate": "2013-05-01",
        "acceptedDate": "2013-05-01 11:12:20",
        "calendarYear": "2013",
        "period": "Q1",
        "revenue": 699973000,
        "costOfRevenue": 375094000,
        "grossProfit": 324879000,
        "grossProfitRatio": 0.4641307593,
        "researchAndDevelopmentExpenses": 0,
        "generalAndAdministrativeExpenses": 16815000,
        "sellingAndMarketingExpenses": 0,
        "sellingGeneralAndAdministrativeExpenses": 16815000,
        "otherExpenses": 499200000,
        "operatingExpenses": 111248000,
        "costAndExpenses": 486342000,
        "interestIncome": 7452000,
        "interestExpense": 0,
        "depreciationAndAmortization": 96821000,
        "ebitda": 308543000,
        "ebitdaratio": 0.4407927163,
        "operatingIncome": 211722000,
        "operatingIncomeRatio": 0.3024716668,
        "totalOtherIncomeExpensesNet": -5543000,
        "incomeBeforeTax": 206179000,
        "incomeBeforeTaxRatio": 0.2945527899,
        "incomeTaxExpense": 30190000,
        "netIncome": 175989000,
        "netIncomeRatio": 0.2514225549,
        "eps": 1.27,
        "epsdiluted": 1.27,
        "weightedAverageShsOut": 139032055,
        "weightedAverageShsOutDil": 139081000,
        "link": "https://www.sec.gov/Archives/edgar/data/949039/000119312513190618/0001193125-13-190618-index.htm",
        "finalLink": "https://www.sec.gov/Archives/edgar/data/949039/000119312513190618/d510264d10q.htm"
    },
    {
        "date": "2012-12-31",
        "symbol": "DO",
        "reportedCurrency": "USD",
        "cik": "0000949039",
        "fillingDate": "2013-02-21",
        "acceptedDate": "2013-02-21 15:34:44",
        "calendarYear": "2012",
        "period": "Q4",
        "revenue": 740623000,
        "costOfRevenue": 377589000,
        "grossProfit": 363034000,
        "grossProfitRatio": 0.4901738131,
        "researchAndDevelopmentExpenses": 0,
        "generalAndAdministrativeExpenses": 14837000,
        "sellingAndMarketingExpenses": 0,
        "sellingGeneralAndAdministrativeExpenses": 14837000,
        "otherExpenses": 0,
        "operatingExpenses": 169415000,
        "costAndExpenses": 547004000,
        "interestIncome": 8578000,
        "interestExpense": 0,
        "depreciationAndAmortization": 92844000,
        "ebitda": 348684000,
        "ebitdaratio": 0.4707982334,
        "operatingIncome": 255840000,
        "operatingIncomeRatio": 0.3454389075,
        "totalOtherIncomeExpensesNet": -70799000,
        "incomeBeforeTax": 185041000,
        "incomeBeforeTaxRatio": 0.2498450629,
        "incomeTaxExpense": 29380000,
        "netIncome": 155661000,
        "netIncomeRatio": 0.2101757574,
        "eps": 1.12,
        "epsdiluted": 1.12,
        "weightedAverageShsOut": 139031075,
        "weightedAverageShsOutDil": 139062000,
        "link": "https://www.sec.gov/Archives/edgar/data/949039/000119312513069201/0001193125-13-069201-index.htm",
        "finalLink": "https://www.sec.gov/Archives/edgar/data/949039/000119312513069201/d448292d10k.htm"
    },
    {
        "date": "2012-09-30",
        "symbol": "DO",
        "reportedCurrency": "USD",
        "cik": "0000949039",
        "fillingDate": "2012-10-25",
        "acceptedDate": "2012-10-25 13:45:04",
        "calendarYear": "2012",
        "period": "Q3",
        "revenue": 714027000,
        "costOfRevenue": 357281000,
        "grossProfit": 356746000,
        "grossProfitRatio": 0.4996253643,
        "researchAndDevelopmentExpenses": 0,
        "generalAndAdministrativeExpenses": 13476000,
        "sellingAndMarketingExpenses": 0,
        "sellingGeneralAndAdministrativeExpenses": 13476000,
        "otherExpenses": 470843000,
        "operatingExpenses": 113952000,
        "costAndExpenses": 243329000,
        "interestIncome": 0,
        "interestExpense": 7947000,
        "depreciationAndAmortization": 99207000,
        "ebitda": 343821000,
        "ebitdaratio": 0.4815238079,
        "operatingIncome": 244614000,
        "operatingIncomeRatio": 0.3425836838,
        "totalOtherIncomeExpensesNet": -9767000,
        "incomeBeforeTax": 234847000,
        "incomeBeforeTaxRatio": 0.3289049294,
        "incomeTaxExpense": 56661000,
        "netIncome": 178186000,
        "netIncomeRatio": 0.2495507873,
        "eps": 1.28,
        "epsdiluted": 1.28,
        "weightedAverageShsOut": 139207812,
        "weightedAverageShsOutDil": 139053000,
        "link": "https://www.sec.gov/Archives/edgar/data/949039/000119312512435123/0001193125-12-435123-index.htm",
        "finalLink": "https://www.sec.gov/Archives/edgar/data/949039/000119312512435123/d400166d10q.htm"
    },
    {
        "date": "2012-06-30",
        "symbol": "DO",
        "reportedCurrency": "USD",
        "cik": "0000949039",
        "fillingDate": "2012-07-26",
        "acceptedDate": "2012-07-26 12:07:53",
        "calendarYear": "2012",
        "period": "Q2",
        "revenue": 738200000,
        "costOfRevenue": 416900000,
        "grossProfit": 321300000,
        "grossProfitRatio": 0.4352479003,
        "researchAndDevelopmentExpenses": 0,
        "generalAndAdministrativeExpenses": 18300000,
        "sellingAndMarketingExpenses": 45800000,
        "sellingGeneralAndAdministrativeExpenses": 64100000,
        "otherExpenses": 0,
        "operatingExpenses": 64100000,
        "costAndExpenses": 481004000,
        "interestIncome": 1496000,
        "interestExpense": -12731000,
        "depreciationAndAmortization": 99500000,
        "ebitda": 346300000,
        "ebitdaratio": 0.4691140612,
        "operatingIncome": 257196000,
        "operatingIncomeRatio": 0.3484096451,
        "totalOtherIncomeExpensesNet": -10438000,
        "incomeBeforeTax": 246800000,
        "incomeBeforeTaxRatio": 0.3343267407,
        "incomeTaxExpense": 45300000,
        "netIncome": 201500000,
        "netIncomeRatio": 0.2729612571,
        "eps": 1.45,
        "epsdiluted": 1.45,
        "weightedAverageShsOut": 139000000,
        "weightedAverageShsOutDil": 139000000,
        "link": "https://www.sec.gov/Archives/edgar/data/949039/000119312512316239/0001193125-12-316239-index.htm",
        "finalLink": "https://www.sec.gov/Archives/edgar/data/949039/000119312512316239/d359318d10q.htm"
    },
    {
        "date": "2012-03-31",
        "symbol": "DO",
        "reportedCurrency": "USD",
        "cik": "0000949039",
        "fillingDate": "2012-04-26",
        "acceptedDate": "2012-04-26 11:57:54",
        "calendarYear": "2012",
        "period": "Q1",
        "revenue": 768600000,
        "costOfRevenue": 410300000,
        "grossProfit": 358300000,
        "grossProfitRatio": 0.4661722613,
        "researchAndDevelopmentExpenses": 0,
        "generalAndAdministrativeExpenses": 17000000,
        "sellingAndMarketingExpenses": 75900000,
        "sellingGeneralAndAdministrativeExpenses": 92900000,
        "otherExpenses": 0,
        "operatingExpenses": 92900000,
        "costAndExpenses": 503232000,
        "interestIncome": 1783000,
        "interestExpense": -15329000,
        "depreciationAndAmortization": 101400000,
        "ebitda": 352900000,
        "ebitdaratio": 0.4591465001,
        "operatingIncome": 265368000,
        "operatingIncomeRatio": 0.3452615144,
        "totalOtherIncomeExpensesNet": -13968000,
        "incomeBeforeTax": 251400000,
        "incomeBeforeTaxRatio": 0.3270882123,
        "incomeTaxExpense": 66300000,
        "netIncome": 185100000,
        "netIncomeRatio": 0.2408274785,
        "eps": 1.33,
        "epsdiluted": 1.33,
        "weightedAverageShsOut": 139000000,
        "weightedAverageShsOutDil": 139000000,
        "link": "https://www.sec.gov/Archives/edgar/data/949039/000119312512184730/0001193125-12-184730-index.htm",
        "finalLink": "https://www.sec.gov/Archives/edgar/data/949039/000119312512184730/d336668d10q.htm"
    },
    {
        "date": "2011-12-31",
        "symbol": "DO",
        "reportedCurrency": "USD",
        "cik": "0000949039",
        "fillingDate": "2012-02-23",
        "acceptedDate": "2012-02-23 15:11:30",
        "calendarYear": "2011",
        "period": "Q4",
        "revenue": 748400000,
        "costOfRevenue": 420400000,
        "grossProfit": 328000000,
        "grossProfitRatio": 0.4382683057,
        "researchAndDevelopmentExpenses": 0,
        "generalAndAdministrativeExpenses": 15000000,
        "sellingAndMarketingExpenses": 94700000,
        "sellingGeneralAndAdministrativeExpenses": 109700000,
        "otherExpenses": 0,
        "operatingExpenses": 109700000,
        "costAndExpenses": 530081000,
        "interestIncome": 0,
        "interestExpense": 0,
        "depreciationAndAmortization": 95100000,
        "ebitda": 298700000,
        "ebitdaratio": 0.3991181187,
        "operatingIncome": 203600000,
        "operatingIncomeRatio": 0.2720470337,
        "totalOtherIncomeExpensesNet": -100000,
        "incomeBeforeTax": 203500000,
        "incomeBeforeTaxRatio": 0.2719134153,
        "incomeTaxExpense": 15100000,
        "netIncome": 188400000,
        "netIncomeRatio": 0.251737039,
        "eps": 1.36,
        "epsdiluted": 1.36,
        "weightedAverageShsOut": 139000000,
        "weightedAverageShsOutDil": 139000000,
        "link": "https://www.sec.gov/Archives/edgar/data/949039/000119312512075073/0001193125-12-075073-index.htm",
        "finalLink": "https://www.sec.gov/Archives/edgar/data/949039/000119312512075073/d264810d10k.htm"
    },
    {
        "date": "2011-09-30",
        "symbol": "DO",
        "reportedCurrency": "USD",
        "cik": "0000949039",
        "fillingDate": "2011-10-27",
        "acceptedDate": "2011-10-27 13:35:24",
        "calendarYear": "2011",
        "period": "Q3",
        "revenue": 878200000,
        "costOfRevenue": 407600000,
        "grossProfit": 470600000,
        "grossProfitRatio": 0.5358688226,
        "researchAndDevelopmentExpenses": 0,
        "generalAndAdministrativeExpenses": 19600000,
        "sellingAndMarketingExpenses": 100700000,
        "sellingGeneralAndAdministrativeExpenses": 120300000,
        "otherExpenses": 0,
        "operatingExpenses": 120300000,
        "costAndExpenses": 527900000,
        "interestIncome": 2024000,
        "interestExpense": -15874000,
        "depreciationAndAmortization": 101200000,
        "ebitda": 436100000,
        "ebitdaratio": 0.4965839217,
        "operatingIncome": 350300000,
        "operatingIncomeRatio": 0.3988840811,
        "totalOtherIncomeExpensesNet": -15500000,
        "incomeBeforeTax": 334800000,
        "incomeBeforeTaxRatio": 0.381234343,
        "incomeTaxExpense": 78000000,
        "netIncome": 256800000,
        "netIncomeRatio": 0.2924163061,
        "eps": 1.85,
        "epsdiluted": 1.85,
        "weightedAverageShsOut": 139000000,
        "weightedAverageShsOutDil": 139000000,
        "link": "https://www.sec.gov/Archives/edgar/data/949039/000095012311092370/0000950123-11-092370-index.htm",
        "finalLink": "https://www.sec.gov/Archives/edgar/data/949039/000095012311092370/h84346e10vq.htm"
    },
    {
        "date": "2011-06-30",
        "symbol": "DO",
        "reportedCurrency": "USD",
        "cik": "0000949039",
        "fillingDate": "2011-07-28",
        "acceptedDate": "2011-07-28 10:55:53",
        "calendarYear": "2011",
        "period": "Q2",
        "revenue": 889500000,
        "costOfRevenue": 407300000,
        "grossProfit": 482200000,
        "grossProfitRatio": 0.5421023047,
        "researchAndDevelopmentExpenses": 0,
        "generalAndAdministrativeExpenses": 14700000,
        "sellingAndMarketingExpenses": 99900000,
        "sellingGeneralAndAdministrativeExpenses": 114600000,
        "otherExpenses": 0,
        "operatingExpenses": 114600000,
        "costAndExpenses": 521900000,
        "interestIncome": 1091000,
        "interestExpense": -22226000,
        "depreciationAndAmortization": 101100000,
        "ebitda": 445100000,
        "ebitdaratio": 0.5003934795,
        "operatingIncome": 367600000,
        "operatingIncomeRatio": 0.4132658797,
        "totalOtherIncomeExpensesNet": -23574000,
        "incomeBeforeTax": 344000000,
        "incomeBeforeTaxRatio": 0.3867341203,
        "incomeTaxExpense": 77400000,
        "netIncome": 266600000,
        "netIncomeRatio": 0.2997189432,
        "eps": 1.92,
        "epsdiluted": 1.92,
        "weightedAverageShsOut": 139100000,
        "weightedAverageShsOutDil": 139100000,
        "link": "https://www.sec.gov/Archives/edgar/data/949039/000095012311069338/0000950123-11-069338-index.htm",
        "finalLink": "https://www.sec.gov/Archives/edgar/data/949039/000095012311069338/h82410e10vq.htm"
    },
    {
        "date": "2011-03-31",
        "symbol": "DO",
        "reportedCurrency": "USD",
        "cik": "0000949039",
        "fillingDate": "2011-04-27",
        "acceptedDate": "2011-04-27 15:46:09",
        "calendarYear": "2011",
        "period": "Q1",
        "revenue": 806400000,
        "costOfRevenue": 379300000,
        "grossProfit": 427100000,
        "grossProfitRatio": 0.5296378968,
        "researchAndDevelopmentExpenses": 0,
        "generalAndAdministrativeExpenses": 9300000,
        "sellingAndMarketingExpenses": 98500000,
        "sellingGeneralAndAdministrativeExpenses": 107800000,
        "otherExpenses": 0,
        "operatingExpenses": 107800000,
        "costAndExpenses": 487124000,
        "interestIncome": 450000,
        "interestExpense": -22044000,
        "depreciationAndAmortization": 101200000,
        "ebitda": 398000000,
        "ebitdaratio": 0.4935515873,
        "operatingIncome": 319276000,
        "operatingIncomeRatio": 0.3959275794,
        "totalOtherIncomeExpensesNet": -22427000,
        "incomeBeforeTax": 296800000,
        "incomeBeforeTaxRatio": 0.3680555556,
        "incomeTaxExpense": 46200000,
        "netIncome": 250600000,
        "netIncomeRatio": 0.3107638889,
        "eps": 1.8,
        "epsdiluted": 1.8,
        "weightedAverageShsOut": 139100000,
        "weightedAverageShsOutDil": 139100000,
        "link": "https://www.sec.gov/Archives/edgar/data/949039/000095012311040014/0000950123-11-040014-index.htm",
        "finalLink": "https://www.sec.gov/Archives/edgar/data/949039/000095012311040014/h80296e10vq.htm"
    },
    {
        "date": "2010-12-31",
        "symbol": "DO",
        "reportedCurrency": "USD",
        "cik": "0000949039",
        "fillingDate": "2011-02-25",
        "acceptedDate": "2011-02-25 15:46:38",
        "calendarYear": "2010",
        "period": "Q4",
        "revenue": 841000000,
        "costOfRevenue": 398400000,
        "grossProfit": 442600000,
        "grossProfitRatio": 0.5262782402,
        "researchAndDevelopmentExpenses": 0,
        "generalAndAdministrativeExpenses": 12300000,
        "sellingAndMarketingExpenses": 94600000,
        "sellingGeneralAndAdministrativeExpenses": 106900000,
        "otherExpenses": 0,
        "operatingExpenses": 106900000,
        "costAndExpenses": 505256000,
        "interestIncome": 0,
        "interestExpense": -90698000,
        "depreciationAndAmortization": 95900000,
        "ebitda": 406400000,
        "ebitdaratio": 0.4832342449,
        "operatingIncome": 335744000,
        "operatingIncomeRatio": 0.3992199762,
        "totalOtherIncomeExpensesNet": -89374000,
        "incomeBeforeTax": 310500000,
        "incomeBeforeTaxRatio": 0.3692033294,
        "incomeTaxExpense": 68800000,
        "netIncome": 241700000,
        "netIncomeRatio": 0.2873959572,
        "eps": 1.74,
        "epsdiluted": 1.74,
        "weightedAverageShsOut": 139000000,
        "weightedAverageShsOutDil": 139000000,
        "link": "https://www.sec.gov/Archives/edgar/data/949039/000095012311018663/0000950123-11-018663-index.htm",
        "finalLink": "https://www.sec.gov/Archives/edgar/data/949039/000095012311018663/h77909e10vk.htm"
    },
    {
        "date": "2010-09-30",
        "symbol": "DO",
        "reportedCurrency": "USD",
        "cik": "0000949039",
        "fillingDate": "2010-10-28",
        "acceptedDate": "2010-10-28 13:06:38",
        "calendarYear": "2010",
        "period": "Q3",
        "revenue": 799700000,
        "costOfRevenue": 400900000,
        "grossProfit": 398800000,
        "grossProfitRatio": 0.4986870076,
        "researchAndDevelopmentExpenses": 0,
        "generalAndAdministrativeExpenses": 15000000,
        "sellingAndMarketingExpenses": 66600000,
        "sellingGeneralAndAdministrativeExpenses": 81600000,
        "otherExpenses": 465545000,
        "operatingExpenses": 81600000,
        "costAndExpenses": 1392344000,
        "interestIncome": 395000,
        "interestExpense": -22567000,
        "depreciationAndAmortization": 99200000,
        "ebitda": 397700000,
        "ebitdaratio": 0.4973114918,
        "operatingIncome": 298500000,
        "operatingIncomeRatio": 0.3732649744,
        "totalOtherIncomeExpensesNet": 100000,
        "incomeBeforeTax": 298600000,
        "incomeBeforeTaxRatio": 0.3733900213,
        "incomeTaxExpense": 100000000,
        "netIncome": 198600000,
        "netIncomeRatio": 0.2483431287,
        "eps": 1.43,
        "epsdiluted": 1.43,
        "weightedAverageShsOut": 139000000,
        "weightedAverageShsOutDil": 139000000,
        "link": "https://www.sec.gov/Archives/edgar/data/949039/000095012310097276/0000950123-10-097276-index.htm",
        "finalLink": "https://www.sec.gov/Archives/edgar/data/949039/000095012310097276/h75877e10vq.htm"
    },
    {
        "date": "2010-06-30",
        "symbol": "DO",
        "reportedCurrency": "USD",
        "cik": "0000949039",
        "fillingDate": "2010-07-29",
        "acceptedDate": "2010-07-29 16:17:15",
        "calendarYear": "2010",
        "period": "Q2",
        "revenue": 822600000,
        "costOfRevenue": 362100000,
        "grossProfit": 460500000,
        "grossProfitRatio": 0.5598103574,
        "researchAndDevelopmentExpenses": 0,
        "generalAndAdministrativeExpenses": 14100000,
        "sellingAndMarketingExpenses": 100600000,
        "sellingGeneralAndAdministrativeExpenses": 114700000,
        "otherExpenses": 0,
        "operatingExpenses": 114700000,
        "costAndExpenses": 476796000,
        "interestIncome": 477000,
        "interestExpense": -21333000,
        "depreciationAndAmortization": 100700000,
        "ebitda": 421600000,
        "ebitdaratio": 0.512521274,
        "operatingIncome": 345804000,
        "operatingIncomeRatio": 0.4203792852,
        "totalOtherIncomeExpensesNet": -24878000,
        "incomeBeforeTax": 320900000,
        "incomeBeforeTaxRatio": 0.3901045466,
        "incomeTaxExpense": 96500000,
        "netIncome": 224400000,
        "netIncomeRatio": 0.2727935813,
        "eps": 1.61,
        "epsdiluted": 1.61,
        "weightedAverageShsOut": 139100000,
        "weightedAverageShsOutDil": 139100000,
        "link": "https://www.sec.gov/Archives/edgar/data/949039/000095012310069797/0000950123-10-069797-index.htm",
        "finalLink": "https://www.sec.gov/Archives/edgar/data/949039/000095012310069797/h73004e10vq.htm"
    },
    {
        "date": "2010-03-31",
        "symbol": "DO",
        "reportedCurrency": "USD",
        "cik": "0000949039",
        "fillingDate": "2010-04-27",
        "acceptedDate": "2010-04-27 17:15:41",
        "calendarYear": "2010",
        "period": "Q1",
        "revenue": 859700000,
        "costOfRevenue": 320900000,
        "grossProfit": 538800000,
        "grossProfitRatio": 0.6267302547,
        "researchAndDevelopmentExpenses": 0,
        "generalAndAdministrativeExpenses": 15600000,
        "sellingAndMarketingExpenses": 96500000,
        "sellingGeneralAndAdministrativeExpenses": 112100000,
        "otherExpenses": 0,
        "operatingExpenses": 112100000,
        "costAndExpenses": 433004000,
        "interestIncome": 1282000,
        "interestExpense": -22321000,
        "depreciationAndAmortization": 97400000,
        "ebitda": 503500000,
        "ebitdaratio": 0.5856694196,
        "operatingIncome": 426696000,
        "operatingIncomeRatio": 0.4963312784,
        "totalOtherIncomeExpensesNet": -20696000,
        "incomeBeforeTax": 406000000,
        "incomeBeforeTaxRatio": 0.4722577643,
        "incomeTaxExpense": 115200000,
        "netIncome": 290800000,
        "netIncomeRatio": 0.3382575317,
        "eps": 2.09,
        "epsdiluted": 2.09,
        "weightedAverageShsOut": 139100000,
        "weightedAverageShsOutDil": 139100000,
        "link": "https://www.sec.gov/Archives/edgar/data/949039/000095012310038898/0000950123-10-038898-index.htm",
        "finalLink": "https://www.sec.gov/Archives/edgar/data/949039/000095012310038898/h70194e10vq.htm"
    },
    {
        "date": "2009-12-31",
        "symbol": "DO",
        "reportedCurrency": "USD",
        "cik": "0000949039",
        "fillingDate": "2010-02-23",
        "acceptedDate": "2010-02-23 15:21:42",
        "calendarYear": "2009",
        "period": "Q4",
        "revenue": 890800000,
        "costOfRevenue": 335100000,
        "grossProfit": 555700000,
        "grossProfitRatio": 0.6238212842,
        "researchAndDevelopmentExpenses": 0,
        "generalAndAdministrativeExpenses": 24600000,
        "sellingAndMarketingExpenses": 81900000,
        "sellingGeneralAndAdministrativeExpenses": 106500000,
        "otherExpenses": 0,
        "operatingExpenses": 106500000,
        "costAndExpenses": 441584000,
        "interestIncome": 0,
        "interestExpense": 23174000,
        "depreciationAndAmortization": 89400000,
        "ebitda": 531574000,
        "ebitdaratio": 0.5967377638,
        "operatingIncome": 426042000,
        "operatingIncomeRatio": 0.4782689717,
        "totalOtherIncomeExpensesNet": -7042000,
        "incomeBeforeTax": 419000000,
        "incomeBeforeTaxRatio": 0.470363718,
        "incomeTaxExpense": 142900000,
        "netIncome": 276100000,
        "netIncomeRatio": 0.3099461159,
        "eps": 1.98,
        "epsdiluted": 1.98,
        "weightedAverageShsOut": 139100000,
        "weightedAverageShsOutDil": 139100000,
        "link": "https://www.sec.gov/Archives/edgar/data/949039/000095012310015699/0000950123-10-015699-index.htm",
        "finalLink": "https://www.sec.gov/Archives/edgar/data/949039/000095012310015699/h68600e10vk.htm"
    },
    {
        "date": "2009-09-30",
        "symbol": "DO",
        "reportedCurrency": "USD",
        "cik": "0000949039",
        "fillingDate": "2009-10-27",
        "acceptedDate": "2009-10-27 14:38:55",
        "calendarYear": "2009",
        "period": "Q3",
        "revenue": 908400000,
        "costOfRevenue": 327000000,
        "grossProfit": 581400000,
        "grossProfitRatio": 0.6400264201,
        "researchAndDevelopmentExpenses": 0,
        "generalAndAdministrativeExpenses": 15600000,
        "sellingAndMarketingExpenses": 86300000,
        "sellingGeneralAndAdministrativeExpenses": 101900000,
        "otherExpenses": 0,
        "operatingExpenses": 101900000,
        "costAndExpenses": 428915000,
        "interestIncome": 1879000,
        "interestExpense": 14031000,
        "depreciationAndAmortization": 86500000,
        "ebitda": 575831000,
        "ebitdaratio": 0.6338958609,
        "operatingIncome": 489331000,
        "operatingIncomeRatio": 0.5386734919,
        "totalOtherIncomeExpensesNet": -14031000,
        "incomeBeforeTax": 475300000,
        "incomeBeforeTaxRatio": 0.523227653,
        "incomeTaxExpense": 111200000,
        "netIncome": 364100000,
        "netIncomeRatio": 0.4008146191,
        "eps": 2.62,
        "epsdiluted": 2.62,
        "weightedAverageShsOut": 139100000,
        "weightedAverageShsOutDil": 139100000,
        "link": "https://www.sec.gov/Archives/edgar/data/949039/000095012309053579/0000950123-09-053579-index.htm",
        "finalLink": "https://www.sec.gov/Archives/edgar/data/949039/000095012309053579/h67774e10vq.htm"
    },
    {
        "date": "2009-06-30",
        "symbol": "DO",
        "reportedCurrency": "USD",
        "cik": "0000949039",
        "fillingDate": "2009-07-29",
        "acceptedDate": "2009-07-29 13:20:43",
        "calendarYear": "2009",
        "period": "Q2",
        "revenue": 946400000,
        "costOfRevenue": 327300000,
        "grossProfit": 619100000,
        "grossProfitRatio": 0.6541631445,
        "researchAndDevelopmentExpenses": 0,
        "generalAndAdministrativeExpenses": 16200000,
        "sellingAndMarketingExpenses": 85300000,
        "sellingGeneralAndAdministrativeExpenses": 101500000,
        "otherExpenses": 0,
        "operatingExpenses": 101500000,
        "costAndExpenses": 428788000,
        "interestIncome": 1190000,
        "interestExpense": 11288000,
        "depreciationAndAmortization": 85400000,
        "ebitda": 617488000,
        "ebitdaratio": 0.6524598478,
        "operatingIncome": 506324000,
        "operatingIncomeRatio": 0.535,
        "totalOtherIncomeExpensesNet": 14476000,
        "incomeBeforeTax": 520800000,
        "incomeBeforeTaxRatio": 0.550295858,
        "incomeTaxExpense": 133400000,
        "netIncome": 387400000,
        "netIncomeRatio": 0.4093406593,
        "eps": 2.79,
        "epsdiluted": 2.79,
        "weightedAverageShsOut": 139100000,
        "weightedAverageShsOutDil": 139100000,
        "link": "https://www.sec.gov/Archives/edgar/data/949039/000095012309026820/0000950123-09-026820-index.htm",
        "finalLink": "https://www.sec.gov/Archives/edgar/data/949039/000095012309026820/h67413e10vq.htm"
    },
    {
        "date": "2009-03-31",
        "symbol": "DO",
        "reportedCurrency": "USD",
        "cik": "0000949039",
        "fillingDate": "2009-04-28",
        "acceptedDate": "2009-04-28 13:39:08",
        "calendarYear": "2009",
        "period": "Q1",
        "revenue": 885700000,
        "costOfRevenue": 327500000,
        "grossProfit": 558200000,
        "grossProfitRatio": 0.6302359715,
        "researchAndDevelopmentExpenses": 0,
        "generalAndAdministrativeExpenses": 16300000,
        "sellingAndMarketingExpenses": 85000000,
        "sellingGeneralAndAdministrativeExpenses": 101300000,
        "otherExpenses": 0,
        "operatingExpenses": 101300000,
        "costAndExpenses": 428784000,
        "interestIncome": 576000,
        "interestExpense": 1117000,
        "depreciationAndAmortization": 85100000,
        "ebitda": 539617000,
        "ebitdaratio": 0.6092548267,
        "operatingIncome": 455799000,
        "operatingIncomeRatio": 0.5146200745,
        "totalOtherIncomeExpensesNet": -2499000,
        "incomeBeforeTax": 453300000,
        "incomeBeforeTaxRatio": 0.5117985774,
        "incomeTaxExpense": 104800000,
        "netIncome": 348500000,
        "netIncomeRatio": 0.3934740883,
        "eps": 2.51,
        "epsdiluted": 2.51,
        "weightedAverageShsOut": 139100000,
        "weightedAverageShsOutDil": 139100000,
        "link": "https://www.sec.gov/Archives/edgar/data/949039/000095012909001328/0000950129-09-001328-index.htm",
        "finalLink": "https://www.sec.gov/Archives/edgar/data/949039/000095012909001328/h66556e10vq.htm"
    },
    {
        "date": "2008-12-31",
        "symbol": "DO",
        "reportedCurrency": "USD",
        "cik": "0000949039",
        "fillingDate": "2009-02-24",
        "acceptedDate": "2009-02-24 16:04:55",
        "calendarYear": "2008",
        "period": "Q4",
        "revenue": 903200000,
        "costOfRevenue": 327500000,
        "grossProfit": 575700000,
        "grossProfitRatio": 0.6374003543,
        "researchAndDevelopmentExpenses": 0,
        "generalAndAdministrativeExpenses": 46700000,
        "sellingAndMarketingExpenses": 72900000,
        "sellingGeneralAndAdministrativeExpenses": 119600000,
        "otherExpenses": 0,
        "operatingExpenses": 119600000,
        "costAndExpenses": 446985000,
        "interestIncome": 0,
        "interestExpense": 3870000,
        "depreciationAndAmortization": 75200000,
        "ebitda": 482070000,
        "ebitdaratio": 0.5337356067,
        "operatingIncome": 452345000,
        "operatingIncomeRatio": 0.500824845,
        "totalOtherIncomeExpensesNet": -49245000,
        "incomeBeforeTax": 403100000,
        "incomeBeforeTaxRatio": 0.4463020372,
        "incomeTaxExpense": 109700000,
        "netIncome": 293400000,
        "netIncomeRatio": 0.3248449956,
        "eps": 2.11,
        "epsdiluted": 2.11,
        "weightedAverageShsOut": 139100000,
        "weightedAverageShsOutDil": 139100000,
        "link": "https://www.sec.gov/Archives/edgar/data/949039/000095012909000536/0000950129-09-000536-index.htm",
        "finalLink": "https://www.sec.gov/Archives/edgar/data/949039/000095012909000536/h65874e10vk.htm"
    },
    {
        "date": "2008-09-30",
        "symbol": "DO",
        "reportedCurrency": "USD",
        "cik": "0000949039",
        "fillingDate": "2008-10-28",
        "acceptedDate": "2008-10-28 12:37:25",
        "calendarYear": "2008",
        "period": "Q3",
        "revenue": 900400000,
        "costOfRevenue": 332400000,
        "grossProfit": 568000000,
        "grossProfitRatio": 0.6308307419,
        "researchAndDevelopmentExpenses": 0,
        "generalAndAdministrativeExpenses": 13900000,
        "sellingAndMarketingExpenses": 78300000,
        "sellingGeneralAndAdministrativeExpenses": 92200000,
        "otherExpenses": 0,
        "operatingExpenses": 92200000,
        "costAndExpenses": 424410000,
        "interestIncome": 3055000,
        "interestExpense": 2989000,
        "depreciationAndAmortization": 72200000,
        "ebitda": 522589000,
        "ebitdaratio": 0.5803964904,
        "operatingIncome": 473001000,
        "operatingIncomeRatio": 0.5253231897,
        "totalOtherIncomeExpensesNet": -25601000,
        "incomeBeforeTax": 447400000,
        "incomeBeforeTaxRatio": 0.496890271,
        "incomeTaxExpense": 136900000,
        "netIncome": 310500000,
        "netIncomeRatio": 0.3448467348,
        "eps": 2.23,
        "epsdiluted": 2.23,
        "weightedAverageShsOut": 139100000,
        "weightedAverageShsOutDil": 139100000,
        "link": "https://www.sec.gov/Archives/edgar/data/949039/000095012908005323/0000950129-08-005323-index.htm",
        "finalLink": "https://www.sec.gov/Archives/edgar/data/949039/000095012908005323/h64656e10vq.htm"
    },
    {
        "date": "2008-06-30",
        "symbol": "DO",
        "reportedCurrency": "USD",
        "cik": "0000949039",
        "fillingDate": "2008-07-29",
        "acceptedDate": "2008-07-29 12:53:44",
        "calendarYear": "2008",
        "period": "Q2",
        "revenue": 954400000,
        "costOfRevenue": 290800000,
        "grossProfit": 663600000,
        "grossProfitRatio": 0.6953059514,
        "researchAndDevelopmentExpenses": 0,
        "generalAndAdministrativeExpenses": 15800000,
        "sellingAndMarketingExpenses": 70500000,
        "sellingGeneralAndAdministrativeExpenses": 86300000,
        "otherExpenses": 0,
        "operatingExpenses": 86300000,
        "costAndExpenses": 376985000,
        "interestIncome": 2941000,
        "interestExpense": 1895000,
        "depreciationAndAmortization": 70800000,
        "ebitda": 663495000,
        "ebitdaratio": 0.6951959346,
        "operatingIncome": 575520000,
        "operatingIncomeRatio": 0.6030176027,
        "totalOtherIncomeExpensesNet": 15280000,
        "incomeBeforeTax": 590800000,
        "incomeBeforeTaxRatio": 0.6190276614,
        "incomeTaxExpense": 174600000,
        "netIncome": 416200000,
        "netIncomeRatio": 0.4360854987,
        "eps": 2.99,
        "epsdiluted": 2.99,
        "weightedAverageShsOut": 139100000,
        "weightedAverageShsOutDil": 139100000,
        "link": "https://www.sec.gov/Archives/edgar/data/949039/000095012908004118/0000950129-08-004118-index.htm",
        "finalLink": "https://www.sec.gov/Archives/edgar/data/949039/000095012908004118/h58850e10vq.htm"
    },
    {
        "date": "2008-03-31",
        "symbol": "DO",
        "reportedCurrency": "USD",
        "cik": "0000949039",
        "fillingDate": "2008-04-29",
        "acceptedDate": "2008-04-29 12:11:08",
        "calendarYear": "2008",
        "period": "Q1",
        "revenue": 786100000,
        "costOfRevenue": 300200000,
        "grossProfit": 485900000,
        "grossProfitRatio": 0.6181147437,
        "researchAndDevelopmentExpenses": 0,
        "generalAndAdministrativeExpenses": 15700000,
        "sellingAndMarketingExpenses": 69200000,
        "sellingGeneralAndAdministrativeExpenses": 84900000,
        "otherExpenses": 0,
        "operatingExpenses": 84900000,
        "costAndExpenses": 384916000,
        "interestIncome": 4373000,
        "interestExpense": 1342000,
        "depreciationAndAmortization": 69200000,
        "ebitda": 476342000,
        "ebitdaratio": 0.6059559852,
        "operatingIncome": 399842000,
        "operatingIncomeRatio": 0.5086401221,
        "totalOtherIncomeExpensesNet": 5958000,
        "incomeBeforeTax": 405800000,
        "incomeBeforeTaxRatio": 0.5162193105,
        "incomeTaxExpense": 115300000,
        "netIncome": 290500000,
        "netIncomeRatio": 0.3695458593,
        "eps": 2.09,
        "epsdiluted": 2.09,
        "weightedAverageShsOut": 139100000,
        "weightedAverageShsOutDil": 139100000,
        "link": "https://www.sec.gov/Archives/edgar/data/949039/000095012908002485/0000950129-08-002485-index.htm",
        "finalLink": "https://www.sec.gov/Archives/edgar/data/949039/000095012908002485/h56201e10vq.htm"
    },
    {
        "date": "2007-12-31",
        "symbol": "DO",
        "reportedCurrency": "USD",
        "cik": "0000949039",
        "fillingDate": "2008-02-25",
        "acceptedDate": "2008-02-25 16:49:27",
        "calendarYear": "2007",
        "period": "Q4",
        "revenue": 666700000,
        "costOfRevenue": 304000000,
        "grossProfit": 362700000,
        "grossProfitRatio": 0.5440227989,
        "researchAndDevelopmentExpenses": 0,
        "generalAndAdministrativeExpenses": 16200000,
        "sellingAndMarketingExpenses": 60500000,
        "sellingGeneralAndAdministrativeExpenses": 76700000,
        "otherExpenses": 0,
        "operatingExpenses": 76700000,
        "costAndExpenses": 380710000,
        "interestIncome": 0,
        "interestExpense": 2232000,
        "depreciationAndAmortization": 64100000,
        "ebitda": 361832000,
        "ebitdaratio": 0.542720864,
        "operatingIncome": 283758000,
        "operatingIncomeRatio": 0.4256157192,
        "totalOtherIncomeExpensesNet": 11842000,
        "incomeBeforeTax": 295600000,
        "incomeBeforeTaxRatio": 0.4433778311,
        "incomeTaxExpense": 130600000,
        "netIncome": 165000000,
        "netIncomeRatio": 0.2474876256,
        "eps": 1.19,
        "epsdiluted": 1.19,
        "weightedAverageShsOut": 139000000,
        "weightedAverageShsOutDil": 139000000,
        "link": "https://www.sec.gov/Archives/edgar/data/949039/000095012908001178/0000950129-08-001178-index.htm",
        "finalLink": "https://www.sec.gov/Archives/edgar/data/949039/000095012908001178/h53142e10vk.htm"
    },
    {
        "date": "2007-09-30",
        "symbol": "DO",
        "reportedCurrency": "USD",
        "cik": "0000949039",
        "fillingDate": "2007-10-30",
        "acceptedDate": "2007-10-30 12:50:49",
        "calendarYear": "2007",
        "period": "Q3",
        "revenue": 644000000,
        "costOfRevenue": 295700000,
        "grossProfit": 348300000,
        "grossProfitRatio": 0.5408385093,
        "researchAndDevelopmentExpenses": 0,
        "generalAndAdministrativeExpenses": 13100000,
        "sellingAndMarketingExpenses": 57200000,
        "sellingGeneralAndAdministrativeExpenses": 70300000,
        "otherExpenses": 0,
        "operatingExpenses": 70300000,
        "costAndExpenses": 365991000,
        "interestIncome": 8735000,
        "interestExpense": 2334000,
        "depreciationAndAmortization": 57600000,
        "ebitda": 348134000,
        "ebitdaratio": 0.5405807453,
        "operatingIncome": 275675000,
        "operatingIncomeRatio": 0.4280667702,
        "totalOtherIncomeExpensesNet": 12525000,
        "incomeBeforeTax": 288200000,
        "incomeBeforeTaxRatio": 0.447515528,
        "incomeTaxExpense": 82700000,
        "netIncome": 205500000,
        "netIncomeRatio": 0.3190993789,
        "eps": 1.48,
        "epsdiluted": 1.48,
        "weightedAverageShsOut": 139000000,
        "weightedAverageShsOutDil": 139000000,
        "link": "https://www.sec.gov/Archives/edgar/data/949039/000095012907005165/0000950129-07-005165-index.htm",
        "finalLink": "https://www.sec.gov/Archives/edgar/data/949039/000095012907005165/h50889e10vq.htm"
    },
    {
        "date": "2007-06-30",
        "symbol": "DO",
        "reportedCurrency": "USD",
        "cik": "0000949039",
        "fillingDate": "2007-07-31",
        "acceptedDate": "2007-07-31 13:00:24",
        "calendarYear": "2007",
        "period": "Q2",
        "revenue": 648900000,
        "costOfRevenue": 234300000,
        "grossProfit": 414600000,
        "grossProfitRatio": 0.6389274156,
        "researchAndDevelopmentExpenses": 0,
        "generalAndAdministrativeExpenses": 12200000,
        "sellingAndMarketingExpenses": 54800000,
        "sellingGeneralAndAdministrativeExpenses": 67000000,
        "otherExpenses": 0,
        "operatingExpenses": 67000000,
        "costAndExpenses": 301258000,
        "interestIncome": 7599000,
        "interestExpense": 3770000,
        "depreciationAndAmortization": 58300000,
        "ebitda": 414470000,
        "ebitdaratio": 0.6387270766,
        "operatingIncome": 343872000,
        "operatingIncomeRatio": 0.5299306519,
        "totalOtherIncomeExpensesNet": 8628000,
        "incomeBeforeTax": 352500000,
        "incomeBeforeTaxRatio": 0.5432269995,
        "incomeTaxExpense": 100500000,
        "netIncome": 252000000,
        "netIncomeRatio": 0.3883495146,
        "eps": 1.81,
        "epsdiluted": 1.81,
        "weightedAverageShsOut": 138900000,
        "weightedAverageShsOutDil": 138900000,
        "link": "https://www.sec.gov/Archives/edgar/data/949039/000095012907003630/0000950129-07-003630-index.htm",
        "finalLink": "https://www.sec.gov/Archives/edgar/data/949039/000095012907003630/h48573e10vq.htm"
    },
    {
        "date": "2007-03-31",
        "symbol": "DO",
        "reportedCurrency": "USD",
        "cik": "0000949039",
        "fillingDate": "2007-04-30",
        "acceptedDate": "2007-04-30 17:08:46",
        "calendarYear": "2007",
        "period": "Q1",
        "revenue": 608200000,
        "costOfRevenue": 230100000,
        "grossProfit": 378100000,
        "grossProfitRatio": 0.6216705031,
        "researchAndDevelopmentExpenses": 0,
        "generalAndAdministrativeExpenses": 12000000,
        "sellingAndMarketingExpenses": 54100000,
        "sellingGeneralAndAdministrativeExpenses": 66100000,
        "otherExpenses": 0,
        "operatingExpenses": 66100000,
        "costAndExpenses": 296242000,
        "interestIncome": 9793000,
        "interestExpense": 10855000,
        "depreciationAndAmortization": 55700000,
        "ebitda": 376855000,
        "ebitdaratio": 0.6196234791,
        "operatingIncome": 321155000,
        "operatingIncomeRatio": 0.5280417626,
        "totalOtherIncomeExpensesNet": -10855000,
        "incomeBeforeTax": 310300000,
        "incomeBeforeTaxRatio": 0.5101940151,
        "incomeTaxExpense": 86100000,
        "netIncome": 224200000,
        "netIncomeRatio": 0.3686287405,
        "eps": 1.62,
        "epsdiluted": 1.62,
        "weightedAverageShsOut": 138800000,
        "weightedAverageShsOutDil": 138800000,
        "link": "https://www.sec.gov/Archives/edgar/data/949039/000095013707006352/0000950137-07-006352-index.htm",
        "finalLink": "https://www.sec.gov/Archives/edgar/data/949039/000095013707006352/h46023e10vq.htm"
    },
    {
        "date": "2006-12-31",
        "symbol": "DO",
        "reportedCurrency": "USD",
        "cik": "0000949039",
        "fillingDate": "2007-02-23",
        "acceptedDate": "2007-02-23 15:17:42",
        "calendarYear": "2006",
        "period": "Q4",
        "revenue": 578200000,
        "costOfRevenue": 233200000,
        "grossProfit": 345000000,
        "grossProfitRatio": 0.5966793497,
        "researchAndDevelopmentExpenses": 0,
        "generalAndAdministrativeExpenses": 11800000,
        "sellingAndMarketingExpenses": 50000000,
        "sellingGeneralAndAdministrativeExpenses": 61800000,
        "otherExpenses": 0,
        "operatingExpenses": 61800000,
        "costAndExpenses": 294951000,
        "interestIncome": 0,
        "interestExpense": 5418000,
        "depreciationAndAmortization": 51600000,
        "ebitda": 351518000,
        "ebitdaratio": 0.6079522657,
        "operatingIncome": 277831000,
        "operatingIncomeRatio": 0.4805102041,
        "totalOtherIncomeExpensesNet": 44546000,
        "incomeBeforeTax": 294400000,
        "incomeBeforeTaxRatio": 0.5091663784,
        "incomeTaxExpense": 73100000,
        "netIncome": 221300000,
        "netIncomeRatio": 0.3827395365,
        "eps": 1.59,
        "epsdiluted": 1.59,
        "weightedAverageShsOut": 138800000,
        "weightedAverageShsOutDil": 138800000,
        "link": "https://www.sec.gov/Archives/edgar/data/949039/000095013407003960/0000950134-07-003960-index.htm",
        "finalLink": "https://www.sec.gov/Archives/edgar/data/949039/000095013407003960/h43845e10vk.htm"
    },
    {
        "date": "2006-09-30",
        "symbol": "DO",
        "reportedCurrency": "USD",
        "cik": "0000949039",
        "fillingDate": "2006-11-03",
        "acceptedDate": "2006-11-03 12:07:02",
        "calendarYear": "2006",
        "period": "Q3",
        "revenue": 514500000,
        "costOfRevenue": 238900000,
        "grossProfit": 275600000,
        "grossProfitRatio": 0.5356656948,
        "researchAndDevelopmentExpenses": 0,
        "generalAndAdministrativeExpenses": 10000000,
        "sellingAndMarketingExpenses": 49400000,
        "sellingGeneralAndAdministrativeExpenses": 59400000,
        "otherExpenses": 0,
        "operatingExpenses": 59400000,
        "costAndExpenses": 298309000,
        "interestIncome": 10037000,
        "interestExpense": 6128000,
        "depreciationAndAmortization": 49800000,
        "ebitda": 279028000,
        "ebitdaratio": 0.5423284742,
        "operatingIncome": 210063000,
        "operatingIncomeRatio": 0.4082857143,
        "totalOtherIncomeExpensesNet": 12937000,
        "incomeBeforeTax": 223000000,
        "incomeBeforeTaxRatio": 0.4334305151,
        "incomeTaxExpense": 58600000,
        "netIncome": 164400000,
        "netIncomeRatio": 0.3195335277,
        "eps": 1.18,
        "epsdiluted": 1.18,
        "weightedAverageShsOut": 138800000,
        "weightedAverageShsOutDil": 138800000,
        "link": "https://www.sec.gov/Archives/edgar/data/949039/000095012906009364/0000950129-06-009364-index.htm",
        "finalLink": "https://www.sec.gov/Archives/edgar/data/949039/000095012906009364/h40862e10vq.htm"
    },
    {
        "date": "2006-06-30",
        "symbol": "DO",
        "reportedCurrency": "USD",
        "cik": "0000949039",
        "fillingDate": "2006-08-01",
        "acceptedDate": "2006-08-01 13:16:55",
        "calendarYear": "2006",
        "period": "Q2",
        "revenue": 512200000,
        "costOfRevenue": 212000000,
        "grossProfit": 300200000,
        "grossProfitRatio": 0.58609918,
        "researchAndDevelopmentExpenses": 0,
        "generalAndAdministrativeExpenses": 9900000,
        "sellingAndMarketingExpenses": 52200000,
        "sellingGeneralAndAdministrativeExpenses": 62100000,
        "otherExpenses": 0,
        "operatingExpenses": 62100000,
        "costAndExpenses": 274093000,
        "interestIncome": 8431000,
        "interestExpense": 5744000,
        "depreciationAndAmortization": 49500000,
        "ebitda": 297344000,
        "ebitdaratio": 0.5805232331,
        "operatingIncome": 232363000,
        "operatingIncomeRatio": 0.4536567747,
        "totalOtherIncomeExpensesNet": 9837000,
        "incomeBeforeTax": 242200000,
        "incomeBeforeTaxRatio": 0.4728621632,
        "incomeTaxExpense": 66400000,
        "netIncome": 175800000,
        "netIncomeRatio": 0.3432253026,
        "eps": 1.27,
        "epsdiluted": 1.27,
        "weightedAverageShsOut": 138800000,
        "weightedAverageShsOutDil": 138800000,
        "link": "https://www.sec.gov/Archives/edgar/data/949039/000095012906007419/0000950129-06-007419-index.htm",
        "finalLink": "https://www.sec.gov/Archives/edgar/data/949039/000095012906007419/h38260e10vq.htm"
    },
    {
        "date": "2006-03-31",
        "symbol": "DO",
        "reportedCurrency": "USD",
        "cik": "0000949039",
        "fillingDate": "2006-05-02",
        "acceptedDate": "2006-05-02 15:19:34",
        "calendarYear": "2006",
        "period": "Q1",
        "revenue": 447700000,
        "costOfRevenue": 185500000,
        "grossProfit": 262200000,
        "grossProfitRatio": 0.5856600402,
        "researchAndDevelopmentExpenses": 0,
        "generalAndAdministrativeExpenses": 9900000,
        "sellingAndMarketingExpenses": 49400000,
        "sellingGeneralAndAdministrativeExpenses": 59300000,
        "otherExpenses": 0,
        "operatingExpenses": 59300000,
        "costAndExpenses": 244787000,
        "interestIncome": 8375000,
        "interestExpense": 6806000,
        "depreciationAndAmortization": 49600000,
        "ebitda": 263106000,
        "ebitdaratio": 0.5876837168,
        "operatingIncome": 196107000,
        "operatingIncomeRatio": 0.4380321644,
        "totalOtherIncomeExpensesNet": 10593000,
        "incomeBeforeTax": 206700000,
        "incomeBeforeTaxRatio": 0.4616930981,
        "incomeTaxExpense": 61400000,
        "netIncome": 145300000,
        "netIncomeRatio": 0.3245476882,
        "eps": 1.05,
        "epsdiluted": 1.05,
        "weightedAverageShsOut": 138800000,
        "weightedAverageShsOutDil": 138800000,
        "link": "https://www.sec.gov/Archives/edgar/data/949039/000095012906004752/0000950129-06-004752-index.htm",
        "finalLink": "https://www.sec.gov/Archives/edgar/data/949039/000095012906004752/h35596e10vq.htm"
    },
    {
        "date": "2005-12-31",
        "symbol": "DO",
        "reportedCurrency": "USD",
        "cik": "0000949039",
        "fillingDate": "2006-02-24",
        "acceptedDate": "2006-02-24 15:54:41",
        "calendarYear": "2005",
        "period": "Q4",
        "revenue": 368300000,
        "costOfRevenue": 178100000,
        "grossProfit": 190200000,
        "grossProfitRatio": 0.516426826,
        "researchAndDevelopmentExpenses": 0,
        "generalAndAdministrativeExpenses": 9600000,
        "sellingAndMarketingExpenses": 39700000,
        "sellingGeneralAndAdministrativeExpenses": 49300000,
        "otherExpenses": 0,
        "operatingExpenses": 49300000,
        "costAndExpenses": 35869000,
        "interestIncome": 0,
        "interestExpense": 11542000,
        "depreciationAndAmortization": 45800000,
        "ebitda": 195142000,
        "ebitdaratio": 0.5298452349,
        "operatingIncome": 149342000,
        "operatingIncomeRatio": 0.4054900896,
        "totalOtherIncomeExpensesNet": -18099000,
        "incomeBeforeTax": 137800000,
        "incomeBeforeTaxRatio": 0.3741515069,
        "incomeTaxExpense": 30900000,
        "netIncome": 106900000,
        "netIncomeRatio": 0.2902525115,
        "eps": 0.77,
        "epsdiluted": 0.77,
        "weightedAverageShsOut": 138600000,
        "weightedAverageShsOutDil": 138600000,
        "link": "https://www.sec.gov/Archives/edgar/data/949039/000095012906001804/0000950129-06-001804-index.htm",
        "finalLink": "https://www.sec.gov/Archives/edgar/data/949039/000095012906001804/h33397e10vk.htm"
    },
    {
        "date": "2005-09-30",
        "symbol": "DO",
        "reportedCurrency": "USD",
        "cik": "0000949039",
        "fillingDate": "2005-10-28",
        "acceptedDate": "2005-10-28 12:28:17",
        "calendarYear": "2005",
        "period": "Q3",
        "revenue": 310500000,
        "costOfRevenue": 168900000,
        "grossProfit": 141600000,
        "grossProfitRatio": 0.4560386473,
        "researchAndDevelopmentExpenses": 0,
        "generalAndAdministrativeExpenses": 8900000,
        "sellingAndMarketingExpenses": 12100000,
        "sellingGeneralAndAdministrativeExpenses": 21000000,
        "otherExpenses": 0,
        "operatingExpenses": 21000000,
        "costAndExpenses": 189900000,
        "interestIncome": 0,
        "interestExpense": 0,
        "depreciationAndAmortization": 46400000,
        "ebitda": 165800000,
        "ebitdaratio": 0.5339774557,
        "operatingIncome": 119400000,
        "operatingIncomeRatio": 0.3845410628,
        "totalOtherIncomeExpensesNet": 0,
        "incomeBeforeTax": 119400000,
        "incomeBeforeTaxRatio": 0.3845410628,
        "incomeTaxExpense": 37400000,
        "netIncome": 82000000,
        "netIncomeRatio": 0.2640901771,
        "eps": 0.59,
        "epsdiluted": 0.59,
        "weightedAverageShsOut": 138600000,
        "weightedAverageShsOutDil": 138600000,
        "link": "https://www.sec.gov/Archives/edgar/data/949039/000095012905010226/0000950129-05-010226-index.htm",
        "finalLink": "https://www.sec.gov/Archives/edgar/data/949039/000095012905010226/h29705e10vq.txt"
    },
    {
        "date": "2005-06-30",
        "symbol": "DO",
        "reportedCurrency": "USD",
        "cik": "0000949039",
        "fillingDate": "2005-07-29",
        "acceptedDate": "2005-07-29 12:50:24",
        "calendarYear": "2005",
        "period": "Q2",
        "revenue": 283400000,
        "costOfRevenue": 171600000,
        "grossProfit": 111800000,
        "grossProfitRatio": 0.3944954128,
        "researchAndDevelopmentExpenses": 0,
        "generalAndAdministrativeExpenses": 9200000,
        "sellingAndMarketingExpenses": 37700000,
        "sellingGeneralAndAdministrativeExpenses": 46900000,
        "otherExpenses": 0,
        "operatingExpenses": 46900000,
        "costAndExpenses": 218500000,
        "interestIncome": 0,
        "interestExpense": 0,
        "depreciationAndAmortization": 46000000,
        "ebitda": 101800000,
        "ebitdaratio": 0.3592095977,
        "operatingIncome": 55800000,
        "operatingIncomeRatio": 0.1968948483,
        "totalOtherIncomeExpensesNet": 0,
        "incomeBeforeTax": 55800000,
        "incomeBeforeTaxRatio": 0.1968948483,
        "incomeTaxExpense": 14500000,
        "netIncome": 41300000,
        "netIncomeRatio": 0.1457304164,
        "eps": 0.3,
        "epsdiluted": 0.3,
        "weightedAverageShsOut": 138100000,
        "weightedAverageShsOutDil": 138100000,
        "link": "https://www.sec.gov/Archives/edgar/data/949039/000095012905007446/0000950129-05-007446-index.htm",
        "finalLink": "https://www.sec.gov/Archives/edgar/data/949039/000095012905007446/h27387e10vq.txt"
    },
    {
        "date": "2005-03-31",
        "symbol": "DO",
        "reportedCurrency": "USD",
        "cik": "0000949039",
        "fillingDate": "2005-04-29",
        "acceptedDate": "2005-04-29 17:14:38",
        "calendarYear": "2005",
        "period": "Q1",
        "revenue": 258800000,
        "costOfRevenue": 155500000,
        "grossProfit": 103300000,
        "grossProfitRatio": 0.3991499227,
        "researchAndDevelopmentExpenses": 0,
        "generalAndAdministrativeExpenses": 9500000,
        "sellingAndMarketingExpenses": 45800000,
        "sellingGeneralAndAdministrativeExpenses": 55300000,
        "otherExpenses": 0,
        "operatingExpenses": 55300000,
        "costAndExpenses": 210800000,
        "interestIncome": 0,
        "interestExpense": 0,
        "depreciationAndAmortization": 45500000,
        "ebitda": 88800000,
        "ebitdaratio": 0.343122102,
        "operatingIncome": 43300000,
        "operatingIncomeRatio": 0.1673106646,
        "totalOtherIncomeExpensesNet": 100000,
        "incomeBeforeTax": 43400000,
        "incomeBeforeTaxRatio": 0.1676970634,
        "incomeTaxExpense": 13200000,
        "netIncome": 30200000,
        "netIncomeRatio": 0.1166924266,
        "eps": 0.22,
        "epsdiluted": 0.22,
        "weightedAverageShsOut": 138100000,
        "weightedAverageShsOutDil": 138100000,
        "link": "https://www.sec.gov/Archives/edgar/data/949039/000095012905004402/0000950129-05-004402-index.htm",
        "finalLink": "https://www.sec.gov/Archives/edgar/data/949039/000095012905004402/h24819e10vq.txt"
    },
    {
        "date": "2004-12-31",
        "symbol": "DO",
        "reportedCurrency": "USD",
        "cik": "0000949039",
        "fillingDate": "2005-03-02",
        "acceptedDate": "2005-03-02 17:11:02",
        "calendarYear": "2004",
        "period": "Q4",
        "revenue": 237300000,
        "costOfRevenue": 168400000,
        "grossProfit": 68900000,
        "grossProfitRatio": 0.2903497682,
        "researchAndDevelopmentExpenses": 0,
        "generalAndAdministrativeExpenses": 8500000,
        "sellingAndMarketingExpenses": 33600000,
        "sellingGeneralAndAdministrativeExpenses": 42100000,
        "otherExpenses": 0,
        "operatingExpenses": 42100000,
        "costAndExpenses": 210500000,
        "interestIncome": 0,
        "interestExpense": -30257000,
        "depreciationAndAmortization": 44700000,
        "ebitda": 65600000,
        "ebitdaratio": 0.2764433207,
        "operatingIncome": 26800000,
        "operatingIncomeRatio": 0.1129372103,
        "totalOtherIncomeExpensesNet": -7561000,
        "incomeBeforeTax": 20900000,
        "incomeBeforeTaxRatio": 0.0880741677,
        "incomeTaxExpense": 9600000,
        "netIncome": 11300000,
        "netIncomeRatio": 0.0476190476,
        "eps": 0.0878,
        "epsdiluted": 0.0878,
        "weightedAverageShsOut": 128700000,
        "weightedAverageShsOutDil": 128700000,
        "link": "https://www.sec.gov/Archives/edgar/data/949039/000095012905001920/0000950129-05-001920-index.htm",
        "finalLink": "https://www.sec.gov/Archives/edgar/data/949039/000095012905001920/h22957e10vk.htm"
    },
    {
        "date": "2004-09-30",
        "symbol": "DO",
        "reportedCurrency": "USD",
        "cik": "0000949039",
        "fillingDate": "2004-11-08",
        "acceptedDate": "2004-11-08 12:20:30",
        "calendarYear": "2004",
        "period": "Q3",
        "revenue": 208200000,
        "costOfRevenue": 147200000,
        "grossProfit": 61000000,
        "grossProfitRatio": 0.292987512,
        "researchAndDevelopmentExpenses": 0,
        "generalAndAdministrativeExpenses": 6700000,
        "sellingAndMarketingExpenses": 46600000,
        "sellingGeneralAndAdministrativeExpenses": 53300000,
        "otherExpenses": 0,
        "operatingExpenses": 53300000,
        "costAndExpenses": 200500000,
        "interestIncome": 0,
        "interestExpense": 0,
        "depreciationAndAmortization": 45000000,
        "ebitda": 47900000,
        "ebitdaratio": 0.230067243,
        "operatingIncome": 2900000,
        "operatingIncomeRatio": 0.0139289145,
        "totalOtherIncomeExpensesNet": 100000,
        "incomeBeforeTax": 3000000,
        "incomeBeforeTaxRatio": 0.0144092219,
        "incomeTaxExpense": 100000,
        "netIncome": 2900000,
        "netIncomeRatio": 0.0139289145,
        "eps": 0.0225,
        "epsdiluted": 0.0225,
        "weightedAverageShsOut": 128900000,
        "weightedAverageShsOutDil": 128900000,
        "link": "https://www.sec.gov/Archives/edgar/data/949039/000095012904008641/0000950129-04-008641-index.htm",
        "finalLink": "https://www.sec.gov/Archives/edgar/data/949039/000095012904008641/h19534e10vq.txt"
    },
    {
        "date": "2004-06-30",
        "symbol": "DO",
        "reportedCurrency": "USD",
        "cik": "0000949039",
        "fillingDate": "2004-08-02",
        "acceptedDate": "2004-08-02 11:12:06",
        "calendarYear": "2004",
        "period": "Q2",
        "revenue": 184900000,
        "costOfRevenue": 141000000,
        "grossProfit": 43900000,
        "grossProfitRatio": 0.2374256355,
        "researchAndDevelopmentExpenses": 0,
        "generalAndAdministrativeExpenses": 8800000,
        "sellingAndMarketingExpenses": 44600000,
        "sellingGeneralAndAdministrativeExpenses": 53400000,
        "otherExpenses": 0,
        "operatingExpenses": 53400000,
        "costAndExpenses": 194400000,
        "interestIncome": 0,
        "interestExpense": 0,
        "depreciationAndAmortization": 44600000,
        "ebitda": 31900000,
        "ebitdaratio": 0.1725256896,
        "operatingIncome": -12700000,
        "operatingIncomeRatio": -0.0686857761,
        "totalOtherIncomeExpensesNet": 0,
        "incomeBeforeTax": -12700000,
        "incomeBeforeTaxRatio": -0.0686857761,
        "incomeTaxExpense": -2200000,
        "netIncome": -10500000,
        "netIncomeRatio": -0.0567874527,
        "eps": -0.0812,
        "epsdiluted": -0.0812,
        "weightedAverageShsOut": 129300000,
        "weightedAverageShsOutDil": 129300000,
        "link": "https://www.sec.gov/Archives/edgar/data/949039/000095012904005382/0000950129-04-005382-index.htm",
        "finalLink": "https://www.sec.gov/Archives/edgar/data/949039/000095012904005382/h17115e10vq.txt"
    },
    {
        "date": "2004-03-31",
        "symbol": "DO",
        "reportedCurrency": "USD",
        "cik": "0000949039",
        "fillingDate": "2004-05-03",
        "acceptedDate": "2004-05-03 12:18:35",
        "calendarYear": "2004",
        "period": "Q1",
        "revenue": 184200000,
        "costOfRevenue": 140900000,
        "grossProfit": 43300000,
        "grossProfitRatio": 0.2350705755,
        "researchAndDevelopmentExpenses": 0,
        "generalAndAdministrativeExpenses": 8800000,
        "sellingAndMarketingExpenses": 44200000,
        "sellingGeneralAndAdministrativeExpenses": 53000000,
        "otherExpenses": 0,
        "operatingExpenses": 53000000,
        "costAndExpenses": 193900000,
        "interestIncome": 0,
        "interestExpense": 0,
        "depreciationAndAmortization": 44500000,
        "ebitda": 29800000,
        "ebitdaratio": 0.1617806732,
        "operatingIncome": -14700000,
        "operatingIncomeRatio": -0.0798045603,
        "totalOtherIncomeExpensesNet": 0,
        "incomeBeforeTax": -14700000,
        "incomeBeforeTaxRatio": -0.0798045603,
        "incomeTaxExpense": -3700000,
        "netIncome": -11000000,
        "netIncomeRatio": -0.0597176982,
        "eps": -0.0851,
        "epsdiluted": -0.0851,
        "weightedAverageShsOut": 129300000,
        "weightedAverageShsOutDil": 129300000,
        "link": "https://www.sec.gov/Archives/edgar/data/949039/000095012904002675/0000950129-04-002675-index.htm",
        "finalLink": "https://www.sec.gov/Archives/edgar/data/949039/000095012904002675/h14911e10vq.txt"
    },
    {
        "date": "2003-12-31",
        "symbol": "DO",
        "reportedCurrency": "USD",
        "cik": "0000949039",
        "fillingDate": "2004-03-01",
        "acceptedDate": "2004-03-01 16:36:37",
        "calendarYear": "2003",
        "period": "Q4",
        "revenue": 187700000,
        "costOfRevenue": 129200000,
        "grossProfit": 58500000,
        "grossProfitRatio": 0.3116675546,
        "researchAndDevelopmentExpenses": 0,
        "generalAndAdministrativeExpenses": 6300000,
        "sellingAndMarketingExpenses": 43000000,
        "sellingGeneralAndAdministrativeExpenses": 49300000,
        "otherExpenses": 0,
        "operatingExpenses": 49300000,
        "costAndExpenses": 178500000,
        "interestIncome": 0,
        "interestExpense": 0,
        "depreciationAndAmortization": 43500000,
        "ebitda": 48400000,
        "ebitdaratio": 0.2578582845,
        "operatingIncome": 4900000,
        "operatingIncomeRatio": 0.0261054875,
        "totalOtherIncomeExpensesNet": 0,
        "incomeBeforeTax": 4900000,
        "incomeBeforeTaxRatio": 0.0261054875,
        "incomeTaxExpense": 3600000,
        "netIncome": 1300000,
        "netIncomeRatio": 0.0069259457,
        "eps": 0.01,
        "epsdiluted": 0.01,
        "weightedAverageShsOut": 130000000,
        "weightedAverageShsOutDil": 130000000,
        "link": "https://www.sec.gov/Archives/edgar/data/949039/000095012904000904/0000950129-04-000904-index.htm",
        "finalLink": "https://www.sec.gov/Archives/edgar/data/949039/000095012904000904/h13022e10vk.txt"
    },
    {
        "date": "2003-09-30",
        "symbol": "DO",
        "reportedCurrency": "USD",
        "cik": "0000949039",
        "fillingDate": "2003-11-04",
        "acceptedDate": "2003-11-04 10:42:37",
        "calendarYear": "2003",
        "period": "Q3",
        "revenue": 183900000,
        "costOfRevenue": 135100000,
        "grossProfit": 48800000,
        "grossProfitRatio": 0.2653616096,
        "researchAndDevelopmentExpenses": 0,
        "generalAndAdministrativeExpenses": 7200000,
        "sellingAndMarketingExpenses": 44800000,
        "sellingGeneralAndAdministrativeExpenses": 52000000,
        "otherExpenses": 0,
        "operatingExpenses": 52000000,
        "costAndExpenses": 187100000,
        "interestIncome": 0,
        "interestExpense": 0,
        "depreciationAndAmortization": 43300000,
        "ebitda": 30100000,
        "ebitdaratio": 0.1636759108,
        "operatingIncome": -13200000,
        "operatingIncomeRatio": -0.0717781403,
        "totalOtherIncomeExpensesNet": 0,
        "incomeBeforeTax": -13200000,
        "incomeBeforeTaxRatio": -0.0717781403,
        "incomeTaxExpense": -1700000,
        "netIncome": -11500000,
        "netIncomeRatio": -0.0625339859,
        "eps": -0.0882,
        "epsdiluted": -0.0882,
        "weightedAverageShsOut": 130400000,
        "weightedAverageShsOutDil": 130400000,
        "link": "https://www.sec.gov/Archives/edgar/data/949039/000095012903005323/0000950129-03-005323-index.htm",
        "finalLink": "https://www.sec.gov/Archives/edgar/data/949039/000095012903005323/h10083e10vq.txt"
    },
    {
        "date": "2003-06-30",
        "symbol": "DO",
        "reportedCurrency": "USD",
        "cik": "0000949039",
        "fillingDate": "2003-08-04",
        "acceptedDate": "2003-08-04 12:35:09",
        "calendarYear": "2003",
        "period": "Q2",
        "revenue": 163200000,
        "costOfRevenue": 130100000,
        "grossProfit": 33100000,
        "grossProfitRatio": 0.2028186275,
        "researchAndDevelopmentExpenses": 0,
        "generalAndAdministrativeExpenses": 8200000,
        "sellingAndMarketingExpenses": 41500000,
        "sellingGeneralAndAdministrativeExpenses": 49700000,
        "otherExpenses": 0,
        "operatingExpenses": 49700000,
        "costAndExpenses": 179800000,
        "interestIncome": 0,
        "interestExpense": 0,
        "depreciationAndAmortization": 41500000,
        "ebitda": 23000000,
        "ebitdaratio": 0.1409313725,
        "operatingIncome": -18500000,
        "operatingIncomeRatio": -0.1133578431,
        "totalOtherIncomeExpensesNet": 0,
        "incomeBeforeTax": -18500000,
        "incomeBeforeTaxRatio": -0.1133578431,
        "incomeTaxExpense": -1800000,
        "netIncome": -16700000,
        "netIncomeRatio": -0.1023284314,
        "eps": -0.13,
        "epsdiluted": -0.13,
        "weightedAverageShsOut": 130400000,
        "weightedAverageShsOutDil": 130400000,
        "link": "https://www.sec.gov/Archives/edgar/data/949039/000095012903003892/0000950129-03-003892-index.htm",
        "finalLink": "https://www.sec.gov/Archives/edgar/data/949039/000095012903003892/h07834e10vq.txt"
    },
    {
        "date": "2003-03-31",
        "symbol": "DO",
        "reportedCurrency": "USD",
        "cik": "0000949039",
        "fillingDate": "2003-05-05",
        "acceptedDate": "2003-05-05 11:22:00",
        "calendarYear": "2003",
        "period": "Q1",
        "revenue": 146100000,
        "costOfRevenue": 119400000,
        "grossProfit": 26700000,
        "grossProfitRatio": 0.18275154,
        "researchAndDevelopmentExpenses": 0,
        "generalAndAdministrativeExpenses": 7200000,
        "sellingAndMarketingExpenses": 47300000,
        "sellingGeneralAndAdministrativeExpenses": 54500000,
        "otherExpenses": 0,
        "operatingExpenses": 54500000,
        "costAndExpenses": 173900000,
        "interestIncome": 0,
        "interestExpense": 0,
        "depreciationAndAmortization": 47300000,
        "ebitda": 19800000,
        "ebitdaratio": 0.135523614,
        "operatingIncome": -27500000,
        "operatingIncomeRatio": -0.1882272416,
        "totalOtherIncomeExpensesNet": 0,
        "incomeBeforeTax": -27500000,
        "incomeBeforeTaxRatio": -0.1882272416,
        "incomeTaxExpense": -5900000,
        "netIncome": -21600000,
        "netIncomeRatio": -0.1478439425,
        "eps": -0.17,
        "epsdiluted": -0.17,
        "weightedAverageShsOut": 130300000,
        "weightedAverageShsOutDil": 130300000,
        "link": "https://www.sec.gov/Archives/edgar/data/949039/000095012903002466/0000950129-03-002466-index.htm",
        "finalLink": "https://www.sec.gov/Archives/edgar/data/949039/000095012903002466/h05385e10vq.txt"
    },
    {
        "date": "2002-12-31",
        "symbol": "DO",
        "reportedCurrency": "USD",
        "cik": "0000949039",
        "fillingDate": "2003-03-04",
        "acceptedDate": "2003-03-04 15:40:02",
        "calendarYear": "2002",
        "period": "Q4",
        "revenue": 183000000,
        "costOfRevenue": 120000000,
        "grossProfit": 63000000,
        "grossProfitRatio": 0.3442622951,
        "researchAndDevelopmentExpenses": 0,
        "generalAndAdministrativeExpenses": 7900000,
        "sellingAndMarketingExpenses": 45000000,
        "sellingGeneralAndAdministrativeExpenses": 52900000,
        "otherExpenses": 0,
        "operatingExpenses": 52900000,
        "costAndExpenses": 172900000,
        "interestIncome": 0,
        "interestExpense": 0,
        "depreciationAndAmortization": 45000000,
        "ebitda": 58600000,
        "ebitdaratio": 0.3202185792,
        "operatingIncome": 13600000,
        "operatingIncomeRatio": 0.0743169399,
        "totalOtherIncomeExpensesNet": 0,
        "incomeBeforeTax": 13600000,
        "incomeBeforeTaxRatio": 0.0743169399,
        "incomeTaxExpense": 7300000,
        "netIncome": 6300000,
        "netIncomeRatio": 0.0344262295,
        "eps": 0.0483,
        "epsdiluted": 0.0483,
        "weightedAverageShsOut": 130400000,
        "weightedAverageShsOutDil": 130400000,
        "link": "https://www.sec.gov/Archives/edgar/data/949039/000095012903001198/0000950129-03-001198-index.htm",
        "finalLink": "https://www.sec.gov/Archives/edgar/data/949039/000095012903001198/h03648e10vk.txt"
    },
    {
        "date": "2002-09-30",
        "symbol": "DO",
        "reportedCurrency": "USD",
        "cik": "0000949039",
        "fillingDate": "2002-11-06",
        "acceptedDate": "2002-11-06 15:43:06",
        "calendarYear": "2002",
        "period": "Q3",
        "revenue": 180200000,
        "costOfRevenue": 118400000,
        "grossProfit": 61800000,
        "grossProfitRatio": 0.3429522752,
        "researchAndDevelopmentExpenses": 0,
        "generalAndAdministrativeExpenses": 7000000,
        "sellingAndMarketingExpenses": 45200000,
        "sellingGeneralAndAdministrativeExpenses": 52200000,
        "otherExpenses": 0,
        "operatingExpenses": 52200000,
        "costAndExpenses": 170600000,
        "interestIncome": 0,
        "interestExpense": 0,
        "depreciationAndAmortization": 45200000,
        "ebitda": 76700000,
        "ebitdaratio": 0.4256381798,
        "operatingIncome": 31500000,
        "operatingIncomeRatio": 0.1748057714,
        "totalOtherIncomeExpensesNet": 0,
        "incomeBeforeTax": 31500000,
        "incomeBeforeTaxRatio": 0.1748057714,
        "incomeTaxExpense": 9800000,
        "netIncome": 21700000,
        "netIncomeRatio": 0.1204217536,
        "eps": 0.12,
        "epsdiluted": 0.12,
        "weightedAverageShsOut": 176600000,
        "weightedAverageShsOutDil": 176600000,
        "link": "https://www.sec.gov/Archives/edgar/data/949039/000095012902005427/0000950129-02-005427-index.htm",
        "finalLink": "https://www.sec.gov/Archives/edgar/data/949039/000095012902005427/h00886e10vq.txt"
    },
    {
        "date": "2002-06-30",
        "symbol": "DO",
        "reportedCurrency": "USD",
        "cik": "0000949039",
        "fillingDate": "2002-08-13",
        "acceptedDate": "2002-08-13 15:18:26",
        "calendarYear": "2002",
        "period": "Q2",
        "revenue": 187800000,
        "costOfRevenue": 127600000,
        "grossProfit": 60200000,
        "grossProfitRatio": 0.3205537806,
        "researchAndDevelopmentExpenses": 0,
        "generalAndAdministrativeExpenses": 7400000,
        "sellingAndMarketingExpenses": 44600000,
        "sellingGeneralAndAdministrativeExpenses": 52000000,
        "otherExpenses": 0,
        "operatingExpenses": 52000000,
        "costAndExpenses": 179600000,
        "interestIncome": 0,
        "interestExpense": 0,
        "depreciationAndAmortization": 44600000,
        "ebitda": 63200000,
        "ebitdaratio": 0.3365282215,
        "operatingIncome": 18600000,
        "operatingIncomeRatio": 0.0990415335,
        "totalOtherIncomeExpensesNet": 0,
        "incomeBeforeTax": 18600000,
        "incomeBeforeTaxRatio": 0.0990415335,
        "incomeTaxExpense": 6600000,
        "netIncome": 12000000,
        "netIncomeRatio": 0.0638977636,
        "eps": 0.0912,
        "epsdiluted": 0.0912,
        "weightedAverageShsOut": 131600000,
        "weightedAverageShsOutDil": 131600000,
        "link": "https://www.sec.gov/Archives/edgar/data/949039/000095012902004056/0000950129-02-004056-index.htm",
        "finalLink": "https://www.sec.gov/Archives/edgar/data/949039/000095012902004056/h98954e10vq.txt"
    },
    {
        "date": "2002-03-31",
        "symbol": "DO",
        "reportedCurrency": "USD",
        "cik": "0000949039",
        "fillingDate": "2002-05-07",
        "acceptedDate": "2002-05-07 14:31:57",
        "calendarYear": "2002",
        "period": "Q1",
        "revenue": 201600000,
        "costOfRevenue": 128200000,
        "grossProfit": 73400000,
        "grossProfitRatio": 0.3640873016,
        "researchAndDevelopmentExpenses": 0,
        "generalAndAdministrativeExpenses": 6600000,
        "sellingAndMarketingExpenses": 42700000,
        "sellingGeneralAndAdministrativeExpenses": 49300000,
        "otherExpenses": 0,
        "operatingExpenses": 49300000,
        "costAndExpenses": 177500000,
        "interestIncome": 0,
        "interestExpense": 0,
        "depreciationAndAmortization": 42700000,
        "ebitda": 75200000,
        "ebitdaratio": 0.373015873,
        "operatingIncome": 32500000,
        "operatingIncomeRatio": 0.1612103175,
        "totalOtherIncomeExpensesNet": 0,
        "incomeBeforeTax": 32500000,
        "incomeBeforeTaxRatio": 0.1612103175,
        "incomeTaxExpense": 9900000,
        "netIncome": 22600000,
        "netIncomeRatio": 0.1121031746,
        "eps": 0.15,
        "epsdiluted": 0.15,
        "weightedAverageShsOut": 146600000,
        "weightedAverageShsOutDil": 146600000,
        "link": "https://www.sec.gov/Archives/edgar/data/949039/000095012902002309/0000950129-02-002309-index.htm",
        "finalLink": "https://www.sec.gov/Archives/edgar/data/949039/000095012902002309/h96592e10-q.txt"
    },
    {
        "date": "2001-12-31",
        "symbol": "DO",
        "reportedCurrency": "USD",
        "cik": "0000949039",
        "fillingDate": "2002-03-18",
        "acceptedDate": "2002-03-18 00:00:00",
        "calendarYear": "2001",
        "period": "Q4",
        "revenue": 261100000,
        "costOfRevenue": 164700000,
        "grossProfit": 96400000,
        "grossProfitRatio": 0.3692072003,
        "researchAndDevelopmentExpenses": 0,
        "generalAndAdministrativeExpenses": 6500000,
        "sellingAndMarketingExpenses": 55800000,
        "sellingGeneralAndAdministrativeExpenses": 62300000,
        "otherExpenses": 0,
        "operatingExpenses": 62300000,
        "costAndExpenses": 227000000,
        "interestIncome": 0,
        "interestExpense": 0,
        "depreciationAndAmortization": 43100000,
        "ebitda": 104300000,
        "ebitdaratio": 0.399463807,
        "operatingIncome": 61200000,
        "operatingIncomeRatio": 0.2343929529,
        "totalOtherIncomeExpensesNet": 0,
        "incomeBeforeTax": 61200000,
        "incomeBeforeTaxRatio": 0.2343929529,
        "incomeTaxExpense": 21400000,
        "netIncome": 39800000,
        "netIncomeRatio": 0.1524320184,
        "eps": 0.3,
        "epsdiluted": 0.3,
        "weightedAverageShsOut": 132700000,
        "weightedAverageShsOutDil": 132700000,
        "link": "https://www.sec.gov/Archives/edgar/data/949039/000095012902001334/0000950129-02-001334-index.htm",
        "finalLink": "https://www.sec.gov/Archives/edgar/data/949039/000095012902001334/h94633e10-k405.txt"
    },
    {
        "date": "2001-09-30",
        "symbol": "DO",
        "reportedCurrency": "USD",
        "cik": "0000949039",
        "fillingDate": "2001-11-07",
        "acceptedDate": "2001-11-07 00:00:00",
        "calendarYear": "2001",
        "period": "Q3",
        "revenue": 230600000,
        "costOfRevenue": 115700000,
        "grossProfit": 114900000,
        "grossProfitRatio": 0.4982653946,
        "researchAndDevelopmentExpenses": 0,
        "generalAndAdministrativeExpenses": 6100000,
        "sellingAndMarketingExpenses": 43000000,
        "sellingGeneralAndAdministrativeExpenses": 49100000,
        "otherExpenses": 0,
        "operatingExpenses": 49100000,
        "costAndExpenses": 164800000,
        "interestIncome": 0,
        "interestExpense": 0,
        "depreciationAndAmortization": 43200000,
        "ebitda": 122600000,
        "ebitdaratio": 0.5316565481,
        "operatingIncome": 79400000,
        "operatingIncomeRatio": 0.3443191674,
        "totalOtherIncomeExpensesNet": 0,
        "incomeBeforeTax": 79400000,
        "incomeBeforeTaxRatio": 0.3443191674,
        "incomeTaxExpense": 26000000,
        "netIncome": 53400000,
        "netIncomeRatio": 0.2315698179,
        "eps": 0.36,
        "epsdiluted": 0.36,
        "weightedAverageShsOut": 149400000,
        "weightedAverageShsOutDil": 149400000,
        "link": "https://www.sec.gov/Archives/edgar/data/949039/000095012901503817/0000950129-01-503817-index.htm",
        "finalLink": "https://www.sec.gov/Archives/edgar/data/949039/000095012901503817/h91865e10-q.txt"
    },
    {
        "date": "2001-06-30",
        "symbol": "DO",
        "reportedCurrency": "USD",
        "cik": "0000949039",
        "fillingDate": "2001-08-06",
        "acceptedDate": "2001-08-06 00:00:00",
        "calendarYear": "2001",
        "period": "Q2",
        "revenue": 227300000,
        "costOfRevenue": 114600000,
        "grossProfit": 112700000,
        "grossProfitRatio": 0.4958205015,
        "researchAndDevelopmentExpenses": 0,
        "generalAndAdministrativeExpenses": 6100000,
        "sellingAndMarketingExpenses": 35300000,
        "sellingGeneralAndAdministrativeExpenses": 41400000,
        "otherExpenses": 0,
        "operatingExpenses": 41400000,
        "costAndExpenses": 156000000,
        "interestIncome": 0,
        "interestExpense": 0,
        "depreciationAndAmortization": 42100000,
        "ebitda": 107300000,
        "ebitdaratio": 0.4720633524,
        "operatingIncome": 65200000,
        "operatingIncomeRatio": 0.2868455785,
        "totalOtherIncomeExpensesNet": -100000,
        "incomeBeforeTax": 65100000,
        "incomeBeforeTaxRatio": 0.2864056313,
        "incomeTaxExpense": 21400000,
        "netIncome": 43700000,
        "netIncomeRatio": 0.1922569292,
        "eps": 0.31,
        "epsdiluted": 0.31,
        "weightedAverageShsOut": 142300000,
        "weightedAverageShsOutDil": 142300000,
        "link": "https://www.sec.gov/Archives/edgar/data/949039/000095012901502310/0000950129-01-502310-index.htm",
        "finalLink": "https://www.sec.gov/Archives/edgar/data/949039/000095012901502310/h89514e10-q.txt"
    },
    {
        "date": "2001-03-31",
        "symbol": "DO",
        "reportedCurrency": "USD",
        "cik": "0000949039",
        "fillingDate": "2001-05-04",
        "acceptedDate": "2001-05-04 00:00:00",
        "calendarYear": "2001",
        "period": "Q1",
        "revenue": 205200000,
        "costOfRevenue": 108700000,
        "grossProfit": 96500000,
        "grossProfitRatio": 0.4702729045,
        "researchAndDevelopmentExpenses": 0,
        "generalAndAdministrativeExpenses": 6900000,
        "sellingAndMarketingExpenses": 35400000,
        "sellingGeneralAndAdministrativeExpenses": 42300000,
        "otherExpenses": 0,
        "operatingExpenses": 42300000,
        "costAndExpenses": 151000000,
        "interestIncome": 0,
        "interestExpense": 0,
        "depreciationAndAmortization": 41600000,
        "ebitda": 96200000,
        "ebitdaratio": 0.4688109162,
        "operatingIncome": 54600000,
        "operatingIncomeRatio": 0.2660818713,
        "totalOtherIncomeExpensesNet": 100000,
        "incomeBeforeTax": 54700000,
        "incomeBeforeTaxRatio": 0.2665692008,
        "incomeTaxExpense": 17800000,
        "netIncome": 36900000,
        "netIncomeRatio": 0.1798245614,
        "eps": 0.26,
        "epsdiluted": 0.26,
        "weightedAverageShsOut": 143000000,
        "weightedAverageShsOutDil": 143000000,
        "link": "https://www.sec.gov/Archives/edgar/data/949039/000095012901500396/0000950129-01-500396-index.htm",
        "finalLink": "https://www.sec.gov/Archives/edgar/data/949039/000095012901500396/h86719e10-q.txt"
    },
    {
        "date": "2000-12-31",
        "symbol": "DO",
        "reportedCurrency": "USD",
        "cik": "0000949039",
        "fillingDate": "2001-03-08",
        "acceptedDate": "2001-03-08 00:00:00",
        "calendarYear": "2000",
        "period": "Q4",
        "revenue": 190900000,
        "costOfRevenue": 118100000,
        "grossProfit": 72800000,
        "grossProfitRatio": 0.3813514929,
        "researchAndDevelopmentExpenses": 0,
        "generalAndAdministrativeExpenses": 6000000,
        "sellingAndMarketingExpenses": 34900000,
        "sellingGeneralAndAdministrativeExpenses": 40900000,
        "otherExpenses": 0,
        "operatingExpenses": 40900000,
        "costAndExpenses": 159000000,
        "interestIncome": 0,
        "interestExpense": 0,
        "depreciationAndAmortization": 35100000,
        "ebitda": 78800000,
        "ebitdaratio": 0.412781561,
        "operatingIncome": 43700000,
        "operatingIncomeRatio": 0.2289156627,
        "totalOtherIncomeExpensesNet": 0,
        "incomeBeforeTax": 43700000,
        "incomeBeforeTaxRatio": 0.2289156627,
        "incomeTaxExpense": 15000000,
        "netIncome": 28700000,
        "netIncomeRatio": 0.1503404924,
        "eps": 0.19,
        "epsdiluted": 0.19,
        "weightedAverageShsOut": 150800000,
        "weightedAverageShsOutDil": 150800000,
        "link": "https://www.sec.gov/Archives/edgar/data/949039/000095012901001295/0000950129-01-001295-index.htm",
        "finalLink": "https://www.sec.gov/Archives/edgar/data/949039/000095012901001295/h84648e10-k.txt"
    },
    {
        "date": "2000-09-30",
        "symbol": "DO",
        "reportedCurrency": "USD",
        "cik": "0000949039",
        "fillingDate": "2000-11-03",
        "acceptedDate": "2000-11-03 00:00:00",
        "calendarYear": "2000",
        "period": "Q3",
        "revenue": 157300000,
        "costOfRevenue": 111300000,
        "grossProfit": 46000000,
        "grossProfitRatio": 0.2924348379,
        "researchAndDevelopmentExpenses": 0,
        "generalAndAdministrativeExpenses": 5900000,
        "sellingAndMarketingExpenses": 36900000,
        "sellingGeneralAndAdministrativeExpenses": 42800000,
        "otherExpenses": 0,
        "operatingExpenses": 42800000,
        "costAndExpenses": 154100000,
        "interestIncome": 0,
        "interestExpense": 0,
        "depreciationAndAmortization": 37000000,
        "ebitda": 53100000,
        "ebitdaratio": 0.3375715194,
        "operatingIncome": 16100000,
        "operatingIncomeRatio": 0.1023521933,
        "totalOtherIncomeExpensesNet": 0,
        "incomeBeforeTax": 16100000,
        "incomeBeforeTaxRatio": 0.1023521933,
        "incomeTaxExpense": 5600000,
        "netIncome": 10500000,
        "netIncomeRatio": 0.0667514304,
        "eps": 0.0775,
        "epsdiluted": 0.0775,
        "weightedAverageShsOut": 135500000,
        "weightedAverageShsOutDil": 135500000,
        "link": "https://www.sec.gov/Archives/edgar/data/949039/000095012900005244/0000950129-00-005244-index.htm",
        "finalLink": "https://www.sec.gov/Archives/edgar/data/949039/000095012900005244/h81364e10-q.txt"
    },
    {
        "date": "2000-06-30",
        "symbol": "DO",
        "reportedCurrency": "USD",
        "cik": "0000949039",
        "fillingDate": "2000-08-08",
        "acceptedDate": "2000-08-08 00:00:00",
        "calendarYear": "2000",
        "period": "Q2",
        "revenue": 143300000,
        "costOfRevenue": 102900000,
        "grossProfit": 40400000,
        "grossProfitRatio": 0.2819260293,
        "researchAndDevelopmentExpenses": 0,
        "generalAndAdministrativeExpenses": 5900000,
        "sellingAndMarketingExpenses": 36600000,
        "sellingGeneralAndAdministrativeExpenses": 42500000,
        "otherExpenses": 0,
        "operatingExpenses": 42500000,
        "costAndExpenses": 145400000,
        "interestIncome": 0,
        "interestExpense": 0,
        "depreciationAndAmortization": 36600000,
        "ebitda": 42200000,
        "ebitdaratio": 0.29448709,
        "operatingIncome": 5600000,
        "operatingIncomeRatio": 0.0390788555,
        "totalOtherIncomeExpensesNet": 100000,
        "incomeBeforeTax": 5700000,
        "incomeBeforeTaxRatio": 0.0397766923,
        "incomeTaxExpense": 2000000,
        "netIncome": 3700000,
        "netIncomeRatio": 0.0258199581,
        "eps": 0.0273,
        "epsdiluted": 0.0273,
        "weightedAverageShsOut": 135500000,
        "weightedAverageShsOutDil": 135500000,
        "link": "https://www.sec.gov/Archives/edgar/data/949039/000095012900003979/0000950129-00-003979-index.htm",
        "finalLink": "https://www.sec.gov/Archives/edgar/data/949039/000095012900003979/e10-q.txt"
    },
    {
        "date": "2000-03-31",
        "symbol": "DO",
        "reportedCurrency": "USD",
        "cik": "0000949039",
        "fillingDate": "2000-05-12",
        "acceptedDate": "2000-05-12 00:00:00",
        "calendarYear": "2000",
        "period": "Q1",
        "revenue": 167800000,
        "costOfRevenue": 100800000,
        "grossProfit": 67000000,
        "grossProfitRatio": 0.3992848629,
        "researchAndDevelopmentExpenses": 0,
        "generalAndAdministrativeExpenses": 6000000,
        "sellingAndMarketingExpenses": 22900000,
        "sellingGeneralAndAdministrativeExpenses": 28900000,
        "otherExpenses": 0,
        "operatingExpenses": 28900000,
        "costAndExpenses": 129700000,
        "interestIncome": 0,
        "interestExpense": 0,
        "depreciationAndAmortization": 36900000,
        "ebitda": 82300000,
        "ebitdaratio": 0.4904648391,
        "operatingIncome": 45400000,
        "operatingIncomeRatio": 0.2705601907,
        "totalOtherIncomeExpensesNet": 0,
        "incomeBeforeTax": 45400000,
        "incomeBeforeTaxRatio": 0.2705601907,
        "incomeTaxExpense": 15900000,
        "netIncome": 29500000,
        "netIncomeRatio": 0.1758045292,
        "eps": 0.2,
        "epsdiluted": 0.2,
        "weightedAverageShsOut": 145600000,
        "weightedAverageShsOutDil": 145600000,
        "link": "https://www.sec.gov/Archives/edgar/data/949039/000095012900002382/0000950129-00-002382-index.html",
        "finalLink": "https://www.sec.gov/Archives/edgar/data/949039/000095012900002382/"
    },
    {
        "date": "1999-12-31",
        "symbol": "DO",
        "reportedCurrency": "USD",
        "cik": "0000949039",
        "fillingDate": "2000-03-07",
        "acceptedDate": "2000-03-07 00:00:00",
        "calendarYear": "1999",
        "period": "Q4",
        "revenue": 170900000,
        "costOfRevenue": 106900000,
        "grossProfit": 64000000,
        "grossProfitRatio": 0.3744880047,
        "researchAndDevelopmentExpenses": 0,
        "generalAndAdministrativeExpenses": 5600000,
        "sellingAndMarketingExpenses": 35400000,
        "sellingGeneralAndAdministrativeExpenses": 41000000,
        "otherExpenses": 0,
        "operatingExpenses": 41000000,
        "costAndExpenses": 147900000,
        "interestIncome": 0,
        "interestExpense": 0,
        "depreciationAndAmortization": 35600000,
        "ebitda": 56200000,
        "ebitdaratio": 0.3288472791,
        "operatingIncome": 20600000,
        "operatingIncomeRatio": 0.1205383265,
        "totalOtherIncomeExpensesNet": 0,
        "incomeBeforeTax": 20600000,
        "incomeBeforeTaxRatio": 0.1205383265,
        "incomeTaxExpense": 7400000,
        "netIncome": 13200000,
        "netIncomeRatio": 0.077238151,
        "eps": 0.0906,
        "epsdiluted": 0.0906,
        "weightedAverageShsOut": 145700000,
        "weightedAverageShsOutDil": 145700000,
        "link": "https://www.sec.gov/Archives/edgar/data/949039/000095012900000956/0000950129-00-000956-index.html",
        "finalLink": "https://www.sec.gov/Archives/edgar/data/949039/000095012900000956/"
    },
    {
        "date": "1999-09-30",
        "symbol": "DO",
        "reportedCurrency": "USD",
        "cik": "0000949039",
        "fillingDate": "1999-11-02",
        "acceptedDate": "1999-11-02 00:00:00",
        "calendarYear": "1999",
        "period": "Q3",
        "revenue": 206700000,
        "costOfRevenue": 115100000,
        "grossProfit": 91600000,
        "grossProfitRatio": 0.4431543299,
        "researchAndDevelopmentExpenses": 0,
        "generalAndAdministrativeExpenses": 5400000,
        "sellingAndMarketingExpenses": 36000000,
        "sellingGeneralAndAdministrativeExpenses": 41400000,
        "otherExpenses": 0,
        "operatingExpenses": 41400000,
        "costAndExpenses": 156500000,
        "interestIncome": 0,
        "interestExpense": 0,
        "depreciationAndAmortization": 36000000,
        "ebitda": 94200000,
        "ebitdaratio": 0.4557329463,
        "operatingIncome": 58200000,
        "operatingIncomeRatio": 0.2815674891,
        "totalOtherIncomeExpensesNet": 0,
        "incomeBeforeTax": 58200000,
        "incomeBeforeTaxRatio": 0.2815674891,
        "incomeTaxExpense": 20400000,
        "netIncome": 37800000,
        "netIncomeRatio": 0.18287373,
        "eps": 0.26,
        "epsdiluted": 0.26,
        "weightedAverageShsOut": 145700000,
        "weightedAverageShsOutDil": 145700000,
        "link": "https://www.sec.gov/Archives/edgar/data/949039/000095012999004727/0000950129-99-004727-index.html",
        "finalLink": "https://www.sec.gov/Archives/edgar/data/949039/000095012999004727/"
    },
    {
        "date": "1999-06-30",
        "symbol": "DO",
        "reportedCurrency": "USD",
        "cik": "0000949039",
        "fillingDate": "1999-07-30",
        "acceptedDate": "1999-07-30 00:00:00",
        "calendarYear": "1999",
        "period": "Q2",
        "revenue": 215300000,
        "costOfRevenue": 98800000,
        "grossProfit": 116500000,
        "grossProfitRatio": 0.5411054343,
        "researchAndDevelopmentExpenses": 0,
        "generalAndAdministrativeExpenses": 5900000,
        "sellingAndMarketingExpenses": 35700000,
        "sellingGeneralAndAdministrativeExpenses": 41600000,
        "otherExpenses": 0,
        "operatingExpenses": 41600000,
        "costAndExpenses": 140400000,
        "interestIncome": 0,
        "interestExpense": 0,
        "depreciationAndAmortization": 35700000,
        "ebitda": 117500000,
        "ebitdaratio": 0.5457501161,
        "operatingIncome": 81800000,
        "operatingIncomeRatio": 0.3799349745,
        "totalOtherIncomeExpensesNet": 100000,
        "incomeBeforeTax": 81900000,
        "incomeBeforeTaxRatio": 0.3803994426,
        "incomeTaxExpense": 28600000,
        "netIncome": 53300000,
        "netIncomeRatio": 0.247561542,
        "eps": 0.37,
        "epsdiluted": 0.37,
        "weightedAverageShsOut": 145700000,
        "weightedAverageShsOutDil": 145700000,
        "link": "https://www.sec.gov/Archives/edgar/data/949039/000095012999003372/0000950129-99-003372-index.html",
        "finalLink": "https://www.sec.gov/Archives/edgar/data/949039/000095012999003372/"
    },
    {
        "date": "1999-03-31",
        "symbol": "DO",
        "reportedCurrency": "USD",
        "cik": "0000949039",
        "fillingDate": "1999-04-29",
        "acceptedDate": "1999-04-29 00:00:00",
        "calendarYear": "1999",
        "period": "Q1",
        "revenue": 228000000,
        "costOfRevenue": 110700000,
        "grossProfit": 117300000,
        "grossProfitRatio": 0.5144736842,
        "researchAndDevelopmentExpenses": 0,
        "generalAndAdministrativeExpenses": 6000000,
        "sellingAndMarketingExpenses": 35600000,
        "sellingGeneralAndAdministrativeExpenses": 41600000,
        "otherExpenses": 0,
        "operatingExpenses": 41600000,
        "costAndExpenses": 152300000,
        "interestIncome": 0,
        "interestExpense": 0,
        "depreciationAndAmortization": 35700000,
        "ebitda": 115400000,
        "ebitdaratio": 0.5061403509,
        "operatingIncome": 79700000,
        "operatingIncomeRatio": 0.3495614035,
        "totalOtherIncomeExpensesNet": 0,
        "incomeBeforeTax": 79700000,
        "incomeBeforeTaxRatio": 0.3495614035,
        "incomeTaxExpense": 27900000,
        "netIncome": 51800000,
        "netIncomeRatio": 0.2271929825,
        "eps": 0.36,
        "epsdiluted": 0.36,
        "weightedAverageShsOut": 145700000,
        "weightedAverageShsOutDil": 145700000,
        "link": "https://www.sec.gov/Archives/edgar/data/949039/000095012999001830/0000950129-99-001830-index.html",
        "finalLink": "https://www.sec.gov/Archives/edgar/data/949039/"
    },
    {
        "date": "1998-12-31",
        "symbol": "DO",
        "reportedCurrency": "USD",
        "cik": "0000949039",
        "fillingDate": "1999-03-01",
        "acceptedDate": "1999-03-01 00:00:00",
        "calendarYear": "1998",
        "period": "Q4",
        "revenue": 283400000,
        "costOfRevenue": 126700000,
        "grossProfit": 156700000,
        "grossProfitRatio": 0.5529287227,
        "researchAndDevelopmentExpenses": 0,
        "generalAndAdministrativeExpenses": 6300000,
        "sellingAndMarketingExpenses": 32200000,
        "sellingGeneralAndAdministrativeExpenses": 38500000,
        "otherExpenses": 0,
        "operatingExpenses": 38500000,
        "costAndExpenses": 165200000,
        "interestIncome": 0,
        "interestExpense": 0,
        "depreciationAndAmortization": 32200000,
        "ebitda": 158200000,
        "ebitdaratio": 0.5582215949,
        "operatingIncome": 126000000,
        "operatingIncomeRatio": 0.4446012703,
        "totalOtherIncomeExpensesNet": -99999,
        "incomeBeforeTax": 125900000,
        "incomeBeforeTaxRatio": 0.4442484121,
        "incomeTaxExpense": 43400000,
        "netIncome": 82500000,
        "netIncomeRatio": 0.2911079746,
        "eps": 0.57,
        "epsdiluted": 0.57,
        "weightedAverageShsOut": 145700000,
        "weightedAverageShsOutDil": 145700000,
        "link": "https://www.sec.gov/Archives/edgar/data/949039/000095012999000730/0000950129-99-000730-index.html",
        "finalLink": "https://www.sec.gov/Archives/edgar/data/949039/"
    },
    {
        "date": "1998-09-30",
        "symbol": "DO",
        "reportedCurrency": "USD",
        "cik": "0000949039",
        "fillingDate": "1998-11-03",
        "acceptedDate": "1998-11-03 00:00:00",
        "calendarYear": "1998",
        "period": "Q3",
        "revenue": 315800000,
        "costOfRevenue": 116500000,
        "grossProfit": 199300000,
        "grossProfitRatio": 0.6310956301,
        "researchAndDevelopmentExpenses": 0,
        "generalAndAdministrativeExpenses": 6000000,
        "sellingAndMarketingExpenses": 33000000,
        "sellingGeneralAndAdministrativeExpenses": 39000000,
        "otherExpenses": 0,
        "operatingExpenses": 39000000,
        "costAndExpenses": 155500000,
        "interestIncome": 0,
        "interestExpense": 0,
        "depreciationAndAmortization": 33400000,
        "ebitda": 200600000,
        "ebitdaratio": 0.6352121596,
        "operatingIncome": 167200000,
        "operatingIncomeRatio": 0.5294490184,
        "totalOtherIncomeExpensesNet": 0,
        "incomeBeforeTax": 167200000,
        "incomeBeforeTaxRatio": 0.5294490184,
        "incomeTaxExpense": 58500000,
        "netIncome": 108700000,
        "netIncomeRatio": 0.3442051932,
        "eps": 0.74,
        "epsdiluted": 0.74,
        "weightedAverageShsOut": 147500000,
        "weightedAverageShsOutDil": 147500000,
        "link": "https://www.sec.gov/Archives/edgar/data/949039/000095012998004483/0000950129-98-004483-index.html",
        "finalLink": "https://www.sec.gov/Archives/edgar/data/949039/"
    },
    {
        "date": "1998-06-30",
        "symbol": "DO",
        "reportedCurrency": "USD",
        "cik": "0000949039",
        "fillingDate": "1998-07-30",
        "acceptedDate": "1998-07-30 00:00:00",
        "calendarYear": "1998",
        "period": "Q2",
        "revenue": 323500000,
        "costOfRevenue": 116100000,
        "grossProfit": 207400000,
        "grossProfitRatio": 0.6411128284,
        "researchAndDevelopmentExpenses": 0,
        "generalAndAdministrativeExpenses": 6200000,
        "sellingAndMarketingExpenses": 32800000,
        "sellingGeneralAndAdministrativeExpenses": 39000000,
        "otherExpenses": 0,
        "operatingExpenses": 39000000,
        "costAndExpenses": 155100000,
        "interestIncome": 0,
        "interestExpense": 0,
        "depreciationAndAmortization": 32700000,
        "ebitda": 205200000,
        "ebitdaratio": 0.6343122102,
        "operatingIncome": 172500000,
        "operatingIncomeRatio": 0.5332302937,
        "totalOtherIncomeExpensesNet": -100000,
        "incomeBeforeTax": 172400000,
        "incomeBeforeTaxRatio": 0.5329211747,
        "incomeTaxExpense": 60800000,
        "netIncome": 111600000,
        "netIncomeRatio": 0.3449768161,
        "eps": 0.75,
        "epsdiluted": 0.75,
        "weightedAverageShsOut": 149200000,
        "weightedAverageShsOutDil": 149200000,
        "link": "https://www.sec.gov/Archives/edgar/data/949039/000095012998003199/0000950129-98-003199-index.html",
        "finalLink": "https://www.sec.gov/Archives/edgar/data/949039/"
    },
    {
        "date": "1998-03-31",
        "symbol": "DO",
        "reportedCurrency": "USD",
        "cik": "0000949039",
        "fillingDate": "1998-04-29",
        "acceptedDate": "1998-04-29 00:00:00",
        "calendarYear": "1998",
        "period": "Q1",
        "revenue": 286100000,
        "costOfRevenue": 125300000,
        "grossProfit": 160800000,
        "grossProfitRatio": 0.5620412443,
        "researchAndDevelopmentExpenses": 0,
        "generalAndAdministrativeExpenses": 6800000,
        "sellingAndMarketingExpenses": 31900000,
        "sellingGeneralAndAdministrativeExpenses": 38700000,
        "otherExpenses": 0,
        "operatingExpenses": 38700000,
        "costAndExpenses": 164000000,
        "interestIncome": 0,
        "interestExpense": 0,
        "depreciationAndAmortization": 32000000,
        "ebitda": 156600000,
        "ebitdaratio": 0.5473610626,
        "operatingIncome": 124600000,
        "operatingIncomeRatio": 0.4355120587,
        "totalOtherIncomeExpensesNet": 0,
        "incomeBeforeTax": 124600000,
        "incomeBeforeTaxRatio": 0.4355120587,
        "incomeTaxExpense": 43900000,
        "netIncome": 80700000,
        "netIncomeRatio": 0.2820692066,
        "eps": 0.54,
        "epsdiluted": 0.54,
        "weightedAverageShsOut": 149200000,
        "weightedAverageShsOutDil": 149200000,
        "link": "https://www.sec.gov/Archives/edgar/data/949039/000095012998001795/0000950129-98-001795-index.html",
        "finalLink": "https://www.sec.gov/Archives/edgar/data/949039/"
    },
    {
        "date": "1997-12-31",
        "symbol": "DO",
        "reportedCurrency": "USD",
        "cik": "0000949039",
        "fillingDate": "1998-03-20",
        "acceptedDate": "1998-03-20 00:00:00",
        "calendarYear": "1997",
        "period": "Q4",
        "revenue": 272300000,
        "costOfRevenue": 118500000,
        "grossProfit": 153800000,
        "grossProfitRatio": 0.5648182152,
        "researchAndDevelopmentExpenses": 0,
        "generalAndAdministrativeExpenses": 7700000,
        "sellingAndMarketingExpenses": 25800000,
        "sellingGeneralAndAdministrativeExpenses": 33500000,
        "otherExpenses": 0,
        "operatingExpenses": 33500000,
        "costAndExpenses": 152000000,
        "interestIncome": 0,
        "interestExpense": 0,
        "depreciationAndAmortization": 26700000,
        "ebitda": 150000000,
        "ebitdaratio": 0.5508630187,
        "operatingIncome": 123300000,
        "operatingIncomeRatio": 0.4528094014,
        "totalOtherIncomeExpensesNet": 0,
        "incomeBeforeTax": 123300000,
        "incomeBeforeTaxRatio": 0.4528094014,
        "incomeTaxExpense": 44000000,
        "netIncome": 79300000,
        "netIncomeRatio": 0.2912229159,
        "eps": 0.54,
        "epsdiluted": 0.54,
        "weightedAverageShsOut": 148100000,
        "weightedAverageShsOutDil": 148100000,
        "link": "https://www.sec.gov/Archives/edgar/data/949039/000095012998001127/0000950129-98-001127-index.html",
        "finalLink": "https://www.sec.gov/Archives/edgar/data/949039/"
    },
    {
        "date": "1997-09-30",
        "symbol": "DO",
        "reportedCurrency": "USD",
        "cik": "0000949039",
        "fillingDate": "1997-10-28",
        "acceptedDate": "1997-10-28 00:00:00",
        "calendarYear": "1997",
        "period": "Q3",
        "revenue": 250500000,
        "costOfRevenue": 99900000,
        "grossProfit": 150600000,
        "grossProfitRatio": 0.6011976048,
        "researchAndDevelopmentExpenses": 0,
        "generalAndAdministrativeExpenses": 5000000,
        "sellingAndMarketingExpenses": 28600000,
        "sellingGeneralAndAdministrativeExpenses": 33600000,
        "otherExpenses": 0,
        "operatingExpenses": 33600000,
        "costAndExpenses": 133500000,
        "interestIncome": 0,
        "interestExpense": 0,
        "depreciationAndAmortization": 28600000,
        "ebitda": 147900000,
        "ebitdaratio": 0.5904191617,
        "operatingIncome": 119300000,
        "operatingIncomeRatio": 0.476247505,
        "totalOtherIncomeExpensesNet": 0,
        "incomeBeforeTax": 119300000,
        "incomeBeforeTaxRatio": 0.476247505,
        "incomeTaxExpense": 41500000,
        "netIncome": 77800000,
        "netIncomeRatio": 0.3105788423,
        "eps": 0.52,
        "epsdiluted": 0.52,
        "weightedAverageShsOut": 149200000,
        "weightedAverageShsOutDil": 149200000,
        "link": "https://www.sec.gov/Archives/edgar/data/949039/000095012997004410/0000950129-97-004410-index.html",
        "finalLink": "https://www.sec.gov/Archives/edgar/data/949039/"
    },
    {
        "date": "1997-06-30",
        "symbol": "DO",
        "reportedCurrency": "USD",
        "cik": "0000949039",
        "fillingDate": "1997-07-29",
        "acceptedDate": "1997-07-29 00:00:00",
        "calendarYear": "1997",
        "period": "Q2",
        "revenue": 228500000,
        "costOfRevenue": 98200000,
        "grossProfit": 130300000,
        "grossProfitRatio": 0.5702407002,
        "researchAndDevelopmentExpenses": 0,
        "generalAndAdministrativeExpenses": 4900000,
        "sellingAndMarketingExpenses": 27200000,
        "sellingGeneralAndAdministrativeExpenses": 32100000,
        "otherExpenses": 0,
        "operatingExpenses": 32100000,
        "costAndExpenses": 130300000,
        "interestIncome": 0,
        "interestExpense": 0,
        "depreciationAndAmortization": 27200000,
        "ebitda": 127600000,
        "ebitdaratio": 0.5584245077,
        "operatingIncome": 100400000,
        "operatingIncomeRatio": 0.4393873085,
        "totalOtherIncomeExpensesNet": 0,
        "incomeBeforeTax": 100400000,
        "incomeBeforeTaxRatio": 0.4393873085,
        "incomeTaxExpense": 35200000,
        "netIncome": 65200000,
        "netIncomeRatio": 0.2853391685,
        "eps": 0.44,
        "epsdiluted": 0.44,
        "weightedAverageShsOut": 148700000,
        "weightedAverageShsOutDil": 148700000,
        "link": "https://www.sec.gov/Archives/edgar/data/949039/000095012997002979/0000950129-97-002979-index.html",
        "finalLink": "https://www.sec.gov/Archives/edgar/data/949039/"
    },
    {
        "date": "1997-03-31",
        "symbol": "DO",
        "reportedCurrency": "USD",
        "cik": "0000949039",
        "fillingDate": "1997-04-28",
        "acceptedDate": "1997-04-28 00:00:00",
        "calendarYear": "1997",
        "period": "Q1",
        "revenue": 204700000,
        "costOfRevenue": 89700000,
        "grossProfit": 115000000,
        "grossProfitRatio": 0.5617977528,
        "researchAndDevelopmentExpenses": 0,
        "generalAndAdministrativeExpenses": 4900000,
        "sellingAndMarketingExpenses": 25800000,
        "sellingGeneralAndAdministrativeExpenses": 30700000,
        "otherExpenses": 0,
        "operatingExpenses": 30700000,
        "costAndExpenses": 120400000,
        "interestIncome": 0,
        "interestExpense": 0,
        "depreciationAndAmortization": 25800000,
        "ebitda": 112800000,
        "ebitdaratio": 0.5510503175,
        "operatingIncome": 87000000,
        "operatingIncomeRatio": 0.425012213,
        "totalOtherIncomeExpensesNet": 0,
        "incomeBeforeTax": 87000000,
        "incomeBeforeTaxRatio": 0.425012213,
        "incomeTaxExpense": 30800000,
        "netIncome": 56200000,
        "netIncomeRatio": 0.2745481192,
        "eps": 0.39,
        "epsdiluted": 0.39,
        "weightedAverageShsOut": 142800000,
        "weightedAverageShsOutDil": 142800000,
        "link": "https://www.sec.gov/Archives/edgar/data/949039/000095012997001734/0000950129-97-001734-index.html",
        "finalLink": "https://www.sec.gov/Archives/edgar/data/949039/"
    },
    {
        "date": "1996-12-31",
        "symbol": "DO",
        "reportedCurrency": "USD",
        "cik": "0000949039",
        "fillingDate": "1997-03-03",
        "acceptedDate": "1997-03-03 00:00:00",
        "calendarYear": "1996",
        "period": "Q4",
        "revenue": 187000000,
        "costOfRevenue": 99500000,
        "grossProfit": 87500000,
        "grossProfitRatio": 0.4679144385,
        "researchAndDevelopmentExpenses": 0,
        "generalAndAdministrativeExpenses": 5000000,
        "sellingAndMarketingExpenses": -1200000.0000000028,
        "sellingGeneralAndAdministrativeExpenses": 3800000,
        "otherExpenses": 0,
        "operatingExpenses": 3800000,
        "costAndExpenses": 103300000,
        "interestIncome": 0,
        "interestExpense": 0,
        "depreciationAndAmortization": 23700000,
        "ebitda": 105600000,
        "ebitdaratio": 0.5647058824,
        "operatingIncome": 81900000,
        "operatingIncomeRatio": 0.4379679144,
        "totalOtherIncomeExpensesNet": 0,
        "incomeBeforeTax": 81900000,
        "incomeBeforeTaxRatio": 0.4379679144,
        "incomeTaxExpense": 25700000,
        "netIncome": 56200000,
        "netIncomeRatio": 0.3005347594,
        "eps": 0.41,
        "epsdiluted": 0.41,
        "weightedAverageShsOut": 137000000,
        "weightedAverageShsOutDil": 137000000,
        "link": "https://www.sec.gov/Archives/edgar/data/949039/000095012997000828/0000950129-97-000828-index.html",
        "finalLink": "https://www.sec.gov/Archives/edgar/data/949039/"
    },
    {
        "date": "1996-09-30",
        "symbol": "DO",
        "reportedCurrency": "USD",
        "cik": "0000949039",
        "fillingDate": "1996-11-12",
        "acceptedDate": "1996-11-12 00:00:00",
        "calendarYear": "1996",
        "period": "Q3",
        "revenue": 170600000,
        "costOfRevenue": 94400000,
        "grossProfit": 76200000,
        "grossProfitRatio": 0.4466588511,
        "researchAndDevelopmentExpenses": 0,
        "generalAndAdministrativeExpenses": 4100000,
        "sellingAndMarketingExpenses": 14600000,
        "sellingGeneralAndAdministrativeExpenses": 18700000,
        "otherExpenses": 0,
        "operatingExpenses": 18700000,
        "costAndExpenses": 113100000,
        "interestIncome": 0,
        "interestExpense": 0,
        "depreciationAndAmortization": 21600000,
        "ebitda": 79500000,
        "ebitdaratio": 0.4660023447,
        "operatingIncome": 57900000,
        "operatingIncomeRatio": 0.3393903869,
        "totalOtherIncomeExpensesNet": 0,
        "incomeBeforeTax": 57900000,
        "incomeBeforeTaxRatio": 0.3393903869,
        "incomeTaxExpense": 19400000,
        "netIncome": 38500000,
        "netIncomeRatio": 0.2256740914,
        "eps": 0.28,
        "epsdiluted": 0.28,
        "weightedAverageShsOut": 136600000,
        "weightedAverageShsOutDil": 136600000,
        "link": "https://www.sec.gov/Archives/edgar/data/949039/000095012996002850/0000950129-96-002850-index.html",
        "finalLink": "https://www.sec.gov/Archives/edgar/data/949039/"
    },
    {
        "date": "1996-06-30",
        "symbol": "DO",
        "reportedCurrency": "USD",
        "cik": "0000949039",
        "fillingDate": "1996-07-29",
        "acceptedDate": "1996-07-29 00:00:00",
        "calendarYear": "1996",
        "period": "Q2",
        "revenue": 147000000,
        "costOfRevenue": 81600000,
        "grossProfit": 65400000,
        "grossProfitRatio": 0.4448979592,
        "researchAndDevelopmentExpenses": 0,
        "generalAndAdministrativeExpenses": 3400000,
        "sellingAndMarketingExpenses": 15400000,
        "sellingGeneralAndAdministrativeExpenses": 18800000,
        "otherExpenses": 0,
        "operatingExpenses": 18800000,
        "costAndExpenses": 100400000,
        "interestIncome": 0,
        "interestExpense": 0,
        "depreciationAndAmortization": 18400000,
        "ebitda": 65200000,
        "ebitdaratio": 0.443537415,
        "operatingIncome": 46800000,
        "operatingIncomeRatio": 0.3183673469,
        "totalOtherIncomeExpensesNet": 0,
        "incomeBeforeTax": 46800000,
        "incomeBeforeTaxRatio": 0.3183673469,
        "incomeTaxExpense": 13800000,
        "netIncome": 33000000,
        "netIncomeRatio": 0.2244897959,
        "eps": 0.27,
        "epsdiluted": 0.27,
        "weightedAverageShsOut": 124300000,
        "weightedAverageShsOutDil": 124300000,
        "link": "https://www.sec.gov/Archives/edgar/data/949039/000095012996001608/0000950129-96-001608-index.html",
        "finalLink": "https://www.sec.gov/Archives/edgar/data/949039/"
    }
]