[
    {
        "date": "2025-06-30",
        "symbol": "DPL",
        "reportedCurrency": "USD",
        "cik": "0000787250",
        "fillingDate": "2025-08-01",
        "acceptedDate": "2025-08-01 17:04:05",
        "calendarYear": "2025",
        "period": "Q2",
        "revenue": 229900000,
        "costOfRevenue": 118300000,
        "grossProfit": 111600000,
        "grossProfitRatio": 0.4854284472,
        "researchAndDevelopmentExpenses": 0,
        "generalAndAdministrativeExpenses": 0,
        "sellingAndMarketingExpenses": 0,
        "sellingGeneralAndAdministrativeExpenses": 0,
        "otherExpenses": 87400000,
        "operatingExpenses": 87400000,
        "costAndExpenses": 205700000,
        "interestIncome": 0,
        "interestExpense": 19900000,
        "depreciationAndAmortization": 29600000,
        "ebitda": 54800000,
        "ebitdaratio": 0.2383645063,
        "operatingIncome": 24200000,
        "operatingIncomeRatio": 0.1052631579,
        "totalOtherIncomeExpensesNet": -18900000,
        "incomeBeforeTax": 5300000,
        "incomeBeforeTaxRatio": 0.0230535015,
        "incomeTaxExpense": 3000000,
        "netIncome": 2300000,
        "netIncomeRatio": 0.0100043497,
        "eps": 0,
        "epsdiluted": 0,
        "weightedAverageShsOut": 0,
        "weightedAverageShsOutDil": 0,
        "link": "https://www.sec.gov/Archives/edgar/data/787250/000078725025000028/0000787250-25-000028-index.htm",
        "finalLink": "https://www.sec.gov/Archives/edgar/data/787250/000078725025000028/dpl-20250630.htm"
    },
    {
        "date": "2025-03-31",
        "symbol": "DPL",
        "reportedCurrency": "USD",
        "cik": "0000787250",
        "fillingDate": "2025-05-01",
        "acceptedDate": "2025-05-01 16:52:42",
        "calendarYear": "2025",
        "period": "Q1",
        "revenue": 254300000,
        "costOfRevenue": 128800000,
        "grossProfit": 125500000,
        "grossProfitRatio": 0.4935116005,
        "researchAndDevelopmentExpenses": 0,
        "generalAndAdministrativeExpenses": 0,
        "sellingAndMarketingExpenses": 0,
        "sellingGeneralAndAdministrativeExpenses": 0,
        "otherExpenses": 97300000,
        "operatingExpenses": 97300000,
        "costAndExpenses": 226100000,
        "interestIncome": 0,
        "interestExpense": 23900000,
        "depreciationAndAmortization": 29200000,
        "ebitda": 56800000,
        "ebitdaratio": 0.2233582383,
        "operatingIncome": 28200000,
        "operatingIncomeRatio": 0.1108926465,
        "totalOtherIncomeExpensesNet": 0,
        "incomeBeforeTax": 3700000,
        "incomeBeforeTaxRatio": 0.0145497444,
        "incomeTaxExpense": 1000000,
        "netIncome": 2700000,
        "netIncomeRatio": 0.010617381,
        "eps": 0,
        "epsdiluted": 0,
        "weightedAverageShsOut": 0,
        "weightedAverageShsOutDil": 0,
        "link": "https://www.sec.gov/Archives/edgar/data/787250/000078725025000021/0000787250-25-000021-index.htm",
        "finalLink": "https://www.sec.gov/Archives/edgar/data/27430/000078725025000021/dpl-20250331.htm"
    },
    {
        "date": "2024-12-31",
        "symbol": "DPL",
        "reportedCurrency": "USD",
        "cik": "0000787250",
        "fillingDate": "2025-03-05",
        "acceptedDate": "2025-03-04 21:10:12",
        "calendarYear": "2024",
        "period": "Q4",
        "revenue": 331700000,
        "costOfRevenue": 464300000,
        "grossProfit": -132600000,
        "grossProfitRatio": -0.3997588182,
        "researchAndDevelopmentExpenses": 0,
        "generalAndAdministrativeExpenses": 0,
        "sellingAndMarketingExpenses": 0,
        "sellingGeneralAndAdministrativeExpenses": 386400000,
        "otherExpenses": 0,
        "operatingExpenses": 386400000,
        "costAndExpenses": 850700000,
        "interestIncome": 0,
        "interestExpense": 140700000,
        "depreciationAndAmortization": 32600000,
        "ebitda": -51100000,
        "ebitdaratio": -0.1540548689,
        "operatingIncome": 7300000,
        "operatingIncomeRatio": 0.0220078384,
        "totalOtherIncomeExpensesNet": -24500000,
        "incomeBeforeTax": -17200000,
        "incomeBeforeTaxRatio": -0.051854085,
        "incomeTaxExpense": 16100000,
        "netIncome": -67500000,
        "netIncomeRatio": -0.203497136,
        "eps": -0.0654,
        "epsdiluted": -0.0654,
        "weightedAverageShsOut": 0,
        "weightedAverageShsOutDil": 0,
        "link": "https://www.sec.gov/Archives/edgar/data/787250/000078725025000012/0000787250-25-000012-index.htm",
        "finalLink": "https://www.sec.gov/Archives/edgar/data/27430/000078725025000012/dpl-20241231.htm"
    },
    {
        "date": "2020-03-31",
        "symbol": "DPL",
        "reportedCurrency": "USD",
        "cik": "0000787250",
        "fillingDate": "2020-05-07",
        "acceptedDate": "2020-05-06 17:41:19",
        "calendarYear": "2020",
        "period": "Q1",
        "revenue": 174700000,
        "costOfRevenue": 4000000,
        "grossProfit": 170700000,
        "grossProfitRatio": 0.9771036062,
        "researchAndDevelopmentExpenses": 0,
        "generalAndAdministrativeExpenses": 0,
        "sellingAndMarketingExpenses": 0,
        "sellingGeneralAndAdministrativeExpenses": 130900000,
        "otherExpenses": 0,
        "operatingExpenses": 130900000,
        "costAndExpenses": 154500000,
        "interestIncome": 0,
        "interestExpense": 18900000,
        "depreciationAndAmortization": 17800000,
        "ebitda": 38100000,
        "ebitdaratio": 0.2180881511,
        "operatingIncome": 20200000,
        "operatingIncomeRatio": 0.1156267888,
        "totalOtherIncomeExpensesNet": -19800000,
        "incomeBeforeTax": 400000,
        "incomeBeforeTaxRatio": 0.0022896394,
        "incomeTaxExpense": -500000,
        "netIncome": 1900000,
        "netIncomeRatio": 0.0108757871,
        "eps": 0.0015,
        "epsdiluted": 0.0015,
        "weightedAverageShsOut": 1241258000,
        "weightedAverageShsOutDil": 1241258000,
        "link": "https://www.sec.gov/Archives/edgar/data/27430/000078725020000025/0000787250-20-000025-index.html",
        "finalLink": "https://www.sec.gov/Archives/edgar/data/27430/000078725020000025/dpl10q20200331q1.htm"
    },
    {
        "date": "2019-12-31",
        "symbol": "DPL",
        "reportedCurrency": "USD",
        "cik": "0000787250",
        "fillingDate": "2020-02-28",
        "acceptedDate": "2020-02-27 18:17:15",
        "calendarYear": "2019",
        "period": "Q4",
        "revenue": 171100000,
        "costOfRevenue": 3000000,
        "grossProfit": 168100000,
        "grossProfitRatio": 0.9824663939,
        "researchAndDevelopmentExpenses": 0,
        "generalAndAdministrativeExpenses": 0,
        "sellingAndMarketingExpenses": 0,
        "sellingGeneralAndAdministrativeExpenses": 126500000,
        "otherExpenses": 0,
        "operatingExpenses": 126500000,
        "costAndExpenses": 152000000,
        "interestIncome": 0,
        "interestExpense": 18500000,
        "depreciationAndAmortization": 20200000,
        "ebitda": 73500000,
        "ebitdaratio": 0.4295733489,
        "operatingIncome": 19100000,
        "operatingIncomeRatio": 0.1116306254,
        "totalOtherIncomeExpensesNet": -18000000,
        "incomeBeforeTax": 1100000,
        "incomeBeforeTaxRatio": 0.0064289889,
        "incomeTaxExpense": -9200000,
        "netIncome": 44000000,
        "netIncomeRatio": 0.2571595558,
        "eps": 0.0354,
        "epsdiluted": 0.0354,
        "weightedAverageShsOut": 1241258000,
        "weightedAverageShsOutDil": 1241258000,
        "link": "https://www.sec.gov/Archives/edgar/data/27430/000078725020000005/0000787250-20-000005-index.html",
        "finalLink": "https://www.sec.gov/Archives/edgar/data/27430/000078725020000005/dpl10k12312019q4.htm"
    },
    {
        "date": "2019-09-30",
        "symbol": "DPL",
        "reportedCurrency": "USD",
        "cik": "0000787250",
        "fillingDate": "2019-11-06",
        "acceptedDate": "2019-11-05 17:47:22",
        "calendarYear": "2019",
        "period": "Q3",
        "revenue": 199000000,
        "costOfRevenue": 6000000,
        "grossProfit": 193000000,
        "grossProfitRatio": 0.9698492462,
        "researchAndDevelopmentExpenses": 0,
        "generalAndAdministrativeExpenses": 0,
        "sellingAndMarketingExpenses": 0,
        "sellingGeneralAndAdministrativeExpenses": 129000000,
        "otherExpenses": 0,
        "operatingExpenses": 129000000,
        "costAndExpenses": 154500000,
        "interestIncome": 0,
        "interestExpense": 18300000,
        "depreciationAndAmortization": 24600000,
        "ebitda": 68900000,
        "ebitdaratio": 0.3462311558,
        "operatingIncome": 44500000,
        "operatingIncomeRatio": 0.2236180905,
        "totalOtherIncomeExpensesNet": -18000000,
        "incomeBeforeTax": 26500000,
        "incomeBeforeTaxRatio": 0.1331658291,
        "incomeTaxExpense": -9400000,
        "netIncome": 35400000,
        "netIncomeRatio": 0.1778894472,
        "eps": 0.0285,
        "epsdiluted": 0.0285,
        "weightedAverageShsOut": 1241258000,
        "weightedAverageShsOutDil": 1241258000,
        "link": "https://www.sec.gov/Archives/edgar/data/787250/000078725019000044/0000787250-19-000044-index.html",
        "finalLink": "https://www.sec.gov/Archives/edgar/data/27430/000078725019000044/dpl10q20190930q3.htm"
    },
    {
        "date": "2019-06-30",
        "symbol": "DPL",
        "reportedCurrency": "USD",
        "cik": "0000787250",
        "fillingDate": "2019-08-06",
        "acceptedDate": "2019-08-05 18:37:11",
        "calendarYear": "2019",
        "period": "Q2",
        "revenue": 184200000,
        "costOfRevenue": 70000000,
        "grossProfit": 114200000,
        "grossProfitRatio": 0.6199782845,
        "researchAndDevelopmentExpenses": 0,
        "generalAndAdministrativeExpenses": 0,
        "sellingAndMarketingExpenses": 0,
        "sellingGeneralAndAdministrativeExpenses": 181300000,
        "otherExpenses": 0,
        "operatingExpenses": 181300000,
        "costAndExpenses": 141800000,
        "interestIncome": 0,
        "interestExpense": 21700000,
        "depreciationAndAmortization": 17000000,
        "ebitda": 10800000,
        "ebitdaratio": 0.0586319218,
        "operatingIncome": 42400000,
        "operatingIncomeRatio": 0.230184582,
        "totalOtherIncomeExpensesNet": -64400000,
        "incomeBeforeTax": -22000000,
        "incomeBeforeTaxRatio": -0.1194353963,
        "incomeTaxExpense": 0,
        "netIncome": -22000000,
        "netIncomeRatio": -0.1194353963,
        "eps": -0.0177,
        "epsdiluted": -0.0177,
        "weightedAverageShsOut": 1241258000,
        "weightedAverageShsOutDil": 1241258000,
        "link": "https://www.sec.gov/Archives/edgar/data/787250/000078725019000038/0000787250-19-000038-index.html",
        "finalLink": "https://www.sec.gov/Archives/edgar/data/27430/000078725019000038/dpl10q20190630q2.htm"
    },
    {
        "date": "2019-03-31",
        "symbol": "DPL",
        "reportedCurrency": "USD",
        "cik": "0000787250",
        "fillingDate": "2019-05-07",
        "acceptedDate": "2019-05-06 18:09:07",
        "calendarYear": "2019",
        "period": "Q1",
        "revenue": 209000000,
        "costOfRevenue": 77700000,
        "grossProfit": 131300000,
        "grossProfitRatio": 0.6282296651,
        "researchAndDevelopmentExpenses": 0,
        "generalAndAdministrativeExpenses": 0,
        "sellingAndMarketingExpenses": 0,
        "sellingGeneralAndAdministrativeExpenses": 89800000,
        "otherExpenses": 0,
        "operatingExpenses": 89800000,
        "costAndExpenses": 167500000,
        "interestIncome": 0,
        "interestExpense": 23700000,
        "depreciationAndAmortization": -3100000,
        "ebitda": 65400000,
        "ebitdaratio": 0.3129186603,
        "operatingIncome": 41500000,
        "operatingIncomeRatio": 0.1985645933,
        "totalOtherIncomeExpensesNet": -22300000,
        "incomeBeforeTax": 19200000,
        "incomeBeforeTaxRatio": 0.0918660287,
        "incomeTaxExpense": 2700000,
        "netIncome": 42100000,
        "netIncomeRatio": 0.2014354067,
        "eps": 0.0339,
        "epsdiluted": 0.0339,
        "weightedAverageShsOut": 1241258000,
        "weightedAverageShsOutDil": 1241258000,
        "link": "https://www.sec.gov/Archives/edgar/data/27430/000078725019000021/0000787250-19-000021-index.html",
        "finalLink": "https://www.sec.gov/Archives/edgar/data/27430/000078725019000021/dpl10q20190331q1.htm"
    },
    {
        "date": "2018-12-31",
        "symbol": "DPL",
        "reportedCurrency": "USD",
        "cik": "0000787250",
        "fillingDate": "2019-02-27",
        "acceptedDate": "2019-02-26 18:45:20",
        "calendarYear": "2018",
        "period": "Q4",
        "revenue": 184400000,
        "costOfRevenue": 70900000,
        "grossProfit": 113500000,
        "grossProfitRatio": 0.6155097614,
        "researchAndDevelopmentExpenses": 0,
        "generalAndAdministrativeExpenses": 0,
        "sellingAndMarketingExpenses": 0,
        "sellingGeneralAndAdministrativeExpenses": 71700000,
        "otherExpenses": 0,
        "operatingExpenses": 71700000,
        "costAndExpenses": 142600000,
        "interestIncome": 0,
        "interestExpense": 23600000,
        "depreciationAndAmortization": -6700000,
        "ebitda": 44800000,
        "ebitdaratio": 0.2429501085,
        "operatingIncome": 41800000,
        "operatingIncomeRatio": 0.226681128,
        "totalOtherIncomeExpensesNet": -23600000,
        "incomeBeforeTax": 18200000,
        "incomeBeforeTaxRatio": 0.0986984816,
        "incomeTaxExpense": -800000,
        "netIncome": 28700000,
        "netIncomeRatio": 0.1556399132,
        "eps": 0.0231,
        "epsdiluted": 0.0231,
        "weightedAverageShsOut": 1241258000,
        "weightedAverageShsOutDil": 1241258000,
        "link": "https://www.sec.gov/Archives/edgar/data/27430/000078725019000013/0000787250-19-000013-index.html",
        "finalLink": "https://www.sec.gov/Archives/edgar/data/27430/000078725019000013/dpl10k12312018q4.htm"
    },
    {
        "date": "2018-09-30",
        "symbol": "DPL",
        "reportedCurrency": "USD",
        "cik": "0000787250",
        "fillingDate": "2018-11-06",
        "acceptedDate": "2018-11-05 17:47:58",
        "calendarYear": "2018",
        "period": "Q3",
        "revenue": 207700000,
        "costOfRevenue": 88200000,
        "grossProfit": 119500000,
        "grossProfitRatio": 0.5753490611,
        "researchAndDevelopmentExpenses": 0,
        "generalAndAdministrativeExpenses": 0,
        "sellingAndMarketingExpenses": 0,
        "sellingGeneralAndAdministrativeExpenses": 77600000,
        "otherExpenses": 0,
        "operatingExpenses": 77600000,
        "costAndExpenses": 165800000,
        "interestIncome": 0,
        "interestExpense": 22600000,
        "depreciationAndAmortization": 20800000,
        "ebitda": 67500000,
        "ebitdaratio": 0.3249879634,
        "operatingIncome": 41900000,
        "operatingIncomeRatio": 0.2017332691,
        "totalOtherIncomeExpensesNet": -22100000,
        "incomeBeforeTax": 19800000,
        "incomeBeforeTaxRatio": 0.0953298026,
        "incomeTaxExpense": 3100000,
        "netIncome": 21000000,
        "netIncomeRatio": 0.1011073664,
        "eps": 0.0169,
        "epsdiluted": 0.0169,
        "weightedAverageShsOut": 1241258000,
        "weightedAverageShsOutDil": 1241258000,
        "link": "https://www.sec.gov/Archives/edgar/data/787250/000078725018000030/0000787250-18-000030-index.html",
        "finalLink": "https://www.sec.gov/Archives/edgar/data/27430/000078725018000030/dpl10q20180930q3.htm"
    },
    {
        "date": "2018-06-30",
        "symbol": "DPL",
        "reportedCurrency": "USD",
        "cik": "0000787250",
        "fillingDate": "2018-08-07",
        "acceptedDate": "2018-08-06 18:05:45",
        "calendarYear": "2018",
        "period": "Q2",
        "revenue": 90600000,
        "costOfRevenue": 31800000,
        "grossProfit": 58800000,
        "grossProfitRatio": 0.6490066225,
        "researchAndDevelopmentExpenses": 0,
        "generalAndAdministrativeExpenses": 0,
        "sellingAndMarketingExpenses": 0,
        "sellingGeneralAndAdministrativeExpenses": 56100000,
        "otherExpenses": 0,
        "operatingExpenses": 56100000,
        "costAndExpenses": 87900000,
        "interestIncome": 0,
        "interestExpense": 51000000,
        "depreciationAndAmortization": 21500000,
        "ebitda": 70800000,
        "ebitdaratio": 0.7814569536,
        "operatingIncome": 2700000,
        "operatingIncomeRatio": 0.0298013245,
        "totalOtherIncomeExpensesNet": -28700000,
        "incomeBeforeTax": -26000000,
        "incomeBeforeTaxRatio": -0.2869757174,
        "incomeTaxExpense": -5200000,
        "netIncome": 3500000,
        "netIncomeRatio": 0.0386313466,
        "eps": 0.0028,
        "epsdiluted": 0.0028,
        "weightedAverageShsOut": 1241258000,
        "weightedAverageShsOutDil": 1241258000,
        "link": "https://www.sec.gov/Archives/edgar/data/787250/000078725018000022/0000787250-18-000022-index.html",
        "finalLink": "https://www.sec.gov/Archives/edgar/data/27430/000078725018000022/dpl10q20180630q2.htm"
    },
    {
        "date": "2018-03-31",
        "symbol": "DPL",
        "reportedCurrency": "USD",
        "cik": "0000787250",
        "fillingDate": "2018-05-08",
        "acceptedDate": "2018-05-08 07:29:20",
        "calendarYear": "2018",
        "period": "Q1",
        "revenue": 293200000,
        "costOfRevenue": 131600000,
        "grossProfit": 161600000,
        "grossProfitRatio": 0.551159618,
        "researchAndDevelopmentExpenses": 0,
        "generalAndAdministrativeExpenses": 0,
        "sellingAndMarketingExpenses": 0,
        "sellingGeneralAndAdministrativeExpenses": 112500000,
        "otherExpenses": 0,
        "operatingExpenses": 112500000,
        "costAndExpenses": 244100000,
        "interestIncome": 0,
        "interestExpense": 800000,
        "depreciationAndAmortization": 20100000,
        "ebitda": 41400000,
        "ebitdaratio": 0.1412005457,
        "operatingIncome": 49100000,
        "operatingIncomeRatio": 0.1674624829,
        "totalOtherIncomeExpensesNet": -28600000,
        "incomeBeforeTax": 20500000,
        "incomeBeforeTaxRatio": 0.0699181446,
        "incomeTaxExpense": 3600000,
        "netIncome": 16900000,
        "netIncomeRatio": 0.0576398363,
        "eps": 0.0136,
        "epsdiluted": 0.0136,
        "weightedAverageShsOut": 1241258000,
        "weightedAverageShsOutDil": 1241258000,
        "link": "https://www.sec.gov/Archives/edgar/data/27430/000078725018000015/0000787250-18-000015-index.html",
        "finalLink": "https://www.sec.gov/Archives/edgar/data/27430/000078725018000015/dpl10q20180331q1.htm"
    },
    {
        "date": "2017-12-31",
        "symbol": "DPL",
        "reportedCurrency": "USD",
        "cik": "0000787250",
        "fillingDate": "2018-02-27",
        "acceptedDate": "2018-02-26 18:59:23",
        "calendarYear": "2017",
        "period": "Q4",
        "revenue": 4200000,
        "costOfRevenue": 121000000,
        "grossProfit": -116800000,
        "grossProfitRatio": -27.8095238095,
        "researchAndDevelopmentExpenses": 0,
        "generalAndAdministrativeExpenses": 0,
        "sellingAndMarketingExpenses": 0,
        "sellingGeneralAndAdministrativeExpenses": 216800000,
        "otherExpenses": 0,
        "operatingExpenses": 216800000,
        "costAndExpenses": 338000000,
        "interestIncome": 0,
        "interestExpense": 28600000,
        "depreciationAndAmortization": 28800000,
        "ebitda": -23800000,
        "ebitdaratio": -5.6666666667,
        "operatingIncome": -159000000,
        "operatingIncomeRatio": -37.8571428571,
        "totalOtherIncomeExpensesNet": 86000000,
        "incomeBeforeTax": -73000000,
        "incomeBeforeTaxRatio": -17.380952381,
        "incomeTaxExpense": 0,
        "netIncome": -73000000,
        "netIncomeRatio": -17.380952381,
        "eps": -0.0588,
        "epsdiluted": -0.0588,
        "weightedAverageShsOut": 1241258000,
        "weightedAverageShsOutDil": 1241258000,
        "link": "https://www.sec.gov/Archives/edgar/data/27430/000078725018000008/0000787250-18-000008-index.html",
        "finalLink": "https://www.sec.gov/Archives/edgar/data/27430/000078725018000008/dpl10k12312017q4.htm"
    },
    {
        "date": "2017-09-30",
        "symbol": "DPL",
        "reportedCurrency": "USD",
        "cik": "0000787250",
        "fillingDate": "2017-11-02",
        "acceptedDate": "2017-11-01 18:52:52",
        "calendarYear": "2017",
        "period": "Q3",
        "revenue": 323000000,
        "costOfRevenue": 141000000,
        "grossProfit": 182000000,
        "grossProfitRatio": 0.5634674923,
        "researchAndDevelopmentExpenses": 0,
        "generalAndAdministrativeExpenses": 0,
        "sellingAndMarketingExpenses": 0,
        "sellingGeneralAndAdministrativeExpenses": 123800000,
        "otherExpenses": 0,
        "operatingExpenses": 123800000,
        "costAndExpenses": 264800000,
        "interestIncome": 0,
        "interestExpense": 27200000,
        "depreciationAndAmortization": 27300000,
        "ebitda": 89900000,
        "ebitdaratio": 0.2783281734,
        "operatingIncome": 58800000,
        "operatingIncomeRatio": 0.1820433437,
        "totalOtherIncomeExpensesNet": -30800000,
        "incomeBeforeTax": 28000000,
        "incomeBeforeTaxRatio": 0.0866873065,
        "incomeTaxExpense": 6100000,
        "netIncome": 29300000,
        "netIncomeRatio": 0.0907120743,
        "eps": 0.0236,
        "epsdiluted": 0.0236,
        "weightedAverageShsOut": 1241258000,
        "weightedAverageShsOutDil": 1241258000,
        "link": "https://www.sec.gov/Archives/edgar/data/787250/000078725017000036/0000787250-17-000036-index.html",
        "finalLink": "https://www.sec.gov/Archives/edgar/data/27430/000078725017000036/dpl10q20170930q3.htm"
    },
    {
        "date": "2017-06-30",
        "symbol": "DPL",
        "reportedCurrency": "USD",
        "cik": "0000787250",
        "fillingDate": "2017-08-08",
        "acceptedDate": "2017-08-07 17:40:29",
        "calendarYear": "2017",
        "period": "Q2",
        "revenue": 299000000,
        "costOfRevenue": 166800000,
        "grossProfit": 132200000,
        "grossProfitRatio": 0.4421404682,
        "researchAndDevelopmentExpenses": 0,
        "generalAndAdministrativeExpenses": 0,
        "sellingAndMarketingExpenses": 0,
        "sellingGeneralAndAdministrativeExpenses": 129700000,
        "otherExpenses": 0,
        "operatingExpenses": 129700000,
        "costAndExpenses": 296500000,
        "interestIncome": 0,
        "interestExpense": 27400000,
        "depreciationAndAmortization": 26500000,
        "ebitda": 78300000,
        "ebitdaratio": 0.2618729097,
        "operatingIncome": 37000000,
        "operatingIncomeRatio": 0.1237458194,
        "totalOtherIncomeExpensesNet": -28200000,
        "incomeBeforeTax": 8800000,
        "incomeBeforeTaxRatio": 0.0294314381,
        "incomeTaxExpense": 8300000,
        "netIncome": 16100000,
        "netIncomeRatio": 0.0538461538,
        "eps": 0.013,
        "epsdiluted": 0.013,
        "weightedAverageShsOut": 1241258000,
        "weightedAverageShsOutDil": 1241258000,
        "link": "https://www.sec.gov/Archives/edgar/data/787250/000078725017000026/0000787250-17-000026-index.html",
        "finalLink": "https://www.sec.gov/Archives/edgar/data/27430/000078725017000026/dpl10q20170630q2.htm"
    },
    {
        "date": "2017-03-31",
        "symbol": "DPL",
        "reportedCurrency": "USD",
        "cik": "0000787250",
        "fillingDate": "2017-05-08",
        "acceptedDate": "2017-05-05 17:50:14",
        "calendarYear": "2017",
        "period": "Q1",
        "revenue": 1000000,
        "costOfRevenue": 156000000,
        "grossProfit": -155000000,
        "grossProfitRatio": -155,
        "researchAndDevelopmentExpenses": 0,
        "generalAndAdministrativeExpenses": 0,
        "sellingAndMarketingExpenses": 0,
        "sellingGeneralAndAdministrativeExpenses": 223100000,
        "otherExpenses": 0,
        "operatingExpenses": 223100000,
        "costAndExpenses": 56300000,
        "interestIncome": 0,
        "interestExpense": 26900000,
        "depreciationAndAmortization": 28000000,
        "ebitda": -59600000,
        "ebitdaratio": -59.6,
        "operatingIncome": -55000000,
        "operatingIncomeRatio": -55,
        "totalOtherIncomeExpensesNet": -28000000,
        "incomeBeforeTax": -83000000,
        "incomeBeforeTaxRatio": -83,
        "incomeTaxExpense": 0,
        "netIncome": -83000000,
        "netIncomeRatio": -83,
        "eps": -0.0669,
        "epsdiluted": -0.0669,
        "weightedAverageShsOut": 1241258000,
        "weightedAverageShsOutDil": 1241258000,
        "link": "https://www.sec.gov/Archives/edgar/data/27430/000078725017000023/0000787250-17-000023-index.html",
        "finalLink": "https://www.sec.gov/Archives/edgar/data/27430/000078725017000023/dpl10q20170331q1.htm"
    },
    {
        "date": "2016-12-31",
        "symbol": "DPL",
        "reportedCurrency": "USD",
        "cik": "0000787250",
        "fillingDate": "2017-02-27",
        "acceptedDate": "2017-02-24 17:53:33",
        "calendarYear": "2016",
        "period": "Q4",
        "revenue": 1200000,
        "costOfRevenue": 150000000,
        "grossProfit": -148800000,
        "grossProfitRatio": -124,
        "researchAndDevelopmentExpenses": 0,
        "generalAndAdministrativeExpenses": 0,
        "sellingAndMarketingExpenses": 0,
        "sellingGeneralAndAdministrativeExpenses": 768400000,
        "otherExpenses": 0,
        "operatingExpenses": 768400000,
        "costAndExpenses": 573600000,
        "interestIncome": 0,
        "interestExpense": 26800000,
        "depreciationAndAmortization": 37600000,
        "ebitda": -534600000,
        "ebitdaratio": -445.5,
        "operatingIncome": -572000000,
        "operatingIncomeRatio": -476.6666666667,
        "totalOtherIncomeExpensesNet": -27000000,
        "incomeBeforeTax": -599000000,
        "incomeBeforeTaxRatio": -499.1666666667,
        "incomeTaxExpense": 75000000,
        "netIncome": -674000000,
        "netIncomeRatio": -561.6666666667,
        "eps": -0.54,
        "epsdiluted": -0.54,
        "weightedAverageShsOut": 1241258000,
        "weightedAverageShsOutDil": 1241258000,
        "link": "https://www.sec.gov/Archives/edgar/data/27430/000078725017000009/0000787250-17-000009-index.html",
        "finalLink": "https://www.sec.gov/Archives/edgar/data/27430/000078725017000009/dpl10k12312016q4.htm"
    },
    {
        "date": "2016-09-30",
        "symbol": "DPL",
        "reportedCurrency": "USD",
        "cik": "0000787250",
        "fillingDate": "2016-11-04",
        "acceptedDate": "2016-11-03 17:49:04",
        "calendarYear": "2016",
        "period": "Q3",
        "revenue": 1100000,
        "costOfRevenue": 191000000,
        "grossProfit": -189900000,
        "grossProfitRatio": -172.6363636364,
        "researchAndDevelopmentExpenses": 0,
        "generalAndAdministrativeExpenses": 0,
        "sellingAndMarketingExpenses": 0,
        "sellingGeneralAndAdministrativeExpenses": 143300000,
        "otherExpenses": 0,
        "operatingExpenses": 143300000,
        "costAndExpenses": 334000000,
        "interestIncome": 0,
        "interestExpense": 27000000,
        "depreciationAndAmortization": 30900000,
        "ebitda": 100400000,
        "ebitdaratio": 91.2727272727,
        "operatingIncome": 55400000,
        "operatingIncomeRatio": 50.3636363636,
        "totalOtherIncomeExpensesNet": -27600000,
        "incomeBeforeTax": 27800000,
        "incomeBeforeTaxRatio": 25.2727272727,
        "incomeTaxExpense": 12700000,
        "netIncome": 29800000,
        "netIncomeRatio": 27.0909090909,
        "eps": 0.024,
        "epsdiluted": 0.024,
        "weightedAverageShsOut": 1241258000,
        "weightedAverageShsOutDil": 1241258000,
        "link": "https://www.sec.gov/Archives/edgar/data/787250/000078725016000062/0000787250-16-000062-index.html",
        "finalLink": "https://www.sec.gov/Archives/edgar/data/27430/000078725016000062/dpl10q20160930q3.htm"
    },
    {
        "date": "2016-06-30",
        "symbol": "DPL",
        "reportedCurrency": "USD",
        "cik": "0000787250",
        "fillingDate": "2016-08-05",
        "acceptedDate": "2016-08-04 17:39:03",
        "calendarYear": "2016",
        "period": "Q2",
        "revenue": 1100000,
        "costOfRevenue": 157000000,
        "grossProfit": -155900000,
        "grossProfitRatio": -141.7272727273,
        "researchAndDevelopmentExpenses": 0,
        "generalAndAdministrativeExpenses": 0,
        "sellingAndMarketingExpenses": 0,
        "sellingGeneralAndAdministrativeExpenses": 370300000,
        "otherExpenses": 0,
        "operatingExpenses": 370300000,
        "costAndExpenses": 200200000,
        "interestIncome": 0,
        "interestExpense": 26000000,
        "depreciationAndAmortization": 33700000,
        "ebitda": -211300000,
        "ebitdaratio": -192.0909090909,
        "operatingIncome": -198000000,
        "operatingIncomeRatio": -180,
        "totalOtherIncomeExpensesNet": -26000000,
        "incomeBeforeTax": -224000000,
        "incomeBeforeTaxRatio": -203.6363636364,
        "incomeTaxExpense": -105000000,
        "netIncome": -166000000,
        "netIncomeRatio": -150.9090909091,
        "eps": -0.13,
        "epsdiluted": -0.13,
        "weightedAverageShsOut": 1241258000,
        "weightedAverageShsOutDil": 1241258000,
        "link": "https://www.sec.gov/Archives/edgar/data/787250/000078725016000053/0000787250-16-000053-index.html",
        "finalLink": "https://www.sec.gov/Archives/edgar/data/27430/000078725016000053/dpl10q20160630q2.htm"
    },
    {
        "date": "2016-03-31",
        "symbol": "DPL",
        "reportedCurrency": "USD",
        "cik": "0000787250",
        "fillingDate": "2016-05-09",
        "acceptedDate": "2016-05-06 17:55:32",
        "calendarYear": "2016",
        "period": "Q1",
        "revenue": 1200000,
        "costOfRevenue": 188000000,
        "grossProfit": -186800000,
        "grossProfitRatio": -155.6666666667,
        "researchAndDevelopmentExpenses": 0,
        "generalAndAdministrativeExpenses": 0,
        "sellingAndMarketingExpenses": 0,
        "sellingGeneralAndAdministrativeExpenses": 143000000,
        "otherExpenses": 0,
        "operatingExpenses": 143000000,
        "costAndExpenses": 331000000,
        "interestIncome": 0,
        "interestExpense": 26300000,
        "depreciationAndAmortization": 35800000,
        "ebitda": 96200000,
        "ebitdaratio": 80.1666666667,
        "operatingIncome": 32200000,
        "operatingIncomeRatio": 26.8333333333,
        "totalOtherIncomeExpensesNet": -29400000,
        "incomeBeforeTax": 2800000,
        "incomeBeforeTaxRatio": 2.3333333333,
        "incomeTaxExpense": 600000,
        "netIncome": 33500000,
        "netIncomeRatio": 27.9166666667,
        "eps": 0.027,
        "epsdiluted": 0.027,
        "weightedAverageShsOut": 1241258000,
        "weightedAverageShsOutDil": 1241258000,
        "link": "https://www.sec.gov/Archives/edgar/data/27430/000078725016000046/0000787250-16-000046-index.html",
        "finalLink": "https://www.sec.gov/Archives/edgar/data/27430/000078725016000046/dpl10q20160331q1.htm"
    },
    {
        "date": "2015-12-31",
        "symbol": "DPL",
        "reportedCurrency": "USD",
        "cik": "0000787250",
        "fillingDate": "2016-02-24",
        "acceptedDate": "2016-02-23 18:28:38",
        "calendarYear": "2015",
        "period": "Q4",
        "revenue": 1100000,
        "costOfRevenue": 160000000,
        "grossProfit": -158900000,
        "grossProfitRatio": -144.4545454545,
        "researchAndDevelopmentExpenses": 0,
        "generalAndAdministrativeExpenses": 0,
        "sellingAndMarketingExpenses": 0,
        "sellingGeneralAndAdministrativeExpenses": 447200000,
        "otherExpenses": 0,
        "operatingExpenses": 447200000,
        "costAndExpenses": 277000000,
        "interestIncome": 0,
        "interestExpense": 28000000,
        "depreciationAndAmortization": 40600000,
        "ebitda": -222900000,
        "ebitdaratio": -202.6363636364,
        "operatingIncome": -275000000,
        "operatingIncomeRatio": -250,
        "totalOtherIncomeExpensesNet": -28000000,
        "incomeBeforeTax": -303000000,
        "incomeBeforeTaxRatio": -275.4545454545,
        "incomeTaxExpense": 6500000,
        "netIncome": -298000000,
        "netIncomeRatio": -270.9090909091,
        "eps": -0.24,
        "epsdiluted": -0.24,
        "weightedAverageShsOut": 1241258000,
        "weightedAverageShsOutDil": 1241258000,
        "link": "https://www.sec.gov/Archives/edgar/data/27430/000078725016000035/0000787250-16-000035-index.html",
        "finalLink": "https://www.sec.gov/Archives/edgar/data/27430/000078725016000035/dpl10k12312015q4.htm"
    },
    {
        "date": "2015-09-30",
        "symbol": "DPL",
        "reportedCurrency": "USD",
        "cik": "0000787250",
        "fillingDate": "2015-11-05",
        "acceptedDate": "2015-11-04 17:45:06",
        "calendarYear": "2015",
        "period": "Q3",
        "revenue": 1200000,
        "costOfRevenue": 217000000,
        "grossProfit": -215800000,
        "grossProfitRatio": -179.8333333333,
        "researchAndDevelopmentExpenses": 0,
        "generalAndAdministrativeExpenses": 0,
        "sellingAndMarketingExpenses": 0,
        "sellingGeneralAndAdministrativeExpenses": 157000000,
        "otherExpenses": 0,
        "operatingExpenses": 157000000,
        "costAndExpenses": 374000000,
        "interestIncome": 0,
        "interestExpense": 28900000,
        "depreciationAndAmortization": 33700000,
        "ebitda": 78100000,
        "ebitdaratio": 65.0833333333,
        "operatingIncome": 40300000,
        "operatingIncomeRatio": 33.5833333333,
        "totalOtherIncomeExpensesNet": -31400000,
        "incomeBeforeTax": 8900000,
        "incomeBeforeTaxRatio": 7.4166666667,
        "incomeTaxExpense": 300000,
        "netIncome": 15200000,
        "netIncomeRatio": 12.6666666667,
        "eps": 0.0122,
        "epsdiluted": 0.0122,
        "weightedAverageShsOut": 1241258000,
        "weightedAverageShsOutDil": 1241258000,
        "link": "https://www.sec.gov/Archives/edgar/data/27430/000078725015000023/0000787250-15-000023-index.html",
        "finalLink": "https://www.sec.gov/Archives/edgar/data/27430/000078725015000023/dpl10q20150930q3.htm"
    },
    {
        "date": "2015-06-30",
        "symbol": "DPL",
        "reportedCurrency": "USD",
        "cik": "0000787250",
        "fillingDate": "2015-08-10",
        "acceptedDate": "2015-08-07 17:40:42",
        "calendarYear": "2015",
        "period": "Q2",
        "revenue": 175000000,
        "costOfRevenue": 175000000,
        "grossProfit": 0,
        "grossProfitRatio": 0,
        "researchAndDevelopmentExpenses": 0,
        "generalAndAdministrativeExpenses": 0,
        "sellingAndMarketingExpenses": 0,
        "sellingGeneralAndAdministrativeExpenses": 144800000,
        "otherExpenses": 0,
        "operatingExpenses": 144800000,
        "costAndExpenses": 320000000,
        "interestIncome": 0,
        "interestExpense": 30900000,
        "depreciationAndAmortization": 34300000,
        "ebitda": 89400000,
        "ebitdaratio": 0.5108571429,
        "operatingIncome": 53100000,
        "operatingIncomeRatio": 0.3034285714,
        "totalOtherIncomeExpensesNet": -30900000,
        "incomeBeforeTax": 22200000,
        "incomeBeforeTaxRatio": 0.1268571429,
        "incomeTaxExpense": 500000,
        "netIncome": 23700000,
        "netIncomeRatio": 0.1354285714,
        "eps": 0.0191,
        "epsdiluted": 0.0191,
        "weightedAverageShsOut": 1241258000,
        "weightedAverageShsOutDil": 1241258000,
        "link": "https://www.sec.gov/Archives/edgar/data/27430/000078725015000019/0000787250-15-000019-index.html",
        "finalLink": "https://www.sec.gov/Archives/edgar/data/27430/000078725015000019/dpl10q20150630q2.htm"
    },
    {
        "date": "2015-03-31",
        "symbol": "DPL",
        "reportedCurrency": "USD",
        "cik": "0000787250",
        "fillingDate": "2015-05-11",
        "acceptedDate": "2015-05-08 17:53:40",
        "calendarYear": "2015",
        "period": "Q1",
        "revenue": 110700000,
        "costOfRevenue": 270000000,
        "grossProfit": -159300000,
        "grossProfitRatio": -1.4390243902,
        "researchAndDevelopmentExpenses": 0,
        "generalAndAdministrativeExpenses": 0,
        "sellingAndMarketingExpenses": 0,
        "sellingGeneralAndAdministrativeExpenses": 151300000,
        "otherExpenses": 0,
        "operatingExpenses": 151300000,
        "costAndExpenses": 38100000,
        "interestIncome": 0,
        "interestExpense": 30500000,
        "depreciationAndAmortization": 35000000,
        "ebitda": 114500000,
        "ebitdaratio": 1.0343270099,
        "operatingIncome": 72600000,
        "operatingIncomeRatio": 0.6558265583,
        "totalOtherIncomeExpensesNet": -31200000,
        "incomeBeforeTax": 41400000,
        "incomeBeforeTaxRatio": 0.3739837398,
        "incomeTaxExpense": 12700000,
        "netIncome": 36300000,
        "netIncomeRatio": 0.3279132791,
        "eps": 0.0292,
        "epsdiluted": 0.0292,
        "weightedAverageShsOut": 1241258000,
        "weightedAverageShsOutDil": 1241258000,
        "link": "https://www.sec.gov/Archives/edgar/data/27430/000078725015000010/0000787250-15-000010-index.html",
        "finalLink": "https://www.sec.gov/Archives/edgar/data/27430/000078725015000010/c250-20150331x10q.htm"
    },
    {
        "date": "2014-12-31",
        "symbol": "DPL",
        "reportedCurrency": "USD",
        "cik": "0000787250",
        "fillingDate": "2015-02-26",
        "acceptedDate": "2015-02-25 19:18:41",
        "calendarYear": "2014",
        "period": "Q4",
        "revenue": 110500000,
        "costOfRevenue": 195000000,
        "grossProfit": -84500000,
        "grossProfitRatio": -0.7647058824,
        "researchAndDevelopmentExpenses": 0,
        "generalAndAdministrativeExpenses": 0,
        "sellingAndMarketingExpenses": 0,
        "sellingGeneralAndAdministrativeExpenses": 147000000,
        "otherExpenses": 0,
        "operatingExpenses": 147000000,
        "costAndExpenses": 342000000,
        "interestIncome": 0,
        "interestExpense": -61900000,
        "depreciationAndAmortization": 5200000,
        "ebitda": -8400000,
        "ebitdaratio": -0.0760180995,
        "operatingIncome": 178200000,
        "operatingIncomeRatio": 1.6126696833,
        "totalOtherIncomeExpensesNet": 63600000,
        "incomeBeforeTax": 241800000,
        "incomeBeforeTaxRatio": 2.1882352941,
        "incomeTaxExpense": 10000000,
        "netIncome": 38300000,
        "netIncomeRatio": 0.3466063348,
        "eps": 0.0309,
        "epsdiluted": 0.0309,
        "weightedAverageShsOut": 1241258000,
        "weightedAverageShsOutDil": 1241258000,
        "link": "https://www.sec.gov/Archives/edgar/data/787250/000078725015000005/0000787250-15-000005-index.htm",
        "finalLink": "https://www.sec.gov/Archives/edgar/data/787250/000078725015000005/c250-20141231x10k.htm"
    },
    {
        "date": "2014-09-30",
        "symbol": "DPL",
        "reportedCurrency": "USD",
        "cik": "0000787250",
        "fillingDate": "2014-11-06",
        "acceptedDate": "2014-11-05 17:40:55",
        "calendarYear": "2014",
        "period": "Q3",
        "revenue": 185900000,
        "costOfRevenue": 240000000,
        "grossProfit": -54100000,
        "grossProfitRatio": -0.2910166756,
        "researchAndDevelopmentExpenses": 0,
        "generalAndAdministrativeExpenses": 0,
        "sellingAndMarketingExpenses": 0,
        "sellingGeneralAndAdministrativeExpenses": 149700000,
        "otherExpenses": 0,
        "operatingExpenses": 149700000,
        "costAndExpenses": 95500000,
        "interestIncome": 0,
        "interestExpense": 33100000,
        "depreciationAndAmortization": 34900000,
        "ebitda": 79900000,
        "ebitdaratio": 0.4298009683,
        "operatingIncome": 90400000,
        "operatingIncomeRatio": 0.4862829478,
        "totalOtherIncomeExpensesNet": -33000000,
        "incomeBeforeTax": 57400000,
        "incomeBeforeTaxRatio": 0.3087681549,
        "incomeTaxExpense": -41000000,
        "netIncome": 52900000,
        "netIncomeRatio": 0.2845615923,
        "eps": 0.0426,
        "epsdiluted": 0.0426,
        "weightedAverageShsOut": 1241258000,
        "weightedAverageShsOutDil": 1241258000,
        "link": "https://www.sec.gov/Archives/edgar/data/27430/000078725014000037/0000787250-14-000037-index.html",
        "finalLink": "https://www.sec.gov/Archives/edgar/data/27430/000078725014000037/c250-20140930x10q.htm"
    },
    {
        "date": "2014-06-30",
        "symbol": "DPL",
        "reportedCurrency": "USD",
        "cik": "0000787250",
        "fillingDate": "2014-08-07",
        "acceptedDate": "2014-08-06 18:11:13",
        "calendarYear": "2014",
        "period": "Q2",
        "revenue": 159700000,
        "costOfRevenue": 199000000,
        "grossProfit": -39300000,
        "grossProfitRatio": -0.246086412,
        "researchAndDevelopmentExpenses": 0,
        "generalAndAdministrativeExpenses": 0,
        "sellingAndMarketingExpenses": 0,
        "sellingGeneralAndAdministrativeExpenses": 151400000,
        "otherExpenses": 0,
        "operatingExpenses": 151400000,
        "costAndExpenses": 120500000,
        "interestIncome": 0,
        "interestExpense": 31900000,
        "depreciationAndAmortization": 34200000,
        "ebitda": 51800000,
        "ebitdaratio": 0.3243581716,
        "operatingIncome": 39200000,
        "operatingIncomeRatio": 0.2454602379,
        "totalOtherIncomeExpensesNet": -33500000,
        "incomeBeforeTax": 5700000,
        "incomeBeforeTaxRatio": 0.0356919224,
        "incomeTaxExpense": -28000000,
        "netIncome": 13700000,
        "netIncomeRatio": 0.0857858485,
        "eps": 0.011,
        "epsdiluted": 0.011,
        "weightedAverageShsOut": 1241258000,
        "weightedAverageShsOutDil": 1241258000,
        "link": "https://www.sec.gov/Archives/edgar/data/27430/000078725014000023/0000787250-14-000023-index.html",
        "finalLink": "https://www.sec.gov/Archives/edgar/data/27430/000078725014000023/c250-20140630x10q.htm"
    },
    {
        "date": "2014-03-31",
        "symbol": "DPL",
        "reportedCurrency": "USD",
        "cik": "0000787250",
        "fillingDate": "2014-05-08",
        "acceptedDate": "2014-05-07 17:42:45",
        "calendarYear": "2014",
        "period": "Q1",
        "revenue": 31000000,
        "costOfRevenue": 264000000,
        "grossProfit": -233000000,
        "grossProfitRatio": -7.5161290323,
        "researchAndDevelopmentExpenses": 0,
        "generalAndAdministrativeExpenses": 0,
        "sellingAndMarketingExpenses": 0,
        "sellingGeneralAndAdministrativeExpenses": 314900000,
        "otherExpenses": 0,
        "operatingExpenses": 314900000,
        "costAndExpenses": 150000000,
        "interestIncome": 0,
        "interestExpense": 30800000,
        "depreciationAndAmortization": 35600000,
        "ebitda": 174400000,
        "ebitdaratio": 5.6258064516,
        "operatingIncome": -119000000,
        "operatingIncomeRatio": -3.8387096774,
        "totalOtherIncomeExpensesNet": -31000000,
        "incomeBeforeTax": -150000000,
        "incomeBeforeTaxRatio": -4.8387096774,
        "incomeTaxExpense": 98800000,
        "netIncome": 9200000,
        "netIncomeRatio": 0.2967741935,
        "eps": 0.0074,
        "epsdiluted": 0.0074,
        "weightedAverageShsOut": 1241258000,
        "weightedAverageShsOutDil": 1241258000,
        "link": "https://www.sec.gov/Archives/edgar/data/27430/000078725014000017/0000787250-14-000017-index.html",
        "finalLink": "https://www.sec.gov/Archives/edgar/data/27430/000078725014000017/c250-20140331x10q.htm"
    },
    {
        "date": "2013-12-31",
        "symbol": "DPL",
        "reportedCurrency": "USD",
        "cik": "0000787250",
        "fillingDate": "2014-03-05",
        "acceptedDate": "2014-03-04 17:39:15",
        "calendarYear": "2013",
        "period": "Q4",
        "revenue": 25700000,
        "costOfRevenue": 201000000,
        "grossProfit": -175300000,
        "grossProfitRatio": -6.8210116732,
        "researchAndDevelopmentExpenses": 0,
        "generalAndAdministrativeExpenses": 0,
        "sellingAndMarketingExpenses": 0,
        "sellingGeneralAndAdministrativeExpenses": 207500000,
        "otherExpenses": 0,
        "operatingExpenses": 207500000,
        "costAndExpenses": 74900000,
        "interestIncome": 0,
        "interestExpense": -53900000,
        "depreciationAndAmortization": 5300000,
        "ebitda": -343600000,
        "ebitdaratio": -13.3696498054,
        "operatingIncome": -259000000,
        "operatingIncomeRatio": -10.0778210117,
        "totalOtherIncomeExpensesNet": 264400000,
        "incomeBeforeTax": 5400000,
        "incomeBeforeTaxRatio": 0.2101167315,
        "incomeTaxExpense": -20000000,
        "netIncome": -275000000,
        "netIncomeRatio": -10.7003891051,
        "eps": -0.22,
        "epsdiluted": -0.22,
        "weightedAverageShsOut": 1241258000,
        "weightedAverageShsOutDil": 1241258000,
        "link": "https://www.sec.gov/Archives/edgar/data/787250/000078725014000011/0000787250-14-000011-index.htm",
        "finalLink": "https://www.sec.gov/Archives/edgar/data/787250/000078725014000011/c250-20131231x10k.htm"
    },
    {
        "date": "2013-09-30",
        "symbol": "DPL",
        "reportedCurrency": "USD",
        "cik": "0000787250",
        "fillingDate": "2013-11-07",
        "acceptedDate": "2013-11-06 17:39:40",
        "calendarYear": "2013",
        "period": "Q3",
        "revenue": 30000000,
        "costOfRevenue": 214000000,
        "grossProfit": -184000000,
        "grossProfitRatio": -6.1333333333,
        "researchAndDevelopmentExpenses": 0,
        "generalAndAdministrativeExpenses": 0,
        "sellingAndMarketingExpenses": 0,
        "sellingGeneralAndAdministrativeExpenses": 150600000,
        "otherExpenses": 0,
        "operatingExpenses": 150600000,
        "costAndExpenses": 365000000,
        "interestIncome": 0,
        "interestExpense": 31000000,
        "depreciationAndAmortization": 30900000,
        "ebitda": 113900000,
        "ebitdaratio": 3.7966666667,
        "operatingIncome": 76000000,
        "operatingIncomeRatio": 2.5333333333,
        "totalOtherIncomeExpensesNet": -31500000,
        "incomeBeforeTax": 44500000,
        "incomeBeforeTaxRatio": 1.4833333333,
        "incomeTaxExpense": 11300000,
        "netIncome": 40700000,
        "netIncomeRatio": 1.3566666667,
        "eps": 0.0328,
        "epsdiluted": 0.0328,
        "weightedAverageShsOut": 1241258000,
        "weightedAverageShsOutDil": 1241258000,
        "link": "https://www.sec.gov/Archives/edgar/data/27430/000078725013000044/0000787250-13-000044-index.html",
        "finalLink": "https://www.sec.gov/Archives/edgar/data/27430/000078725013000044/c250-20130930x10q.htm"
    },
    {
        "date": "2013-06-30",
        "symbol": "DPL",
        "reportedCurrency": "USD",
        "cik": "0000787250",
        "fillingDate": "2013-08-08",
        "acceptedDate": "2013-08-07 17:36:58",
        "calendarYear": "2013",
        "period": "Q2",
        "revenue": 26800000,
        "costOfRevenue": 162000000,
        "grossProfit": -135200000,
        "grossProfitRatio": -5.0447761194,
        "researchAndDevelopmentExpenses": 0,
        "generalAndAdministrativeExpenses": 0,
        "sellingAndMarketingExpenses": 0,
        "sellingGeneralAndAdministrativeExpenses": 154600000,
        "otherExpenses": 0,
        "operatingExpenses": 154600000,
        "costAndExpenses": 316000000,
        "interestIncome": 0,
        "interestExpense": 29600000,
        "depreciationAndAmortization": 30300000,
        "ebitda": 93500000,
        "ebitdaratio": 3.4888059701,
        "operatingIncome": 58700000,
        "operatingIncomeRatio": 2.1902985075,
        "totalOtherIncomeExpensesNet": -32300000,
        "incomeBeforeTax": 26400000,
        "incomeBeforeTaxRatio": 0.9850746269,
        "incomeTaxExpense": 3500000,
        "netIncome": 30100000,
        "netIncomeRatio": 1.1231343284,
        "eps": 0.0242,
        "epsdiluted": 0.0242,
        "weightedAverageShsOut": 1241258000,
        "weightedAverageShsOutDil": 1241258000,
        "link": "https://www.sec.gov/Archives/edgar/data/27430/000078725013000031/0000787250-13-000031-index.html",
        "finalLink": "https://www.sec.gov/Archives/edgar/data/27430/000078725013000031/c250-20130630x10q.htm"
    },
    {
        "date": "2013-03-31",
        "symbol": "DPL",
        "reportedCurrency": "USD",
        "cik": "0000787250",
        "fillingDate": "2013-05-09",
        "acceptedDate": "2013-05-08 18:10:32",
        "calendarYear": "2013",
        "period": "Q1",
        "revenue": 25600000,
        "costOfRevenue": 185000000,
        "grossProfit": -159400000,
        "grossProfitRatio": -6.2265625,
        "researchAndDevelopmentExpenses": 0,
        "generalAndAdministrativeExpenses": 0,
        "sellingAndMarketingExpenses": 0,
        "sellingGeneralAndAdministrativeExpenses": 152000000,
        "otherExpenses": 0,
        "operatingExpenses": 152000000,
        "costAndExpenses": 337000000,
        "interestIncome": 0,
        "interestExpense": 30500000,
        "depreciationAndAmortization": 28800000,
        "ebitda": 95300000,
        "ebitdaratio": 3.72265625,
        "operatingIncome": 56900000,
        "operatingIncomeRatio": 2.22265625,
        "totalOtherIncomeExpensesNet": -31000000,
        "incomeBeforeTax": 25900000,
        "incomeBeforeTaxRatio": 1.01171875,
        "incomeTaxExpense": 6000000,
        "netIncome": 30000000,
        "netIncomeRatio": 1.171875,
        "eps": 0.0242,
        "epsdiluted": 0.0242,
        "weightedAverageShsOut": 1241258000,
        "weightedAverageShsOutDil": 1241258000,
        "link": "https://www.sec.gov/Archives/edgar/data/27430/000078725013000019/0000787250-13-000019-index.html",
        "finalLink": "https://www.sec.gov/Archives/edgar/data/27430/000078725013000019/c250-20130331x10q.htm"
    },
    {
        "date": "2012-12-31",
        "symbol": "DPL",
        "reportedCurrency": "USD",
        "cik": "0000787250",
        "fillingDate": "2013-02-27",
        "acceptedDate": "2013-02-26 19:23:18",
        "calendarYear": "2012",
        "period": "Q4",
        "revenue": 19900000,
        "costOfRevenue": 886000000,
        "grossProfit": -866100000,
        "grossProfitRatio": -43.5226130653,
        "researchAndDevelopmentExpenses": 0,
        "generalAndAdministrativeExpenses": 0,
        "sellingAndMarketingExpenses": 0,
        "sellingGeneralAndAdministrativeExpenses": 141400000,
        "otherExpenses": 0,
        "operatingExpenses": 141400000,
        "costAndExpenses": 998000000,
        "interestIncome": 0,
        "interestExpense": 10100000,
        "depreciationAndAmortization": -150100000,
        "ebitda": -91700000,
        "ebitdaratio": -4.608040201,
        "operatingIncome": 59400000,
        "operatingIncomeRatio": 2.9849246231,
        "totalOtherIncomeExpensesNet": -10800000,
        "incomeBeforeTax": 48600000,
        "incomeBeforeTaxRatio": 2.4422110553,
        "incomeTaxExpense": 15700000,
        "netIncome": 32600000,
        "netIncomeRatio": 1.6381909548,
        "eps": 0.0263,
        "epsdiluted": 0.0263,
        "weightedAverageShsOut": 1241258000,
        "weightedAverageShsOutDil": 1241258000,
        "link": "https://www.sec.gov/Archives/edgar/data/27430/000078725013000009/0000787250-13-000009-index.html",
        "finalLink": "https://www.sec.gov/Archives/edgar/data/27430/000078725013000009/c250-20121231x10k.htm"
    },
    {
        "date": "2012-09-30",
        "symbol": "DPL",
        "reportedCurrency": "USD",
        "cik": "0000787250",
        "fillingDate": "2012-11-07",
        "acceptedDate": "2012-11-06 17:49:29",
        "calendarYear": "2012",
        "period": "Q3",
        "revenue": 216000000,
        "costOfRevenue": 216000000,
        "grossProfit": 0,
        "grossProfitRatio": 0,
        "researchAndDevelopmentExpenses": 0,
        "generalAndAdministrativeExpenses": 0,
        "sellingAndMarketingExpenses": 0,
        "sellingGeneralAndAdministrativeExpenses": 235200000,
        "otherExpenses": 0,
        "operatingExpenses": 235200000,
        "costAndExpenses": 2223000000,
        "interestIncome": 0,
        "interestExpense": 10000000,
        "depreciationAndAmortization": 46600000,
        "ebitda": -1739900000,
        "ebitdaratio": -8.0550925926,
        "operatingIncome": 3600000,
        "operatingIncomeRatio": 0.0166666667,
        "totalOtherIncomeExpensesNet": -1783600000,
        "incomeBeforeTax": -1780000000,
        "incomeBeforeTaxRatio": -8.2407407407,
        "incomeTaxExpense": 6500000,
        "netIncome": -1803000000,
        "netIncomeRatio": -8.3472222222,
        "eps": -1.45,
        "epsdiluted": -1.45,
        "weightedAverageShsOut": 1241258000,
        "weightedAverageShsOutDil": 1241258000,
        "link": "https://www.sec.gov/Archives/edgar/data/27430/000078725012000006/0000787250-12-000006-index.html",
        "finalLink": "https://www.sec.gov/Archives/edgar/data/27430/000078725012000006/c250-20120930x10q.htm"
    },
    {
        "date": "2012-06-30",
        "symbol": "DPL",
        "reportedCurrency": "USD",
        "cik": "0000787250",
        "fillingDate": "2012-08-06",
        "acceptedDate": "2012-08-06 10:31:32",
        "calendarYear": "2012",
        "period": "Q2",
        "revenue": 169700000,
        "costOfRevenue": 180000000,
        "grossProfit": -10300000,
        "grossProfitRatio": -0.0606953447,
        "researchAndDevelopmentExpenses": 0,
        "generalAndAdministrativeExpenses": 0,
        "sellingAndMarketingExpenses": 0,
        "sellingGeneralAndAdministrativeExpenses": 151700000,
        "otherExpenses": 0,
        "operatingExpenses": 151700000,
        "costAndExpenses": 335000000,
        "interestIncome": 0,
        "interestExpense": 9400000,
        "depreciationAndAmortization": 59900000,
        "ebitda": 116000000,
        "ebitdaratio": 0.6835592222,
        "operatingIncome": 57000000,
        "operatingIncomeRatio": 0.3358868592,
        "totalOtherIncomeExpensesNet": -10100000,
        "incomeBeforeTax": 46900000,
        "incomeBeforeTaxRatio": 0.2763700648,
        "incomeTaxExpense": 15600000,
        "netIncome": 31100000,
        "netIncomeRatio": 0.1832645846,
        "eps": 0.0251,
        "epsdiluted": 0.0251,
        "weightedAverageShsOut": 1241258000,
        "weightedAverageShsOutDil": 1241258000,
        "link": "https://www.sec.gov/Archives/edgar/data/27430/000110465912054220/0001104659-12-054220-index.html",
        "finalLink": "https://www.sec.gov/Archives/edgar/data/27430/000110465912054220/a12-13822_110q.htm"
    },
    {
        "date": "2012-03-31",
        "symbol": "DPL",
        "reportedCurrency": "USD",
        "cik": "0000787250",
        "fillingDate": "2012-05-04",
        "acceptedDate": "2012-05-04 09:24:22",
        "calendarYear": "2012",
        "period": "Q1",
        "revenue": 220000000,
        "costOfRevenue": 220000000,
        "grossProfit": 0,
        "grossProfitRatio": 0,
        "researchAndDevelopmentExpenses": 0,
        "generalAndAdministrativeExpenses": 0,
        "sellingAndMarketingExpenses": 0,
        "sellingGeneralAndAdministrativeExpenses": 154100000,
        "otherExpenses": 0,
        "operatingExpenses": 154100000,
        "costAndExpenses": 374100000,
        "interestIncome": 0,
        "interestExpense": 9600000,
        "depreciationAndAmortization": 57800000,
        "ebitda": 122600000,
        "ebitdaratio": 0.5572727273,
        "operatingIncome": 65000000,
        "operatingIncomeRatio": 0.2954545455,
        "totalOtherIncomeExpensesNet": -9600000,
        "incomeBeforeTax": 55400000,
        "incomeBeforeTaxRatio": 0.2518181818,
        "incomeTaxExpense": 17300000,
        "netIncome": 37900000,
        "netIncomeRatio": 0.1722727273,
        "eps": 0.0305,
        "epsdiluted": 0.0305,
        "weightedAverageShsOut": 1241258000,
        "weightedAverageShsOutDil": 1241258000,
        "link": "https://www.sec.gov/Archives/edgar/data/787250/000110465912032703/0001104659-12-032703-index.htm",
        "finalLink": "https://www.sec.gov/Archives/edgar/data/787250/000110465912032703/a12-8642_110q.htm"
    },
    {
        "date": "2011-12-31",
        "symbol": "DPL",
        "reportedCurrency": "USD",
        "cik": "0000787250",
        "fillingDate": "2012-03-28",
        "acceptedDate": "2012-03-28 09:59:03",
        "calendarYear": "2011",
        "period": "Q4",
        "revenue": 84000000,
        "costOfRevenue": 84000000,
        "grossProfit": 0,
        "grossProfitRatio": 0,
        "researchAndDevelopmentExpenses": 0,
        "generalAndAdministrativeExpenses": 0,
        "sellingAndMarketingExpenses": 0,
        "sellingGeneralAndAdministrativeExpenses": 67300000,
        "otherExpenses": 0,
        "operatingExpenses": 67300000,
        "costAndExpenses": 151300000,
        "interestIncome": 0,
        "interestExpense": -13100000,
        "depreciationAndAmortization": 28900000,
        "ebitda": 100300000,
        "ebitdaratio": 1.194047619,
        "operatingIncome": 40400000,
        "operatingIncomeRatio": 0.480952381,
        "totalOtherIncomeExpensesNet": 45000000,
        "incomeBeforeTax": 85400000,
        "incomeBeforeTaxRatio": 1.0166666667,
        "incomeTaxExpense": 34500000,
        "netIncome": 50000000,
        "netIncomeRatio": 0.5952380952,
        "eps": 0.0403,
        "epsdiluted": 0.0403,
        "weightedAverageShsOut": 1241258000,
        "weightedAverageShsOutDil": 1241258000,
        "link": "https://www.sec.gov/Archives/edgar/data/27430/000110465912021437/0001104659-12-021437-index.html",
        "finalLink": "https://www.sec.gov/Archives/edgar/data/27430/000110465912021437/a12-1080_110k.htm"
    },
    {
        "date": "2011-09-30",
        "symbol": "DPL",
        "reportedCurrency": "USD",
        "cik": "0000787250",
        "fillingDate": "2011-10-27",
        "acceptedDate": "2011-10-27 17:31:39",
        "calendarYear": "2011",
        "period": "Q3",
        "revenue": 237000000,
        "costOfRevenue": 237000000,
        "grossProfit": 0,
        "grossProfitRatio": 0,
        "researchAndDevelopmentExpenses": 0,
        "generalAndAdministrativeExpenses": 0,
        "sellingAndMarketingExpenses": 0,
        "sellingGeneralAndAdministrativeExpenses": 161600000,
        "otherExpenses": 0,
        "operatingExpenses": 161600000,
        "costAndExpenses": 398600000,
        "interestIncome": 0,
        "interestExpense": 16800000,
        "depreciationAndAmortization": 35800000,
        "ebitda": 148300000,
        "ebitdaratio": 0.6257383966,
        "operatingIncome": 112900000,
        "operatingIncomeRatio": 0.476371308,
        "totalOtherIncomeExpensesNet": -17200000,
        "incomeBeforeTax": 95700000,
        "incomeBeforeTaxRatio": 0.4037974684,
        "incomeTaxExpense": 28600000,
        "netIncome": 67100000,
        "netIncomeRatio": 0.2831223629,
        "eps": 0.59,
        "epsdiluted": 0.58,
        "weightedAverageShsOut": 114400000,
        "weightedAverageShsOutDil": 115000000,
        "link": "https://www.sec.gov/Archives/edgar/data/27430/000110465911058530/0001104659-11-058530-index.html",
        "finalLink": "https://www.sec.gov/Archives/edgar/data/27430/000110465911058530/a11-25639_110q.htm"
    },
    {
        "date": "2011-06-30",
        "symbol": "DPL",
        "reportedCurrency": "USD",
        "cik": "0000787250",
        "fillingDate": "2011-07-28",
        "acceptedDate": "2011-07-28 17:09:00",
        "calendarYear": "2011",
        "period": "Q2",
        "revenue": 206000000,
        "costOfRevenue": 206000000,
        "grossProfit": 0,
        "grossProfitRatio": 0,
        "researchAndDevelopmentExpenses": 0,
        "generalAndAdministrativeExpenses": 0,
        "sellingAndMarketingExpenses": 0,
        "sellingGeneralAndAdministrativeExpenses": 174200000,
        "otherExpenses": 0,
        "operatingExpenses": 174200000,
        "costAndExpenses": 380200000,
        "interestIncome": 0,
        "interestExpense": 17600000,
        "depreciationAndAmortization": 35100000,
        "ebitda": 91700000,
        "ebitdaratio": 0.4451456311,
        "operatingIncome": 65000000,
        "operatingIncomeRatio": 0.3155339806,
        "totalOtherIncomeExpensesNet": -17000000,
        "incomeBeforeTax": 48000000,
        "incomeBeforeTaxRatio": 0.2330097087,
        "incomeTaxExpense": 16300000,
        "netIncome": 22700000,
        "netIncomeRatio": 0.1101941748,
        "eps": 0.2,
        "epsdiluted": 0.2,
        "weightedAverageShsOut": 114100000,
        "weightedAverageShsOutDil": 114700000,
        "link": "https://www.sec.gov/Archives/edgar/data/27430/000110465911041546/0001104659-11-041546-index.html",
        "finalLink": "https://www.sec.gov/Archives/edgar/data/27430/000110465911041546/a11-13817_110q.htm"
    },
    {
        "date": "2011-03-31",
        "symbol": "DPL",
        "reportedCurrency": "USD",
        "cik": "0000787250",
        "fillingDate": "2011-04-29",
        "acceptedDate": "2011-04-28 17:37:27",
        "calendarYear": "2011",
        "period": "Q1",
        "revenue": 220000000,
        "costOfRevenue": 220000000,
        "grossProfit": 0,
        "grossProfitRatio": 0,
        "researchAndDevelopmentExpenses": 0,
        "generalAndAdministrativeExpenses": 0,
        "sellingAndMarketingExpenses": 0,
        "sellingGeneralAndAdministrativeExpenses": 172500000,
        "otherExpenses": 0,
        "operatingExpenses": 172500000,
        "costAndExpenses": 392500000,
        "interestIncome": 0,
        "interestExpense": 16900000,
        "depreciationAndAmortization": 35100000,
        "ebitda": 129300000,
        "ebitdaratio": 0.5877272727,
        "operatingIncome": 101600000,
        "operatingIncomeRatio": 0.4618181818,
        "totalOtherIncomeExpensesNet": -33300000,
        "incomeBeforeTax": 68300000,
        "incomeBeforeTaxRatio": 0.3104545455,
        "incomeTaxExpense": 24800000,
        "netIncome": 52500000,
        "netIncomeRatio": 0.2386363636,
        "eps": 0.46,
        "epsdiluted": 0.46,
        "weightedAverageShsOut": 114000000,
        "weightedAverageShsOutDil": 114500000,
        "link": "https://www.sec.gov/Archives/edgar/data/27430/000110465911023758/0001104659-11-023758-index.html",
        "finalLink": "https://www.sec.gov/Archives/edgar/data/27430/000110465911023758/a11-8376_110q.htm"
    },
    {
        "date": "2010-12-31",
        "symbol": "DPL",
        "reportedCurrency": "USD",
        "cik": "0000787250",
        "fillingDate": "2011-02-18",
        "acceptedDate": "2011-02-17 17:36:30",
        "calendarYear": "2010",
        "period": "Q4",
        "revenue": 192000000,
        "costOfRevenue": 192000000,
        "grossProfit": 0,
        "grossProfitRatio": 0,
        "researchAndDevelopmentExpenses": 0,
        "generalAndAdministrativeExpenses": 0,
        "sellingAndMarketingExpenses": 0,
        "sellingGeneralAndAdministrativeExpenses": 153500000,
        "otherExpenses": 0,
        "operatingExpenses": 153500000,
        "costAndExpenses": 345500000,
        "interestIncome": 0,
        "interestExpense": 17600000,
        "depreciationAndAmortization": 34100000,
        "ebitda": 150500000,
        "ebitdaratio": 0.7838541667,
        "operatingIncome": 124500000,
        "operatingIncomeRatio": 0.6484375,
        "totalOtherIncomeExpensesNet": -16900000,
        "incomeBeforeTax": 107600000,
        "incomeBeforeTaxRatio": 0.5604166667,
        "incomeTaxExpense": 36100000,
        "netIncome": 62700000,
        "netIncomeRatio": 0.3265625,
        "eps": 0.54,
        "epsdiluted": 0.54,
        "weightedAverageShsOut": 115600000,
        "weightedAverageShsOutDil": 116100000,
        "link": "https://www.sec.gov/Archives/edgar/data/787250/000110465911008106/0001104659-11-008106-index.htm",
        "finalLink": "https://www.sec.gov/Archives/edgar/data/787250/000110465911008106/a11-1286_110k.htm"
    },
    {
        "date": "2010-09-30",
        "symbol": "DPL",
        "reportedCurrency": "USD",
        "cik": "0000787250",
        "fillingDate": "2010-10-29",
        "acceptedDate": "2010-10-28 17:42:39",
        "calendarYear": "2010",
        "period": "Q3",
        "revenue": 223000000,
        "costOfRevenue": 223000000,
        "grossProfit": 0,
        "grossProfitRatio": 0,
        "researchAndDevelopmentExpenses": 0,
        "generalAndAdministrativeExpenses": 0,
        "sellingAndMarketingExpenses": 0,
        "sellingGeneralAndAdministrativeExpenses": 149000000,
        "otherExpenses": 0,
        "operatingExpenses": 149000000,
        "costAndExpenses": 372000000,
        "interestIncome": 0,
        "interestExpense": 17600000,
        "depreciationAndAmortization": 32200000,
        "ebitda": 173200000,
        "ebitdaratio": 0.7766816143,
        "operatingIncome": 144600000,
        "operatingIncomeRatio": 0.6484304933,
        "totalOtherIncomeExpensesNet": -17800000,
        "incomeBeforeTax": 126800000,
        "incomeBeforeTaxRatio": 0.5686098655,
        "incomeTaxExpense": 40400000,
        "netIncome": 83000000,
        "netIncomeRatio": 0.3721973094,
        "eps": 0.72,
        "epsdiluted": 0.71,
        "weightedAverageShsOut": 115700000,
        "weightedAverageShsOutDil": 116200000,
        "link": "https://www.sec.gov/Archives/edgar/data/27430/000110465910054408/0001104659-10-054408-index.html",
        "finalLink": "https://www.sec.gov/Archives/edgar/data/27430/000110465910054408/a10-17259_110q.htm"
    },
    {
        "date": "2010-06-30",
        "symbol": "DPL",
        "reportedCurrency": "USD",
        "cik": "0000787250",
        "fillingDate": "2010-07-30",
        "acceptedDate": "2010-07-29 17:40:51",
        "calendarYear": "2010",
        "period": "Q2",
        "revenue": 182000000,
        "costOfRevenue": 182000000,
        "grossProfit": 0,
        "grossProfitRatio": 0,
        "researchAndDevelopmentExpenses": 0,
        "generalAndAdministrativeExpenses": -238677000,
        "sellingAndMarketingExpenses": 304900000,
        "sellingGeneralAndAdministrativeExpenses": 66223000,
        "otherExpenses": 0,
        "operatingExpenses": 66223000,
        "costAndExpenses": 336000000,
        "interestIncome": 0,
        "interestExpense": 3356000,
        "depreciationAndAmortization": 11481000,
        "ebitda": 564514000,
        "ebitdaratio": 3.1017252747,
        "operatingIncome": 555764000,
        "operatingIncomeRatio": 3.0536483516,
        "totalOtherIncomeExpensesNet": -4787000,
        "incomeBeforeTax": 550977000,
        "incomeBeforeTaxRatio": 3.0273461538,
        "incomeTaxExpense": 67534000,
        "netIncome": 482143000,
        "netIncomeRatio": 2.6491373626,
        "eps": 4.17,
        "epsdiluted": 4.15,
        "weightedAverageShsOut": 115600000,
        "weightedAverageShsOutDil": 116200000,
        "link": "https://www.sec.gov/Archives/edgar/data/27430/000110465910040563/0001104659-10-040563-index.html",
        "finalLink": "https://www.sec.gov/Archives/edgar/data/27430/000110465910040563/a10-12432_110q.htm"
    },
    {
        "date": "2010-03-31",
        "symbol": "DPL",
        "reportedCurrency": "USD",
        "cik": "0000787250",
        "fillingDate": "2010-04-30",
        "acceptedDate": "2010-04-29 17:53:16",
        "calendarYear": "2010",
        "period": "Q1",
        "revenue": 174000000,
        "costOfRevenue": 174000000,
        "grossProfit": 0,
        "grossProfitRatio": 0,
        "researchAndDevelopmentExpenses": 0,
        "generalAndAdministrativeExpenses": 0,
        "sellingAndMarketingExpenses": 0,
        "sellingGeneralAndAdministrativeExpenses": 150000000,
        "otherExpenses": 0,
        "operatingExpenses": 150000000,
        "costAndExpenses": 324000000,
        "interestIncome": 0,
        "interestExpense": 17000000,
        "depreciationAndAmortization": 37000000,
        "ebitda": 161000000,
        "ebitdaratio": 0.9252873563,
        "operatingIncome": 126000000,
        "operatingIncomeRatio": 0.724137931,
        "totalOtherIncomeExpensesNet": -19000000,
        "incomeBeforeTax": 107000000,
        "incomeBeforeTaxRatio": 0.6149425287,
        "incomeTaxExpense": 36000000,
        "netIncome": 71000000,
        "netIncomeRatio": 0.408045977,
        "eps": 0.12,
        "epsdiluted": 0.12,
        "weightedAverageShsOut": 614186000,
        "weightedAverageShsOutDil": 614186000,
        "link": "https://www.sec.gov/Archives/edgar/data/27430/000110465910023464/0001104659-10-023464-index.html",
        "finalLink": "https://www.sec.gov/Archives/edgar/data/27430/000110465910023464/a10-6123_110q.htm"
    },
    {
        "date": "2009-12-31",
        "symbol": "DPL",
        "reportedCurrency": "USD",
        "cik": "0000787250",
        "fillingDate": "2010-02-12",
        "acceptedDate": "2010-02-11 17:47:50",
        "calendarYear": "2009",
        "period": "Q4",
        "revenue": 161000000,
        "costOfRevenue": 161000000,
        "grossProfit": 0,
        "grossProfitRatio": 0,
        "researchAndDevelopmentExpenses": 0,
        "generalAndAdministrativeExpenses": 0,
        "sellingAndMarketingExpenses": 0,
        "sellingGeneralAndAdministrativeExpenses": 142000000,
        "otherExpenses": 0,
        "operatingExpenses": 142000000,
        "costAndExpenses": 303000000,
        "interestIncome": 0,
        "interestExpense": 23000000,
        "depreciationAndAmortization": 38000000,
        "ebitda": 139000000,
        "ebitdaratio": 0.8633540373,
        "operatingIncome": 103000000,
        "operatingIncomeRatio": 0.6397515528,
        "totalOtherIncomeExpensesNet": -25000000,
        "incomeBeforeTax": 78000000,
        "incomeBeforeTaxRatio": 0.4844720497,
        "incomeTaxExpense": 28000000,
        "netIncome": 50000000,
        "netIncomeRatio": 0.3105590062,
        "eps": 0.0247,
        "epsdiluted": 0.0247,
        "weightedAverageShsOut": 2028343000,
        "weightedAverageShsOutDil": 2028343000,
        "link": "https://www.sec.gov/Archives/edgar/data/27430/000110465910006541/0001104659-10-006541-index.html",
        "finalLink": "https://www.sec.gov/Archives/edgar/data/27430/000110465910006541/a09-35760_110k.htm"
    },
    {
        "date": "2009-09-30",
        "symbol": "DPL",
        "reportedCurrency": "USD",
        "cik": "0000787250",
        "fillingDate": "2009-10-29",
        "acceptedDate": "2009-10-28 17:39:36",
        "calendarYear": "2009",
        "period": "Q3",
        "revenue": 149000000,
        "costOfRevenue": 149000000,
        "grossProfit": 0,
        "grossProfitRatio": 0,
        "researchAndDevelopmentExpenses": 0,
        "generalAndAdministrativeExpenses": 0,
        "sellingAndMarketingExpenses": 0,
        "sellingGeneralAndAdministrativeExpenses": 141000000,
        "otherExpenses": 0,
        "operatingExpenses": 141000000,
        "costAndExpenses": 290000000,
        "interestIncome": 0,
        "interestExpense": 19000000,
        "depreciationAndAmortization": 36000000,
        "ebitda": 151000000,
        "ebitdaratio": 1.0134228188,
        "operatingIncome": 117000000,
        "operatingIncomeRatio": 0.7852348993,
        "totalOtherIncomeExpensesNet": -21000000,
        "incomeBeforeTax": 96000000,
        "incomeBeforeTaxRatio": 0.644295302,
        "incomeTaxExpense": 28000000,
        "netIncome": 68000000,
        "netIncomeRatio": 0.4563758389,
        "eps": 0.0426,
        "epsdiluted": 0.0426,
        "weightedAverageShsOut": 1595365000,
        "weightedAverageShsOutDil": 1595365000,
        "link": "https://www.sec.gov/Archives/edgar/data/27430/000110465909060942/0001104659-09-060942-index.html",
        "finalLink": "https://www.sec.gov/Archives/edgar/data/27430/000110465909060942/a09-31198_110q.htm"
    },
    {
        "date": "2009-06-30",
        "symbol": "DPL",
        "reportedCurrency": "USD",
        "cik": "0000787250",
        "fillingDate": "2009-07-30",
        "acceptedDate": "2009-07-29 17:34:17",
        "calendarYear": "2009",
        "period": "Q2",
        "revenue": 139000000,
        "costOfRevenue": 139000000,
        "grossProfit": 0,
        "grossProfitRatio": 0,
        "researchAndDevelopmentExpenses": 0,
        "generalAndAdministrativeExpenses": 0,
        "sellingAndMarketingExpenses": 0,
        "sellingGeneralAndAdministrativeExpenses": 141000000,
        "otherExpenses": 0,
        "operatingExpenses": 141000000,
        "costAndExpenses": 280000000,
        "interestIncome": 0,
        "interestExpense": 20000000,
        "depreciationAndAmortization": 36000000,
        "ebitda": 118000000,
        "ebitdaratio": 0.8489208633,
        "operatingIncome": 81000000,
        "operatingIncomeRatio": 0.5827338129,
        "totalOtherIncomeExpensesNet": -19000000,
        "incomeBeforeTax": 62000000,
        "incomeBeforeTaxRatio": 0.4460431655,
        "incomeTaxExpense": 20000000,
        "netIncome": 42000000,
        "netIncomeRatio": 0.3021582734,
        "eps": 0.0425,
        "epsdiluted": 0.0425,
        "weightedAverageShsOut": 989304000,
        "weightedAverageShsOutDil": 989304000,
        "link": "https://www.sec.gov/Archives/edgar/data/27430/000110465909045629/0001104659-09-045629-index.html",
        "finalLink": "https://www.sec.gov/Archives/edgar/data/27430/000110465909045629/a09-18878_110q.htm"
    },
    {
        "date": "2009-03-31",
        "symbol": "DPL",
        "reportedCurrency": "USD",
        "cik": "0000787250",
        "fillingDate": "2009-04-30",
        "acceptedDate": "2009-04-29 17:40:23",
        "calendarYear": "2009",
        "period": "Q1",
        "revenue": 141000000,
        "costOfRevenue": 141000000,
        "grossProfit": 0,
        "grossProfitRatio": 0,
        "researchAndDevelopmentExpenses": 0,
        "generalAndAdministrativeExpenses": 0,
        "sellingAndMarketingExpenses": 0,
        "sellingGeneralAndAdministrativeExpenses": 146000000,
        "otherExpenses": 0,
        "operatingExpenses": 146000000,
        "costAndExpenses": 287000000,
        "interestIncome": 0,
        "interestExpense": 21000000,
        "depreciationAndAmortization": 35000000,
        "ebitda": 161000000,
        "ebitdaratio": 1.1418439716,
        "operatingIncome": 127000000,
        "operatingIncomeRatio": 0.9007092199,
        "totalOtherIncomeExpensesNet": -22000000,
        "incomeBeforeTax": 105000000,
        "incomeBeforeTaxRatio": 0.7446808511,
        "incomeTaxExpense": 36000000,
        "netIncome": 69000000,
        "netIncomeRatio": 0.4893617021,
        "eps": 0.11,
        "epsdiluted": 0.11,
        "weightedAverageShsOut": 615521000,
        "weightedAverageShsOutDil": 615521000,
        "link": "https://www.sec.gov/Archives/edgar/data/27430/000110465909027142/0001104659-09-027142-index.html",
        "finalLink": "https://www.sec.gov/Archives/edgar/data/27430/000110465909027142/a09-11634_110q.htm"
    },
    {
        "date": "2008-12-31",
        "symbol": "DPL",
        "reportedCurrency": "USD",
        "cik": "0000787250",
        "fillingDate": "2009-02-27",
        "acceptedDate": "2009-02-26 19:40:49",
        "calendarYear": "2008",
        "period": "Q4",
        "revenue": 139000000,
        "costOfRevenue": 139000000,
        "grossProfit": 0,
        "grossProfitRatio": 0,
        "researchAndDevelopmentExpenses": 0,
        "generalAndAdministrativeExpenses": 0,
        "sellingAndMarketingExpenses": 0,
        "sellingGeneralAndAdministrativeExpenses": 142000000,
        "otherExpenses": 0,
        "operatingExpenses": 142000000,
        "costAndExpenses": 281000000,
        "interestIncome": 0,
        "interestExpense": 23000000,
        "depreciationAndAmortization": 35000000,
        "ebitda": 147000000,
        "ebitdaratio": 1.0575539568,
        "operatingIncome": 111000000,
        "operatingIncomeRatio": 0.7985611511,
        "totalOtherIncomeExpensesNet": -22000000,
        "incomeBeforeTax": 89000000,
        "incomeBeforeTaxRatio": 0.6402877698,
        "incomeTaxExpense": 17000000,
        "netIncome": 72000000,
        "netIncomeRatio": 0.5179856115,
        "eps": 0.0325,
        "epsdiluted": 0.0325,
        "weightedAverageShsOut": 2214156000,
        "weightedAverageShsOutDil": 2214156000,
        "link": "https://www.sec.gov/Archives/edgar/data/27430/000110465909012626/0001104659-09-012626-index.html",
        "finalLink": "https://www.sec.gov/Archives/edgar/data/27430/000110465909012626/a09-1247_110k.htm"
    },
    {
        "date": "2008-09-30",
        "symbol": "DPL",
        "reportedCurrency": "USD",
        "cik": "0000787250",
        "fillingDate": "2008-10-30",
        "acceptedDate": "2008-10-29 17:56:04",
        "calendarYear": "2008",
        "period": "Q3",
        "revenue": 182000000,
        "costOfRevenue": 182000000,
        "grossProfit": 0,
        "grossProfitRatio": 0,
        "researchAndDevelopmentExpenses": 0,
        "generalAndAdministrativeExpenses": 0,
        "sellingAndMarketingExpenses": 0,
        "sellingGeneralAndAdministrativeExpenses": 136000000,
        "otherExpenses": 0,
        "operatingExpenses": 136000000,
        "costAndExpenses": 318000000,
        "interestIncome": 0,
        "interestExpense": 21000000,
        "depreciationAndAmortization": 35000000,
        "ebitda": 130000000,
        "ebitdaratio": 0.7142857143,
        "operatingIncome": 96000000,
        "operatingIncomeRatio": 0.5274725275,
        "totalOtherIncomeExpensesNet": -22000000,
        "incomeBeforeTax": 74000000,
        "incomeBeforeTaxRatio": 0.4065934066,
        "incomeTaxExpense": 26000000,
        "netIncome": 48000000,
        "netIncomeRatio": 0.2637362637,
        "eps": 0.0306,
        "epsdiluted": 0.0306,
        "weightedAverageShsOut": 1569343000,
        "weightedAverageShsOutDil": 1569343000,
        "link": "https://www.sec.gov/Archives/edgar/data/27430/000110465908066651/0001104659-08-066651-index.html",
        "finalLink": "https://www.sec.gov/Archives/edgar/data/27430/000110465908066651/a08-26874_110q.htm"
    },
    {
        "date": "2008-06-30",
        "symbol": "DPL",
        "reportedCurrency": "USD",
        "cik": "0000787250",
        "fillingDate": "2008-07-24",
        "acceptedDate": "2008-07-23 18:31:08",
        "calendarYear": "2008",
        "period": "Q2",
        "revenue": 155000000,
        "costOfRevenue": 155000000,
        "grossProfit": 0,
        "grossProfitRatio": 0,
        "researchAndDevelopmentExpenses": 0,
        "generalAndAdministrativeExpenses": 0,
        "sellingAndMarketingExpenses": 0,
        "sellingGeneralAndAdministrativeExpenses": 139000000,
        "otherExpenses": 0,
        "operatingExpenses": 139000000,
        "costAndExpenses": 294000000,
        "interestIncome": 0,
        "interestExpense": 25000000,
        "depreciationAndAmortization": 34000000,
        "ebitda": 120000000,
        "ebitdaratio": 0.7741935484,
        "operatingIncome": 86000000,
        "operatingIncomeRatio": 0.5548387097,
        "totalOtherIncomeExpensesNet": -24000000,
        "incomeBeforeTax": 62000000,
        "incomeBeforeTaxRatio": 0.4,
        "incomeTaxExpense": 14000000,
        "netIncome": 47000000,
        "netIncomeRatio": 0.3032258065,
        "eps": 0.0415,
        "epsdiluted": 0.0415,
        "weightedAverageShsOut": 1133455000,
        "weightedAverageShsOutDil": 1133455000,
        "link": "https://www.sec.gov/Archives/edgar/data/27430/000110465908047221/0001104659-08-047221-index.html",
        "finalLink": "https://www.sec.gov/Archives/edgar/data/27430/000110465908047221/a08-19688_110q.htm"
    },
    {
        "date": "2008-03-31",
        "symbol": "DPL",
        "reportedCurrency": "USD",
        "cik": "0000787250",
        "fillingDate": "2008-04-24",
        "acceptedDate": "2008-04-23 20:16:27",
        "calendarYear": "2008",
        "period": "Q1",
        "revenue": 144000000,
        "costOfRevenue": 144000000,
        "grossProfit": 0,
        "grossProfitRatio": 0,
        "researchAndDevelopmentExpenses": 0,
        "generalAndAdministrativeExpenses": 0,
        "sellingAndMarketingExpenses": 0,
        "sellingGeneralAndAdministrativeExpenses": 128000000,
        "otherExpenses": 0,
        "operatingExpenses": 128000000,
        "costAndExpenses": 272000000,
        "interestIncome": 0,
        "interestExpense": 21000000,
        "depreciationAndAmortization": 33000000,
        "ebitda": 176000000,
        "ebitdaratio": 1.2222222222,
        "operatingIncome": 142000000,
        "operatingIncomeRatio": 0.9861111111,
        "totalOtherIncomeExpensesNet": -20000000,
        "incomeBeforeTax": 122000000,
        "incomeBeforeTaxRatio": 0.8472222222,
        "incomeTaxExpense": 45000000,
        "netIncome": 77000000,
        "netIncomeRatio": 0.5347222222,
        "eps": 0.11,
        "epsdiluted": 0.11,
        "weightedAverageShsOut": 704483000,
        "weightedAverageShsOutDil": 704483000,
        "link": "https://www.sec.gov/Archives/edgar/data/27430/000110465908026212/0001104659-08-026212-index.html",
        "finalLink": "https://www.sec.gov/Archives/edgar/data/27430/000110465908026212/a08-11220_110q.htm"
    },
    {
        "date": "2007-12-31",
        "symbol": "DPL",
        "reportedCurrency": "USD",
        "cik": "0000787250",
        "fillingDate": "2008-02-22",
        "acceptedDate": "2008-02-22 06:01:20",
        "calendarYear": "2007",
        "period": "Q4",
        "revenue": 147000000,
        "costOfRevenue": 147000000,
        "grossProfit": 0,
        "grossProfitRatio": 0,
        "researchAndDevelopmentExpenses": 0,
        "generalAndAdministrativeExpenses": 0,
        "sellingAndMarketingExpenses": 0,
        "sellingGeneralAndAdministrativeExpenses": 137000000,
        "otherExpenses": 0,
        "operatingExpenses": 137000000,
        "costAndExpenses": 284000000,
        "interestIncome": 0,
        "interestExpense": 22000000,
        "depreciationAndAmortization": 22000000,
        "ebitda": 111000000,
        "ebitdaratio": 0.7551020408,
        "operatingIncome": 87000000,
        "operatingIncomeRatio": 0.5918367347,
        "totalOtherIncomeExpensesNet": -20000000,
        "incomeBeforeTax": 67000000,
        "incomeBeforeTaxRatio": 0.4557823129,
        "incomeTaxExpense": 21000000,
        "netIncome": 46000000,
        "netIncomeRatio": 0.3129251701,
        "eps": 0.0225,
        "epsdiluted": 0.0225,
        "weightedAverageShsOut": 2048192000,
        "weightedAverageShsOutDil": 2048192000,
        "link": "https://www.sec.gov/Archives/edgar/data/787250/000110465908012185/0001104659-08-012185-index.htm",
        "finalLink": "https://www.sec.gov/Archives/edgar/data/787250/000110465908012185/a08-2400_110k.htm"
    },
    {
        "date": "2007-09-30",
        "symbol": "DPL",
        "reportedCurrency": "USD",
        "cik": "0000787250",
        "fillingDate": "2007-10-31",
        "acceptedDate": "2007-10-31 14:47:31",
        "calendarYear": "2007",
        "period": "Q3",
        "revenue": 179000000,
        "costOfRevenue": 179000000,
        "grossProfit": 0,
        "grossProfitRatio": 0,
        "researchAndDevelopmentExpenses": 0,
        "generalAndAdministrativeExpenses": 0,
        "sellingAndMarketingExpenses": 0,
        "sellingGeneralAndAdministrativeExpenses": 133000000,
        "otherExpenses": 0,
        "operatingExpenses": 133000000,
        "costAndExpenses": 312000000,
        "interestIncome": 0,
        "interestExpense": 17000000,
        "depreciationAndAmortization": 33000000,
        "ebitda": 147000000,
        "ebitdaratio": 0.8212290503,
        "operatingIncome": 111000000,
        "operatingIncomeRatio": 0.6201117318,
        "totalOtherIncomeExpensesNet": -14000000,
        "incomeBeforeTax": 97000000,
        "incomeBeforeTaxRatio": 0.5418994413,
        "incomeTaxExpense": 36000000,
        "netIncome": 61000000,
        "netIncomeRatio": 0.3407821229,
        "eps": 0.0376,
        "epsdiluted": 0.0376,
        "weightedAverageShsOut": 1623376000,
        "weightedAverageShsOutDil": 1623376000,
        "link": "https://www.sec.gov/Archives/edgar/data/27430/000110465907078425/0001104659-07-078425-index.html",
        "finalLink": "https://www.sec.gov/Archives/edgar/data/27430/000110465907078425/a07-25442_110q.htm"
    },
    {
        "date": "2007-06-30",
        "symbol": "DPL",
        "reportedCurrency": "USD",
        "cik": "0000787250",
        "fillingDate": "2007-07-26",
        "acceptedDate": "2007-07-26 17:11:44",
        "calendarYear": "2007",
        "period": "Q2",
        "revenue": 147000000,
        "costOfRevenue": 147000000,
        "grossProfit": 0,
        "grossProfitRatio": 0,
        "researchAndDevelopmentExpenses": 0,
        "generalAndAdministrativeExpenses": 0,
        "sellingAndMarketingExpenses": 0,
        "sellingGeneralAndAdministrativeExpenses": 127000000,
        "otherExpenses": 0,
        "operatingExpenses": 127000000,
        "costAndExpenses": 274000000,
        "interestIncome": 0,
        "interestExpense": 19000000,
        "depreciationAndAmortization": 36000000,
        "ebitda": 145000000,
        "ebitdaratio": 0.9863945578,
        "operatingIncome": 69000000,
        "operatingIncomeRatio": 0.4693877551,
        "totalOtherIncomeExpensesNet": 17000000,
        "incomeBeforeTax": 86000000,
        "incomeBeforeTaxRatio": 0.5850340136,
        "incomeTaxExpense": 32000000,
        "netIncome": 58000000,
        "netIncomeRatio": 0.3945578231,
        "eps": 0.0548,
        "epsdiluted": 0.0548,
        "weightedAverageShsOut": 1058495000,
        "weightedAverageShsOutDil": 1058495000,
        "link": "https://www.sec.gov/Archives/edgar/data/27430/000110465907056580/0001104659-07-056580-index.html",
        "finalLink": "https://www.sec.gov/Archives/edgar/data/27430/000110465907056580/a07-18742_110q.htm"
    },
    {
        "date": "2007-03-31",
        "symbol": "DPL",
        "reportedCurrency": "USD",
        "cik": "0000787250",
        "fillingDate": "2007-05-01",
        "acceptedDate": "2007-05-01 06:20:27",
        "calendarYear": "2007",
        "period": "Q1",
        "revenue": 142000000,
        "costOfRevenue": 142000000,
        "grossProfit": 0,
        "grossProfitRatio": 0,
        "researchAndDevelopmentExpenses": 0,
        "generalAndAdministrativeExpenses": 0,
        "sellingAndMarketingExpenses": 0,
        "sellingGeneralAndAdministrativeExpenses": 133000000,
        "otherExpenses": 0,
        "operatingExpenses": 133000000,
        "costAndExpenses": 275000000,
        "interestIncome": 0,
        "interestExpense": 23000000,
        "depreciationAndAmortization": 33000000,
        "ebitda": 145000000,
        "ebitdaratio": 1.0211267606,
        "operatingIncome": 103000000,
        "operatingIncomeRatio": 0.7253521127,
        "totalOtherIncomeExpensesNet": -19000000,
        "incomeBeforeTax": 84000000,
        "incomeBeforeTaxRatio": 0.5915492958,
        "incomeTaxExpense": 33000000,
        "netIncome": 56000000,
        "netIncomeRatio": 0.3943661972,
        "eps": 0.11,
        "epsdiluted": 0.11,
        "weightedAverageShsOut": 520930000,
        "weightedAverageShsOutDil": 520930000,
        "link": "https://www.sec.gov/Archives/edgar/data/27430/000110465907033770/0001104659-07-033770-index.html",
        "finalLink": "https://www.sec.gov/Archives/edgar/data/27430/000110465907033770/a07-10680_110q.htm"
    },
    {
        "date": "2006-12-31",
        "symbol": "DPL",
        "reportedCurrency": "USD",
        "cik": "0000787250",
        "fillingDate": "2007-02-22",
        "acceptedDate": "2007-02-21 21:33:22",
        "calendarYear": "2006",
        "period": "Q4",
        "revenue": 123000000,
        "costOfRevenue": 123000000,
        "grossProfit": 0,
        "grossProfitRatio": 0,
        "researchAndDevelopmentExpenses": 0,
        "generalAndAdministrativeExpenses": 0,
        "sellingAndMarketingExpenses": 0,
        "sellingGeneralAndAdministrativeExpenses": 205000000,
        "otherExpenses": 0,
        "operatingExpenses": 205000000,
        "costAndExpenses": 328000000,
        "interestIncome": 0,
        "interestExpense": 25000000,
        "depreciationAndAmortization": 16000000,
        "ebitda": 44000000,
        "ebitdaratio": 0.3577235772,
        "operatingIncome": 24000000,
        "operatingIncomeRatio": 0.1951219512,
        "totalOtherIncomeExpensesNet": -23000000,
        "incomeBeforeTax": 1000000,
        "incomeBeforeTaxRatio": 0.0081300813,
        "incomeTaxExpense": -4000000,
        "netIncome": 7000000,
        "netIncomeRatio": 0.0569105691,
        "eps": 0.0057,
        "epsdiluted": 0.0057,
        "weightedAverageShsOut": 1237756000,
        "weightedAverageShsOutDil": 1237756000,
        "link": "https://www.sec.gov/Archives/edgar/data/787250/000110465907012836/0001104659-07-012836-index.htm",
        "finalLink": "https://www.sec.gov/Archives/edgar/data/787250/000110465907012836/a07-4760_110k.htm"
    },
    {
        "date": "2006-09-30",
        "symbol": "DPL",
        "reportedCurrency": "USD",
        "cik": "0000787250",
        "fillingDate": "2006-11-01",
        "acceptedDate": "2006-10-31 19:04:16",
        "calendarYear": "2006",
        "period": "Q3",
        "revenue": 160000000,
        "costOfRevenue": 160000000,
        "grossProfit": 0,
        "grossProfitRatio": 0,
        "researchAndDevelopmentExpenses": 0,
        "generalAndAdministrativeExpenses": 0,
        "sellingAndMarketingExpenses": 0,
        "sellingGeneralAndAdministrativeExpenses": 134000000,
        "otherExpenses": 0,
        "operatingExpenses": 134000000,
        "costAndExpenses": 294000000,
        "interestIncome": 0,
        "interestExpense": 25000000,
        "depreciationAndAmortization": 39000000,
        "ebitda": 144000000,
        "ebitdaratio": 0.9,
        "operatingIncome": 98000000,
        "operatingIncomeRatio": 0.6125,
        "totalOtherIncomeExpensesNet": -22000000,
        "incomeBeforeTax": 76000000,
        "incomeBeforeTaxRatio": 0.475,
        "incomeTaxExpense": 29000000,
        "netIncome": 51000000,
        "netIncomeRatio": 0.31875,
        "eps": 0.044,
        "epsdiluted": 0.044,
        "weightedAverageShsOut": 1158911000,
        "weightedAverageShsOutDil": 1158911000,
        "link": "https://www.sec.gov/Archives/edgar/data/787250/000110465906070009/0001104659-06-070009-index.htm",
        "finalLink": "https://www.sec.gov/Archives/edgar/data/787250/000110465906070009/a06-21527_110q.htm"
    },
    {
        "date": "2006-06-30",
        "symbol": "DPL",
        "reportedCurrency": "USD",
        "cik": "0000787250",
        "fillingDate": "2006-08-02",
        "acceptedDate": "2006-08-02 08:09:29",
        "calendarYear": "2006",
        "period": "Q2",
        "revenue": 116000000,
        "costOfRevenue": 116000000,
        "grossProfit": 0,
        "grossProfitRatio": 0,
        "researchAndDevelopmentExpenses": 0,
        "generalAndAdministrativeExpenses": 0,
        "sellingAndMarketingExpenses": 0,
        "sellingGeneralAndAdministrativeExpenses": 137000000,
        "otherExpenses": 0,
        "operatingExpenses": 137000000,
        "costAndExpenses": 253000000,
        "interestIncome": 0,
        "interestExpense": 26000000,
        "depreciationAndAmortization": 39000000,
        "ebitda": 101000000,
        "ebitdaratio": 0.8706896552,
        "operatingIncome": 56000000,
        "operatingIncomeRatio": 0.4827586207,
        "totalOtherIncomeExpensesNet": -21000000,
        "incomeBeforeTax": 35000000,
        "incomeBeforeTaxRatio": 0.3017241379,
        "incomeTaxExpense": 13000000,
        "netIncome": 23000000,
        "netIncomeRatio": 0.1982758621,
        "eps": 0.0333,
        "epsdiluted": 0.0333,
        "weightedAverageShsOut": 691716000,
        "weightedAverageShsOutDil": 691716000,
        "link": "https://www.sec.gov/Archives/edgar/data/787250/000110465906050444/0001104659-06-050444-index.htm",
        "finalLink": "https://www.sec.gov/Archives/edgar/data/787250/000110465906050444/a06-15173_110q.htm"
    },
    {
        "date": "2006-03-31",
        "symbol": "DPL",
        "reportedCurrency": "USD",
        "cik": "0000787250",
        "fillingDate": "2006-05-04",
        "acceptedDate": "2006-05-03 19:00:39",
        "calendarYear": "2006",
        "period": "Q1",
        "revenue": 109000000,
        "costOfRevenue": 109000000,
        "grossProfit": 0,
        "grossProfitRatio": 0,
        "researchAndDevelopmentExpenses": 0,
        "generalAndAdministrativeExpenses": 0,
        "sellingAndMarketingExpenses": 0,
        "sellingGeneralAndAdministrativeExpenses": 128000000,
        "otherExpenses": 0,
        "operatingExpenses": 128000000,
        "costAndExpenses": 237000000,
        "interestIncome": 0,
        "interestExpense": 26000000,
        "depreciationAndAmortization": 36000000,
        "ebitda": 151000000,
        "ebitdaratio": 1.3853211009,
        "operatingIncome": 103000000,
        "operatingIncomeRatio": 0.9449541284,
        "totalOtherIncomeExpensesNet": -20000000,
        "incomeBeforeTax": 83000000,
        "incomeBeforeTaxRatio": 0.7614678899,
        "incomeTaxExpense": 31000000,
        "netIncome": 58000000,
        "netIncomeRatio": 0.5321100917,
        "eps": 0.12,
        "epsdiluted": 0.12,
        "weightedAverageShsOut": 482529000,
        "weightedAverageShsOutDil": 482529000,
        "link": "https://www.sec.gov/Archives/edgar/data/787250/000110465906030834/0001104659-06-030834-index.htm",
        "finalLink": "https://www.sec.gov/Archives/edgar/data/787250/000110465906030834/a06-9231_110q.htm"
    },
    {
        "date": "2005-12-31",
        "symbol": "DPL",
        "reportedCurrency": "USD",
        "cik": "0000787250",
        "fillingDate": "2006-03-01",
        "acceptedDate": "2006-02-28 19:23:56",
        "calendarYear": "2005",
        "period": "Q4",
        "revenue": 327000000,
        "costOfRevenue": 329000000,
        "grossProfit": -2000000,
        "grossProfitRatio": -0.006116208,
        "researchAndDevelopmentExpenses": 0,
        "generalAndAdministrativeExpenses": 0,
        "sellingAndMarketingExpenses": 0,
        "sellingGeneralAndAdministrativeExpenses": 231000000,
        "otherExpenses": 0,
        "operatingExpenses": 231000000,
        "costAndExpenses": 560000000,
        "interestIncome": 0,
        "interestExpense": 27000000,
        "depreciationAndAmortization": 37000000,
        "ebitda": 147000000,
        "ebitdaratio": 0.4495412844,
        "operatingIncome": 96000000,
        "operatingIncomeRatio": 0.2935779817,
        "totalOtherIncomeExpensesNet": -20000000,
        "incomeBeforeTax": 76000000,
        "incomeBeforeTaxRatio": 0.2324159021,
        "incomeTaxExpense": 30000000,
        "netIncome": 53000000,
        "netIncomeRatio": 0.1620795107,
        "eps": 0.0369,
        "epsdiluted": 0.0369,
        "weightedAverageShsOut": 1438016000,
        "weightedAverageShsOutDil": 1438016000,
        "link": "https://www.sec.gov/Archives/edgar/data/787250/000110465906012780/0001104659-06-012780-index.htm",
        "finalLink": "https://www.sec.gov/Archives/edgar/data/787250/000110465906012780/a06-2328_110k.htm"
    },
    {
        "date": "2005-09-30",
        "symbol": "DPL",
        "reportedCurrency": "USD",
        "cik": "0000787250",
        "fillingDate": "2005-10-28",
        "acceptedDate": "2005-10-28 09:03:42",
        "calendarYear": "2005",
        "period": "Q3",
        "revenue": 357000000,
        "costOfRevenue": 2000000,
        "grossProfit": 355000000,
        "grossProfitRatio": 0.9943977591,
        "researchAndDevelopmentExpenses": 0,
        "generalAndAdministrativeExpenses": 0,
        "sellingAndMarketingExpenses": 0,
        "sellingGeneralAndAdministrativeExpenses": 258000000,
        "otherExpenses": 0,
        "operatingExpenses": 258000000,
        "costAndExpenses": 260000000,
        "interestIncome": 0,
        "interestExpense": 32000000,
        "depreciationAndAmortization": 38000000,
        "ebitda": 111000000,
        "ebitdaratio": 0.3109243697,
        "operatingIncome": 99000000,
        "operatingIncomeRatio": 0.2773109244,
        "totalOtherIncomeExpensesNet": -58000000,
        "incomeBeforeTax": 41000000,
        "incomeBeforeTaxRatio": 0.1148459384,
        "incomeTaxExpense": 15000000,
        "netIncome": 26000000,
        "netIncomeRatio": 0.0728291317,
        "eps": 0.026,
        "epsdiluted": 0.026,
        "weightedAverageShsOut": 1001655000,
        "weightedAverageShsOutDil": 1001655000,
        "link": "https://www.sec.gov/Archives/edgar/data/787250/000110465905050774/0001104659-05-050774-index.htm",
        "finalLink": "https://www.sec.gov/Archives/edgar/data/787250/000110465905050774/a05-17925_110q.htm"
    },
    {
        "date": "2005-06-30",
        "symbol": "DPL",
        "reportedCurrency": "USD",
        "cik": "0000787250",
        "fillingDate": "2005-07-29",
        "acceptedDate": "2005-07-28 20:56:40",
        "calendarYear": "2005",
        "period": "Q2",
        "revenue": 293000000,
        "costOfRevenue": 3000000,
        "grossProfit": 290000000,
        "grossProfitRatio": 0.9897610922,
        "researchAndDevelopmentExpenses": 0,
        "generalAndAdministrativeExpenses": 0,
        "sellingAndMarketingExpenses": 0,
        "sellingGeneralAndAdministrativeExpenses": 231000000,
        "otherExpenses": 0,
        "operatingExpenses": 231000000,
        "costAndExpenses": 234000000,
        "interestIncome": 0,
        "interestExpense": 39000000,
        "depreciationAndAmortization": 37000000,
        "ebitda": 108000000,
        "ebitdaratio": 0.3686006826,
        "operatingIncome": 63000000,
        "operatingIncomeRatio": 0.2150170648,
        "totalOtherIncomeExpensesNet": -36000000,
        "incomeBeforeTax": 27000000,
        "incomeBeforeTaxRatio": 0.0921501706,
        "incomeTaxExpense": 10000000,
        "netIncome": 22000000,
        "netIncomeRatio": 0.0750853242,
        "eps": 0.0279,
        "epsdiluted": 0.0279,
        "weightedAverageShsOut": 788381000,
        "weightedAverageShsOutDil": 788381000,
        "link": "https://www.sec.gov/Archives/edgar/data/787250/000110465905034869/0001104659-05-034869-index.htm",
        "finalLink": "https://www.sec.gov/Archives/edgar/data/787250/000110465905034869/a05-12536_110q.htm"
    },
    {
        "date": "2005-03-31",
        "symbol": "DPL",
        "reportedCurrency": "USD",
        "cik": "0000787250",
        "fillingDate": "2005-05-04",
        "acceptedDate": "2005-05-04 09:16:29",
        "calendarYear": "2005",
        "period": "Q1",
        "revenue": 307000000,
        "costOfRevenue": 2000000,
        "grossProfit": 305000000,
        "grossProfitRatio": 0.993485342,
        "researchAndDevelopmentExpenses": 0,
        "generalAndAdministrativeExpenses": 0,
        "sellingAndMarketingExpenses": 0,
        "sellingGeneralAndAdministrativeExpenses": 225000000,
        "otherExpenses": 0,
        "operatingExpenses": 225000000,
        "costAndExpenses": 227000000,
        "interestIncome": 0,
        "interestExpense": 39000000,
        "depreciationAndAmortization": 35000000,
        "ebitda": 171000000,
        "ebitdaratio": 0.5570032573,
        "operatingIncome": 81000000,
        "operatingIncomeRatio": 0.2638436482,
        "totalOtherIncomeExpensesNet": -21000000,
        "incomeBeforeTax": 60000000,
        "incomeBeforeTaxRatio": 0.1954397394,
        "incomeTaxExpense": 24000000,
        "netIncome": 73000000,
        "netIncomeRatio": 0.2377850163,
        "eps": 0.12,
        "epsdiluted": 0.12,
        "weightedAverageShsOut": 606312000,
        "weightedAverageShsOutDil": 606312000,
        "link": "https://www.sec.gov/Archives/edgar/data/787250/000110465905020177/0001104659-05-020177-index.htm",
        "finalLink": "https://www.sec.gov/Archives/edgar/data/787250/000110465905020177/a05-7574_110q.htm"
    },
    {
        "date": "2004-12-31",
        "symbol": "DPL",
        "reportedCurrency": "USD",
        "cik": "0000787250",
        "fillingDate": "2005-03-11",
        "acceptedDate": "2005-03-11 17:26:17",
        "calendarYear": "2004",
        "period": "Q4",
        "revenue": 874000000,
        "costOfRevenue": 8000000,
        "grossProfit": 866000000,
        "grossProfitRatio": 0.9908466819,
        "researchAndDevelopmentExpenses": 0,
        "generalAndAdministrativeExpenses": 0,
        "sellingAndMarketingExpenses": 0,
        "sellingGeneralAndAdministrativeExpenses": 652000000,
        "otherExpenses": 0,
        "operatingExpenses": 652000000,
        "costAndExpenses": 660000000,
        "interestIncome": 0,
        "interestExpense": 114000000,
        "depreciationAndAmortization": 39000000,
        "ebitda": 378000000,
        "ebitdaratio": 0.4324942792,
        "operatingIncome": 223000000,
        "operatingIncomeRatio": 0.2551487414,
        "totalOtherIncomeExpensesNet": 1000000,
        "incomeBeforeTax": 224000000,
        "incomeBeforeTaxRatio": 0.2562929062,
        "incomeTaxExpense": 81000000,
        "netIncome": 144000000,
        "netIncomeRatio": 0.1647597254,
        "eps": 0.0797,
        "epsdiluted": 0.0797,
        "weightedAverageShsOut": 1806827000,
        "weightedAverageShsOutDil": 1806827000,
        "link": "https://www.sec.gov/Archives/edgar/data/787250/000110465905010666/0001104659-05-010666-index.htm",
        "finalLink": "https://www.sec.gov/Archives/edgar/data/787250/000110465905010666/a05-4474_110k.htm"
    },
    {
        "date": "2004-09-30",
        "symbol": "DPL",
        "reportedCurrency": "USD",
        "cik": "0000787250",
        "fillingDate": "2004-11-15",
        "acceptedDate": "2004-11-15 17:08:07",
        "calendarYear": "2004",
        "period": "Q3",
        "revenue": 325000000,
        "costOfRevenue": 2000000,
        "grossProfit": 323000000,
        "grossProfitRatio": 0.9938461538,
        "researchAndDevelopmentExpenses": 0,
        "generalAndAdministrativeExpenses": 0,
        "sellingAndMarketingExpenses": 0,
        "sellingGeneralAndAdministrativeExpenses": 211000000,
        "otherExpenses": 0,
        "operatingExpenses": 211000000,
        "costAndExpenses": 213000000,
        "interestIncome": 0,
        "interestExpense": 46000000,
        "depreciationAndAmortization": 36000000,
        "ebitda": 199000000,
        "ebitdaratio": 0.6123076923,
        "operatingIncome": 113000000,
        "operatingIncomeRatio": 0.3476923077,
        "totalOtherIncomeExpensesNet": 5000000,
        "incomeBeforeTax": 118000000,
        "incomeBeforeTaxRatio": 0.3630769231,
        "incomeTaxExpense": 44000000,
        "netIncome": 73000000,
        "netIncomeRatio": 0.2246153846,
        "eps": 0.12,
        "epsdiluted": 0.12,
        "weightedAverageShsOut": 611390000,
        "weightedAverageShsOutDil": 611390000,
        "link": "https://www.sec.gov/Archives/edgar/data/787250/000110465904036166/0001104659-04-036166-index.htm",
        "finalLink": "https://www.sec.gov/Archives/edgar/data/787250/000110465904036166/a04-13190_310q.htm"
    },
    {
        "date": "2004-06-30",
        "symbol": "DPL",
        "reportedCurrency": "USD",
        "cik": "0000787250",
        "fillingDate": "2004-11-05",
        "acceptedDate": "2004-11-05 07:10:19",
        "calendarYear": "2004",
        "period": "Q2",
        "revenue": 285000000,
        "costOfRevenue": 3000000,
        "grossProfit": 282000000,
        "grossProfitRatio": 0.9894736842,
        "researchAndDevelopmentExpenses": 0,
        "generalAndAdministrativeExpenses": 0,
        "sellingAndMarketingExpenses": 0,
        "sellingGeneralAndAdministrativeExpenses": 204000000,
        "otherExpenses": 0,
        "operatingExpenses": 204000000,
        "costAndExpenses": 207000000,
        "interestIncome": 0,
        "interestExpense": 37000000,
        "depreciationAndAmortization": 35000000,
        "ebitda": 165000000,
        "ebitdaratio": 0.5789473684,
        "operatingIncome": 82000000,
        "operatingIncomeRatio": 0.2877192982,
        "totalOtherIncomeExpensesNet": 11000000,
        "incomeBeforeTax": 93000000,
        "incomeBeforeTaxRatio": 0.3263157895,
        "incomeTaxExpense": 36000000,
        "netIncome": 57000000,
        "netIncomeRatio": 0.2,
        "eps": 0.0646,
        "epsdiluted": 0.0646,
        "weightedAverageShsOut": 882597000,
        "weightedAverageShsOutDil": 882597000,
        "link": "https://www.sec.gov/Archives/edgar/data/787250/000110465904033736/0001104659-04-033736-index.htm",
        "finalLink": "https://www.sec.gov/Archives/edgar/data/787250/000110465904033736/a04-11518_210q.htm"
    },
    {
        "date": "2004-03-31",
        "symbol": "DPL",
        "reportedCurrency": "USD",
        "cik": "0000787250",
        "fillingDate": "2004-11-05",
        "acceptedDate": "2004-11-05 07:04:49",
        "calendarYear": "2004",
        "period": "Q1",
        "revenue": 302000000,
        "costOfRevenue": 2000000,
        "grossProfit": 300000000,
        "grossProfitRatio": 0.9933774834,
        "researchAndDevelopmentExpenses": 0,
        "generalAndAdministrativeExpenses": 0,
        "sellingAndMarketingExpenses": 0,
        "sellingGeneralAndAdministrativeExpenses": 203000000,
        "otherExpenses": 0,
        "operatingExpenses": 203000000,
        "costAndExpenses": 205000000,
        "interestIncome": 0,
        "interestExpense": 44000000,
        "depreciationAndAmortization": 34000000,
        "ebitda": 158000000,
        "ebitdaratio": 0.5231788079,
        "operatingIncome": 98000000,
        "operatingIncomeRatio": 0.3245033113,
        "totalOtherIncomeExpensesNet": -18000000,
        "incomeBeforeTax": 80000000,
        "incomeBeforeTaxRatio": 0.2649006623,
        "incomeTaxExpense": 31000000,
        "netIncome": 49000000,
        "netIncomeRatio": 0.1622516556,
        "eps": 0.12,
        "epsdiluted": 0.12,
        "weightedAverageShsOut": 408333000,
        "weightedAverageShsOutDil": 408333000,
        "link": "https://www.sec.gov/Archives/edgar/data/787250/000110465904033734/0001104659-04-033734-index.htm",
        "finalLink": "https://www.sec.gov/Archives/edgar/data/787250/000110465904033734/a04-11518_110q.htm"
    },
    {
        "date": "2003-12-31",
        "symbol": "DPL",
        "reportedCurrency": "USD",
        "cik": "0000787250",
        "fillingDate": "2004-11-05",
        "acceptedDate": "2004-11-05 06:11:31",
        "calendarYear": "2003",
        "period": "Q4",
        "revenue": 1184000000,
        "costOfRevenue": 10000000,
        "grossProfit": 1174000000,
        "grossProfitRatio": 0.9915540541,
        "researchAndDevelopmentExpenses": 0,
        "generalAndAdministrativeExpenses": 0,
        "sellingAndMarketingExpenses": 0,
        "sellingGeneralAndAdministrativeExpenses": 759000000,
        "otherExpenses": 0,
        "operatingExpenses": 759000000,
        "costAndExpenses": 769000000,
        "interestIncome": 0,
        "interestExpense": 139000000,
        "depreciationAndAmortization": 103000000,
        "ebitda": 262000000,
        "ebitdaratio": 0.2212837838,
        "operatingIncome": 313000000,
        "operatingIncomeRatio": 0.2643581081,
        "totalOtherIncomeExpensesNet": -294000000,
        "incomeBeforeTax": 19000000,
        "incomeBeforeTaxRatio": 0.0160472973,
        "incomeTaxExpense": 6000000,
        "netIncome": 14000000,
        "netIncomeRatio": 0.0118243243,
        "eps": 0.12,
        "epsdiluted": 0.12,
        "weightedAverageShsOut": 119178082,
        "weightedAverageShsOutDil": 119178082,
        "link": "https://www.sec.gov/Archives/edgar/data/787250/000120677404001595/0001206774-04-001595-index.htm",
        "finalLink": "https://www.sec.gov/Archives/edgar/data/787250/000120677404001595/dpl908040.htm"
    },
    {
        "date": "2003-09-30",
        "symbol": "DPL",
        "reportedCurrency": "USD",
        "cik": "0000787250",
        "fillingDate": "2003-11-06",
        "acceptedDate": "2003-11-06 17:14:26",
        "calendarYear": "2003",
        "period": "Q3",
        "revenue": 2000000,
        "costOfRevenue": 2000000,
        "grossProfit": 0,
        "grossProfitRatio": 0,
        "researchAndDevelopmentExpenses": 0,
        "generalAndAdministrativeExpenses": 0,
        "sellingAndMarketingExpenses": 0,
        "sellingGeneralAndAdministrativeExpenses": 0,
        "otherExpenses": 113000000,
        "operatingExpenses": 113000000,
        "costAndExpenses": 2000000,
        "interestIncome": 0,
        "interestExpense": 40000000,
        "depreciationAndAmortization": -34000000,
        "ebitda": 123000000,
        "ebitdaratio": 61.5,
        "operatingIncome": 113000000,
        "operatingIncomeRatio": 56.5,
        "totalOtherIncomeExpensesNet": 5000000,
        "incomeBeforeTax": 118000000,
        "incomeBeforeTaxRatio": 59,
        "incomeTaxExpense": 44000000,
        "netIncome": 73000000,
        "netIncomeRatio": 36.5,
        "eps": 0.12,
        "epsdiluted": 0.12,
        "weightedAverageShsOut": 611390000,
        "weightedAverageShsOutDil": 611390000,
        "link": "https://www.sec.gov/Archives/edgar/data/787250/000104746903036329/0001047469-03-036329-index.htm",
        "finalLink": "https://www.sec.gov/Archives/edgar/data/787250/000104746903036329/a2121092z10-q.htm"
    },
    {
        "date": "2003-06-30",
        "symbol": "DPL",
        "reportedCurrency": "USD",
        "cik": "0000787250",
        "fillingDate": "2003-08-05",
        "acceptedDate": "2003-08-04 20:27:40",
        "calendarYear": "2003",
        "period": "Q2",
        "revenue": 2000000,
        "costOfRevenue": 2000000,
        "grossProfit": 0,
        "grossProfitRatio": 0,
        "researchAndDevelopmentExpenses": 0,
        "generalAndAdministrativeExpenses": 0,
        "sellingAndMarketingExpenses": 0,
        "sellingGeneralAndAdministrativeExpenses": 0,
        "otherExpenses": 73000000,
        "operatingExpenses": 73000000,
        "costAndExpenses": 2000000,
        "interestIncome": 0,
        "interestExpense": 38000000,
        "depreciationAndAmortization": 35000000,
        "ebitda": 124000000,
        "ebitdaratio": 62,
        "operatingIncome": 73000000,
        "operatingIncomeRatio": 36.5,
        "totalOtherIncomeExpensesNet": -22000000,
        "incomeBeforeTax": 51000000,
        "incomeBeforeTaxRatio": 25.5,
        "incomeTaxExpense": 17000000,
        "netIncome": 34000000,
        "netIncomeRatio": 17,
        "eps": 0.12,
        "epsdiluted": 0.12,
        "weightedAverageShsOut": 283333000,
        "weightedAverageShsOutDil": 283333000,
        "link": "https://www.sec.gov/Archives/edgar/data/787250/000104746903026156/0001047469-03-026156-index.htm",
        "finalLink": "https://www.sec.gov/Archives/edgar/data/787250/000104746903026156/a2115778z10-q.htm"
    },
    {
        "date": "2003-03-31",
        "symbol": "DPL",
        "reportedCurrency": "USD",
        "cik": "0000787250",
        "fillingDate": "2003-05-01",
        "acceptedDate": "2003-04-30 18:12:46",
        "calendarYear": "2003",
        "period": "Q1",
        "revenue": 2000000,
        "costOfRevenue": 2000000,
        "grossProfit": 0,
        "grossProfitRatio": 0,
        "researchAndDevelopmentExpenses": 0,
        "generalAndAdministrativeExpenses": 0,
        "sellingAndMarketingExpenses": 0,
        "sellingGeneralAndAdministrativeExpenses": 0,
        "otherExpenses": 106000000,
        "operatingExpenses": 106000000,
        "costAndExpenses": 2000000,
        "interestIncome": 0,
        "interestExpense": 39000000,
        "depreciationAndAmortization": 34000000,
        "ebitda": 126000000,
        "ebitdaratio": 63,
        "operatingIncome": 106000000,
        "operatingIncomeRatio": 53,
        "totalOtherIncomeExpensesNet": -48000000,
        "incomeBeforeTax": 58000000,
        "incomeBeforeTaxRatio": 29,
        "incomeTaxExpense": -9000000,
        "netIncome": 53000000,
        "netIncomeRatio": 26.5,
        "eps": 0.12,
        "epsdiluted": 0.12,
        "weightedAverageShsOut": 442404000,
        "weightedAverageShsOutDil": 442404000,
        "link": "https://www.sec.gov/Archives/edgar/data/787250/000110465903007750/0001104659-03-007750-index.htm",
        "finalLink": "https://www.sec.gov/Archives/edgar/data/787250/000110465903007750/j0084_10q.htm"
    },
    {
        "date": "2002-12-31",
        "symbol": "DPL",
        "reportedCurrency": "USD",
        "cik": "0000787250",
        "fillingDate": "2003-02-20",
        "acceptedDate": "2003-02-20 16:26:25",
        "calendarYear": "2002",
        "period": "Q4",
        "revenue": 12000000,
        "costOfRevenue": 12000000,
        "grossProfit": 0,
        "grossProfitRatio": 0,
        "researchAndDevelopmentExpenses": 0,
        "generalAndAdministrativeExpenses": 0,
        "sellingAndMarketingExpenses": 0,
        "sellingGeneralAndAdministrativeExpenses": 759000000,
        "otherExpenses": 0,
        "operatingExpenses": 759000000,
        "costAndExpenses": 771000000,
        "interestIncome": 0,
        "interestExpense": 154000000,
        "depreciationAndAmortization": 99000000,
        "ebitda": 340000000,
        "ebitdaratio": 28.3333333333,
        "operatingIncome": 426000000,
        "operatingIncomeRatio": 35.5,
        "totalOtherIncomeExpensesNet": -339000000,
        "incomeBeforeTax": 87000000,
        "incomeBeforeTaxRatio": 7.25,
        "incomeTaxExpense": 0,
        "netIncome": 87000000,
        "netIncomeRatio": 7.25,
        "eps": 0.73,
        "epsdiluted": 0.73,
        "weightedAverageShsOut": 119178082,
        "weightedAverageShsOutDil": 119178082,
        "link": "https://www.sec.gov/Archives/edgar/data/787250/000120677403000067/0001206774-03-000067-index.htm",
        "finalLink": "https://www.sec.gov/Archives/edgar/data/787250/000120677403000067/d11872.htm"
    },
    {
        "date": "2002-09-30",
        "symbol": "DPL",
        "reportedCurrency": "USD",
        "cik": "0000787250",
        "fillingDate": "2002-10-31",
        "acceptedDate": "2002-10-30 17:41:33",
        "calendarYear": "2002",
        "period": "Q3",
        "revenue": 349000000,
        "costOfRevenue": 6000000,
        "grossProfit": 343000000,
        "grossProfitRatio": 0.9828080229,
        "researchAndDevelopmentExpenses": 0,
        "generalAndAdministrativeExpenses": 0,
        "sellingAndMarketingExpenses": 0,
        "sellingGeneralAndAdministrativeExpenses": 198000000,
        "otherExpenses": 0,
        "operatingExpenses": 198000000,
        "costAndExpenses": 192000000,
        "interestIncome": 0,
        "interestExpense": -75000000,
        "depreciationAndAmortization": -31000000,
        "ebitda": -21000000,
        "ebitdaratio": -0.0601719198,
        "operatingIncome": -63000000,
        "operatingIncomeRatio": -0.1805157593,
        "totalOtherIncomeExpensesNet": 199000000,
        "incomeBeforeTax": 136000000,
        "incomeBeforeTaxRatio": 0.3896848138,
        "incomeTaxExpense": 124000000,
        "netIncome": 85000000,
        "netIncomeRatio": 0.2435530086,
        "eps": 0.72,
        "epsdiluted": 0.72,
        "weightedAverageShsOut": 118571428,
        "weightedAverageShsOutDil": 118571428,
        "link": "https://www.sec.gov/Archives/edgar/data/787250/000091205702040358/0000912057-02-040358-index.htm",
        "finalLink": "https://www.sec.gov/Archives/edgar/data/787250/000091205702040358/a2092294z10-q.htm"
    }
]