[
    {
        "date": "2025-06-30",
        "symbol": "DYN",
        "reportedCurrency": "USD",
        "cik": "0001818794",
        "fillingDate": "2025-07-28",
        "acceptedDate": "2025-07-28 16:08:19",
        "calendarYear": "2025",
        "period": "Q2",
        "revenue": 0,
        "costOfRevenue": 500000,
        "grossProfit": -500000,
        "grossProfitRatio": 0,
        "researchAndDevelopmentExpenses": 99236000,
        "generalAndAdministrativeExpenses": 16555000,
        "sellingAndMarketingExpenses": 0,
        "sellingGeneralAndAdministrativeExpenses": 16555000,
        "otherExpenses": 0,
        "operatingExpenses": 115791000,
        "costAndExpenses": 115791000,
        "interestIncome": 6625000,
        "interestExpense": 94000,
        "depreciationAndAmortization": 500000,
        "ebitda": -115791000,
        "ebitdaratio": 0,
        "operatingIncome": -115791000,
        "operatingIncomeRatio": 0,
        "totalOtherIncomeExpensesNet": 4934000,
        "incomeBeforeTax": -110857000,
        "incomeBeforeTaxRatio": 0,
        "incomeTaxExpense": 0,
        "netIncome": -110857000,
        "netIncomeRatio": 0,
        "eps": -0.97,
        "epsdiluted": -0.97,
        "weightedAverageShsOut": 113873000,
        "weightedAverageShsOutDil": 113873000,
        "link": "https://www.sec.gov/Archives/edgar/data/1818794/000095017025099161/0000950170-25-099161-index.htm",
        "finalLink": "https://www.sec.gov/Archives/edgar/data/1818794/000095017025099161/dyn-20250630.htm"
    },
    {
        "date": "2025-03-31",
        "symbol": "DYN",
        "reportedCurrency": "USD",
        "cik": "0001818794",
        "fillingDate": "2025-05-08",
        "acceptedDate": "2025-05-08 07:25:17",
        "calendarYear": "2025",
        "period": "Q1",
        "revenue": 0,
        "costOfRevenue": 502000,
        "grossProfit": -502000,
        "grossProfitRatio": 0,
        "researchAndDevelopmentExpenses": 106447000,
        "generalAndAdministrativeExpenses": 15925000,
        "sellingAndMarketingExpenses": 0,
        "sellingGeneralAndAdministrativeExpenses": 15925000,
        "otherExpenses": 0,
        "operatingExpenses": 122372000,
        "costAndExpenses": 122372000,
        "interestIncome": 7100000,
        "interestExpense": 0,
        "depreciationAndAmortization": 502000,
        "ebitda": -121870000,
        "ebitdaratio": 0,
        "operatingIncome": -122372000,
        "operatingIncomeRatio": 0,
        "totalOtherIncomeExpensesNet": 7011000,
        "incomeBeforeTax": -115361000,
        "incomeBeforeTaxRatio": 0,
        "incomeTaxExpense": 0,
        "netIncome": -115361000,
        "netIncomeRatio": 0,
        "eps": -1.05,
        "epsdiluted": -1.05,
        "weightedAverageShsOut": 109912000,
        "weightedAverageShsOutDil": 109912000,
        "link": "https://www.sec.gov/Archives/edgar/data/1818794/000095017025066386/0000950170-25-066386-index.htm",
        "finalLink": "https://www.sec.gov/Archives/edgar/data/1818794/000095017025066386/dyn-20250331.htm"
    },
    {
        "date": "2024-12-31",
        "symbol": "DYN",
        "reportedCurrency": "USD",
        "cik": "0001818794",
        "fillingDate": "2025-02-27",
        "acceptedDate": "2025-02-27 07:20:24",
        "calendarYear": "2024",
        "period": "Q4",
        "revenue": 1572000,
        "costOfRevenue": 0,
        "grossProfit": 786000,
        "grossProfitRatio": 0.5,
        "researchAndDevelopmentExpenses": 81805000,
        "generalAndAdministrativeExpenses": 15303000,
        "sellingAndMarketingExpenses": 0,
        "sellingGeneralAndAdministrativeExpenses": 15303000,
        "otherExpenses": 0,
        "operatingExpenses": 97108000,
        "costAndExpenses": 97108000,
        "interestIncome": 7592000,
        "interestExpense": 0,
        "depreciationAndAmortization": 450000,
        "ebitda": -96658000,
        "ebitdaratio": -61.4872773537,
        "operatingIncome": -97108000,
        "operatingIncomeRatio": -61.7735368957,
        "totalOtherIncomeExpensesNet": 7566000,
        "incomeBeforeTax": -89542000,
        "incomeBeforeTaxRatio": -56.9605597964,
        "incomeTaxExpense": 0,
        "netIncome": -89542000,
        "netIncomeRatio": -56.9605597964,
        "eps": -0.88,
        "epsdiluted": -0.88,
        "weightedAverageShsOut": 101982000,
        "weightedAverageShsOutDil": 101982000,
        "link": "https://www.sec.gov/Archives/edgar/data/1818794/000095017025028356/0000950170-25-028356-index.htm",
        "finalLink": "https://www.sec.gov/Archives/edgar/data/1818794/000095017025028356/dyn-20241231.htm"
    },
    {
        "date": "2024-09-30",
        "symbol": "DYN",
        "reportedCurrency": "USD",
        "cik": "0001818794",
        "fillingDate": "2024-09-30",
        "acceptedDate": "2024-09-30 00:00:00",
        "calendarYear": "2024",
        "period": "Q3",
        "revenue": 0,
        "costOfRevenue": 400000,
        "grossProfit": -400000,
        "grossProfitRatio": 0,
        "researchAndDevelopmentExpenses": 92800000,
        "generalAndAdministrativeExpenses": 12859000,
        "sellingAndMarketingExpenses": 0,
        "sellingGeneralAndAdministrativeExpenses": 12859000,
        "otherExpenses": 0,
        "operatingExpenses": 105659000,
        "costAndExpenses": 105659000,
        "interestIncome": 9276000,
        "interestExpense": 0,
        "depreciationAndAmortization": 438000,
        "ebitda": -105221000,
        "ebitdaratio": 0,
        "operatingIncome": -105659000,
        "operatingIncomeRatio": 0,
        "totalOtherIncomeExpensesNet": 8534000,
        "incomeBeforeTax": -97125000,
        "incomeBeforeTaxRatio": 0,
        "incomeTaxExpense": 0,
        "netIncome": -97125000,
        "netIncomeRatio": 0,
        "eps": -0.96,
        "epsdiluted": -0.96,
        "weightedAverageShsOut": 100882000,
        "weightedAverageShsOutDil": 100882000,
        "link": null,
        "finalLink": null
    },
    {
        "date": "2024-06-30",
        "symbol": "DYN",
        "reportedCurrency": "USD",
        "cik": "0001818794",
        "fillingDate": "2024-08-12",
        "acceptedDate": "2024-08-12 17:05:19",
        "calendarYear": "2024",
        "period": "Q2",
        "revenue": 0,
        "costOfRevenue": 400000,
        "grossProfit": -400000,
        "grossProfitRatio": 0,
        "researchAndDevelopmentExpenses": 62263000,
        "generalAndAdministrativeExpenses": 9699000,
        "sellingAndMarketingExpenses": 0,
        "sellingGeneralAndAdministrativeExpenses": 9699000,
        "otherExpenses": 0,
        "operatingExpenses": 71962000,
        "costAndExpenses": 71962000,
        "interestIncome": 7052000,
        "interestExpense": 0,
        "depreciationAndAmortization": 399000,
        "ebitda": -71563000,
        "ebitdaratio": 0,
        "operatingIncome": -71962000,
        "operatingIncomeRatio": 0,
        "totalOtherIncomeExpensesNet": 6860000,
        "incomeBeforeTax": -65102000,
        "incomeBeforeTaxRatio": 0,
        "incomeTaxExpense": 0,
        "netIncome": -65102000,
        "netIncomeRatio": 0,
        "eps": -0.7,
        "epsdiluted": -0.7,
        "weightedAverageShsOut": 92507815,
        "weightedAverageShsOutDil": 92507815,
        "link": "https://www.sec.gov/Archives/edgar/data/1818794/000095017024095527/0000950170-24-095527-index.htm",
        "finalLink": "https://www.sec.gov/Archives/edgar/data/1818794/000095017024095527/dyn-20240630.htm"
    },
    {
        "date": "2024-03-31",
        "symbol": "DYN",
        "reportedCurrency": "USD",
        "cik": "0001818794",
        "fillingDate": "2024-05-02",
        "acceptedDate": "2024-05-02 16:05:34",
        "calendarYear": "2024",
        "period": "Q1",
        "revenue": 0,
        "costOfRevenue": 386000,
        "grossProfit": -386000,
        "grossProfitRatio": 0,
        "researchAndDevelopmentExpenses": 44539000,
        "generalAndAdministrativeExpenses": 24618000,
        "sellingAndMarketingExpenses": 0,
        "sellingGeneralAndAdministrativeExpenses": 24618000,
        "otherExpenses": 0,
        "operatingExpenses": 69157000,
        "costAndExpenses": 69157000,
        "interestIncome": 3002000,
        "interestExpense": 0,
        "depreciationAndAmortization": 386000,
        "ebitda": -68771000,
        "ebitdaratio": 0,
        "operatingIncome": -69157000,
        "operatingIncomeRatio": 0,
        "totalOtherIncomeExpensesNet": 3508000,
        "incomeBeforeTax": -65649000,
        "incomeBeforeTaxRatio": 0,
        "incomeTaxExpense": 0,
        "netIncome": -65649000,
        "netIncomeRatio": 0,
        "eps": -0.81,
        "epsdiluted": -0.81,
        "weightedAverageShsOut": 81043741,
        "weightedAverageShsOutDil": 81043741,
        "link": "https://www.sec.gov/Archives/edgar/data/1818794/000095017024052066/0000950170-24-052066-index.htm",
        "finalLink": "https://www.sec.gov/Archives/edgar/data/1818794/000095017024052066/dyn-20240331.htm"
    },
    {
        "date": "2023-12-31",
        "symbol": "DYN",
        "reportedCurrency": "USD",
        "cik": "0001818794",
        "fillingDate": "2024-03-05",
        "acceptedDate": "2024-03-05 07:35:27",
        "calendarYear": "2023",
        "period": "Q4",
        "revenue": 3788000,
        "costOfRevenue": 567000,
        "grossProfit": 3221000,
        "grossProfitRatio": 0.8503167899,
        "researchAndDevelopmentExpenses": 58844000,
        "generalAndAdministrativeExpenses": 8844000,
        "sellingAndMarketingExpenses": -567000,
        "sellingGeneralAndAdministrativeExpenses": 8277000,
        "otherExpenses": 567000,
        "operatingExpenses": 67688000,
        "costAndExpenses": 67688000,
        "interestIncome": 1751000,
        "interestExpense": 0,
        "depreciationAndAmortization": 567000,
        "ebitda": -67289000,
        "ebitdaratio": -17.7637275607,
        "operatingIncome": -67688000,
        "operatingIncomeRatio": -17.8690601901,
        "totalOtherIncomeExpensesNet": 1050000,
        "incomeBeforeTax": -66638000,
        "incomeBeforeTaxRatio": -17.5918690602,
        "incomeTaxExpense": 0,
        "netIncome": -66638000,
        "netIncomeRatio": -17.5918690602,
        "eps": -1.09,
        "epsdiluted": -1.09,
        "weightedAverageShsOut": 61393409,
        "weightedAverageShsOutDil": 61393409,
        "link": "https://www.sec.gov/Archives/edgar/data/1818794/000095017024025402/0000950170-24-025402-index.htm",
        "finalLink": "https://www.sec.gov/Archives/edgar/data/1818794/000095017024025402/dyn-20231231.htm"
    },
    {
        "date": "2023-09-30",
        "symbol": "DYN",
        "reportedCurrency": "USD",
        "cik": "0001818794",
        "fillingDate": "2023-10-30",
        "acceptedDate": "2023-10-30 07:25:22",
        "calendarYear": "2023",
        "period": "Q3",
        "revenue": 0,
        "costOfRevenue": 597000,
        "grossProfit": -597000,
        "grossProfitRatio": 0,
        "researchAndDevelopmentExpenses": 55251000,
        "generalAndAdministrativeExpenses": 7022000,
        "sellingAndMarketingExpenses": 0,
        "sellingGeneralAndAdministrativeExpenses": 7022000,
        "otherExpenses": 0,
        "operatingExpenses": 62273000,
        "costAndExpenses": 62273000,
        "interestIncome": 2189000,
        "interestExpense": 0,
        "depreciationAndAmortization": 597000,
        "ebitda": -61842000,
        "ebitdaratio": 0,
        "operatingIncome": -62273000,
        "operatingIncomeRatio": 0,
        "totalOtherIncomeExpensesNet": 2063000,
        "incomeBeforeTax": -60210000,
        "incomeBeforeTaxRatio": 0,
        "incomeTaxExpense": 0,
        "netIncome": -60210000,
        "netIncomeRatio": 0,
        "eps": -0.99,
        "epsdiluted": -0.99,
        "weightedAverageShsOut": 61109917,
        "weightedAverageShsOutDil": 61109917,
        "link": "https://www.sec.gov/Archives/edgar/data/1818794/000095017023056121/0000950170-23-056121-index.htm",
        "finalLink": "https://www.sec.gov/Archives/edgar/data/1818794/000095017023056121/dyn-20230930.htm"
    },
    {
        "date": "2023-06-30",
        "symbol": "DYN",
        "reportedCurrency": "USD",
        "cik": "0001818794",
        "fillingDate": "2023-08-03",
        "acceptedDate": "2023-08-03 07:26:19",
        "calendarYear": "2023",
        "period": "Q2",
        "revenue": 0,
        "costOfRevenue": 674000,
        "grossProfit": -674000,
        "grossProfitRatio": 0,
        "researchAndDevelopmentExpenses": 59130000,
        "generalAndAdministrativeExpenses": 7606000,
        "sellingAndMarketingExpenses": 0,
        "sellingGeneralAndAdministrativeExpenses": 7606000,
        "otherExpenses": -373000,
        "operatingExpenses": 66736000,
        "costAndExpenses": 66736000,
        "interestIncome": 2207000,
        "interestExpense": 0,
        "depreciationAndAmortization": 674000,
        "ebitda": -66305000,
        "ebitdaratio": 0,
        "operatingIncome": -66736000,
        "operatingIncomeRatio": 0,
        "totalOtherIncomeExpensesNet": 1834000,
        "incomeBeforeTax": -64902000,
        "incomeBeforeTaxRatio": 0,
        "incomeTaxExpense": 0,
        "netIncome": -64902000,
        "netIncomeRatio": 0,
        "eps": -1.08,
        "epsdiluted": -1.08,
        "weightedAverageShsOut": 59835087,
        "weightedAverageShsOutDil": 59835087,
        "link": "https://www.sec.gov/Archives/edgar/data/1818794/000095017023037585/0000950170-23-037585-index.htm",
        "finalLink": "https://www.sec.gov/Archives/edgar/data/1818794/000095017023037585/dyn-20230630.htm"
    },
    {
        "date": "2023-03-31",
        "symbol": "DYN",
        "reportedCurrency": "USD",
        "cik": "0001818794",
        "fillingDate": "2023-05-11",
        "acceptedDate": "2023-05-11 07:26:57",
        "calendarYear": "2023",
        "period": "Q1",
        "revenue": 0,
        "costOfRevenue": 623000,
        "grossProfit": -623000,
        "grossProfitRatio": 0,
        "researchAndDevelopmentExpenses": 37536000,
        "generalAndAdministrativeExpenses": 7928000,
        "sellingAndMarketingExpenses": 0,
        "sellingGeneralAndAdministrativeExpenses": 7928000,
        "otherExpenses": 1277000,
        "operatingExpenses": 45464000,
        "costAndExpenses": 45464000,
        "interestIncome": 1493000,
        "interestExpense": 0,
        "depreciationAndAmortization": 623000,
        "ebitda": -45052000,
        "ebitdaratio": 0,
        "operatingIncome": -45464000,
        "operatingIncomeRatio": 0,
        "totalOtherIncomeExpensesNet": 1277000,
        "incomeBeforeTax": -44187000,
        "incomeBeforeTaxRatio": 0,
        "incomeTaxExpense": -1689000,
        "netIncome": -42498000,
        "netIncomeRatio": 0,
        "eps": -0.75,
        "epsdiluted": -0.75,
        "weightedAverageShsOut": 56325864,
        "weightedAverageShsOutDil": 56325864,
        "link": "https://www.sec.gov/Archives/edgar/data/1818794/000095017023020839/0000950170-23-020839-index.htm",
        "finalLink": "https://www.sec.gov/Archives/edgar/data/1818794/000095017023020839/dyn-20230331.htm"
    },
    {
        "date": "2022-12-31",
        "symbol": "DYN",
        "reportedCurrency": "USD",
        "cik": "0001818794",
        "fillingDate": "2023-03-02",
        "acceptedDate": "2023-03-02 07:21:01",
        "calendarYear": "2022",
        "period": "Q4",
        "revenue": 0,
        "costOfRevenue": 615000,
        "grossProfit": -615000,
        "grossProfitRatio": 0,
        "researchAndDevelopmentExpenses": 33191000,
        "generalAndAdministrativeExpenses": 6955000,
        "sellingAndMarketingExpenses": 0,
        "sellingGeneralAndAdministrativeExpenses": 6955000,
        "otherExpenses": 1319000,
        "operatingExpenses": 40146000,
        "costAndExpenses": 40146000,
        "interestIncome": 1342000,
        "interestExpense": 0,
        "depreciationAndAmortization": 615000,
        "ebitda": -40146000,
        "ebitdaratio": 0,
        "operatingIncome": -40146000,
        "operatingIncomeRatio": 0,
        "totalOtherIncomeExpensesNet": 1318000,
        "incomeBeforeTax": -38827000,
        "incomeBeforeTaxRatio": 0,
        "incomeTaxExpense": -1317000,
        "netIncome": -37510000,
        "netIncomeRatio": 0,
        "eps": -0.71,
        "epsdiluted": -0.71,
        "weightedAverageShsOut": 52468918,
        "weightedAverageShsOutDil": 52468918,
        "link": "https://www.sec.gov/Archives/edgar/data/1818794/000095017023005708/0000950170-23-005708-index.htm",
        "finalLink": "https://www.sec.gov/Archives/edgar/data/1818794/000095017023005708/dyn-20221231.htm"
    },
    {
        "date": "2022-09-30",
        "symbol": "DYN",
        "reportedCurrency": "USD",
        "cik": "0001818794",
        "fillingDate": "2022-11-03",
        "acceptedDate": "2022-11-03 07:26:14",
        "calendarYear": "2022",
        "period": "Q3",
        "revenue": 0,
        "costOfRevenue": 397000,
        "grossProfit": -397000,
        "grossProfitRatio": 0,
        "researchAndDevelopmentExpenses": 34670000,
        "generalAndAdministrativeExpenses": 7609000,
        "sellingAndMarketingExpenses": 0,
        "sellingGeneralAndAdministrativeExpenses": 7609000,
        "otherExpenses": -9000,
        "operatingExpenses": 42279000,
        "costAndExpenses": 42279000,
        "interestIncome": 903000,
        "interestExpense": 0,
        "depreciationAndAmortization": 397000,
        "ebitda": -41882000,
        "ebitdaratio": 0,
        "operatingIncome": -42279000,
        "operatingIncomeRatio": 0,
        "totalOtherIncomeExpensesNet": 894000,
        "incomeBeforeTax": -41385000,
        "incomeBeforeTaxRatio": 0,
        "incomeTaxExpense": -894000,
        "netIncome": -40491000,
        "netIncomeRatio": 0,
        "eps": -0.78,
        "epsdiluted": -0.78,
        "weightedAverageShsOut": 51795446,
        "weightedAverageShsOutDil": 51795446,
        "link": "https://www.sec.gov/Archives/edgar/data/1818794/000095017022021546/0000950170-22-021546-index.htm",
        "finalLink": "https://www.sec.gov/Archives/edgar/data/1818794/000095017022021546/dyn-20220930.htm"
    },
    {
        "date": "2022-06-30",
        "symbol": "DYN",
        "reportedCurrency": "USD",
        "cik": "0001818794",
        "fillingDate": "2022-08-04",
        "acceptedDate": "2022-08-04 07:25:49",
        "calendarYear": "2022",
        "period": "Q2",
        "revenue": 0,
        "costOfRevenue": 1642000,
        "grossProfit": -1642000,
        "grossProfitRatio": 0,
        "researchAndDevelopmentExpenses": 46664000,
        "generalAndAdministrativeExpenses": 6091000,
        "sellingAndMarketingExpenses": 0,
        "sellingGeneralAndAdministrativeExpenses": 6091000,
        "otherExpenses": 10000,
        "operatingExpenses": 52755000,
        "costAndExpenses": 52755000,
        "interestIncome": 441000,
        "interestExpense": 0,
        "depreciationAndAmortization": 1642000,
        "ebitda": -52295000,
        "ebitdaratio": 0,
        "operatingIncome": -52755000,
        "operatingIncomeRatio": 0,
        "totalOtherIncomeExpensesNet": 451000,
        "incomeBeforeTax": -52304000,
        "incomeBeforeTaxRatio": 0,
        "incomeTaxExpense": -441000,
        "netIncome": -52304000,
        "netIncomeRatio": 0,
        "eps": -1.01,
        "epsdiluted": -1.01,
        "weightedAverageShsOut": 51679536,
        "weightedAverageShsOutDil": 51679536,
        "link": "https://www.sec.gov/Archives/edgar/data/1818794/000095017022014474/0000950170-22-014474-index.htm",
        "finalLink": "https://www.sec.gov/Archives/edgar/data/1818794/000095017022014474/dyn-20220630.htm"
    },
    {
        "date": "2022-03-31",
        "symbol": "DYN",
        "reportedCurrency": "USD",
        "cik": "0001818794",
        "fillingDate": "2022-05-02",
        "acceptedDate": "2022-05-02 16:05:01",
        "calendarYear": "2022",
        "period": "Q1",
        "revenue": 0,
        "costOfRevenue": 1466000,
        "grossProfit": -1466000,
        "grossProfitRatio": 0,
        "researchAndDevelopmentExpenses": 28236000,
        "generalAndAdministrativeExpenses": 7547000,
        "sellingAndMarketingExpenses": 0,
        "sellingGeneralAndAdministrativeExpenses": 7547000,
        "otherExpenses": 0,
        "operatingExpenses": 35783000,
        "costAndExpenses": 35783000,
        "interestIncome": 230000,
        "interestExpense": 0,
        "depreciationAndAmortization": 1466000,
        "ebitda": -35358000,
        "ebitdaratio": 0,
        "operatingIncome": -35783000,
        "operatingIncomeRatio": 0,
        "totalOtherIncomeExpensesNet": 200000,
        "incomeBeforeTax": -35583000,
        "incomeBeforeTaxRatio": 0,
        "incomeTaxExpense": -200000,
        "netIncome": -35383000,
        "netIncomeRatio": 0,
        "eps": -0.69,
        "epsdiluted": -0.69,
        "weightedAverageShsOut": 51601444,
        "weightedAverageShsOutDil": 51601444,
        "link": "https://www.sec.gov/Archives/edgar/data/1818794/000095017022006860/0000950170-22-006860-index.htm",
        "finalLink": "https://www.sec.gov/Archives/edgar/data/1818794/000095017022006860/dyn-20220331.htm"
    },
    {
        "date": "2021-12-31",
        "symbol": "DYN",
        "reportedCurrency": "USD",
        "cik": "0001818794",
        "fillingDate": "2022-03-10",
        "acceptedDate": "2022-03-10 07:21:20",
        "calendarYear": "2021",
        "period": "Q4",
        "revenue": 0,
        "costOfRevenue": 341000,
        "grossProfit": -341000,
        "grossProfitRatio": 0,
        "researchAndDevelopmentExpenses": 42301000,
        "generalAndAdministrativeExpenses": 9659000,
        "sellingAndMarketingExpenses": 0,
        "sellingGeneralAndAdministrativeExpenses": 9659000,
        "otherExpenses": 175000,
        "operatingExpenses": 51960000,
        "costAndExpenses": 51960000,
        "interestIncome": 182000,
        "interestExpense": 0,
        "depreciationAndAmortization": 341000,
        "ebitda": -51446000,
        "ebitdaratio": 0,
        "operatingIncome": -51960000,
        "operatingIncomeRatio": 0,
        "totalOtherIncomeExpensesNet": 174000,
        "incomeBeforeTax": -51786000,
        "incomeBeforeTaxRatio": 0,
        "incomeTaxExpense": 182000,
        "netIncome": -51786000,
        "netIncomeRatio": 0,
        "eps": -1,
        "epsdiluted": -1,
        "weightedAverageShsOut": 51543053,
        "weightedAverageShsOutDil": 51543053,
        "link": "https://www.sec.gov/Archives/edgar/data/1818794/000095017022003290/0000950170-22-003290-index.htm",
        "finalLink": "https://www.sec.gov/Archives/edgar/data/1818794/000095017022003290/dyn-20211231.htm"
    },
    {
        "date": "2021-09-30",
        "symbol": "DYN",
        "reportedCurrency": "USD",
        "cik": "0001818794",
        "fillingDate": "2021-11-04",
        "acceptedDate": "2021-11-04 07:26:06",
        "calendarYear": "2021",
        "period": "Q3",
        "revenue": 0,
        "costOfRevenue": 260000,
        "grossProfit": -260000,
        "grossProfitRatio": 0,
        "researchAndDevelopmentExpenses": 36510000,
        "generalAndAdministrativeExpenses": 6256000,
        "sellingAndMarketingExpenses": 0,
        "sellingGeneralAndAdministrativeExpenses": 6256000,
        "otherExpenses": 0,
        "operatingExpenses": 42766000,
        "costAndExpenses": 42766000,
        "interestIncome": 184000,
        "interestExpense": 0,
        "depreciationAndAmortization": 260000,
        "ebitda": -42506000,
        "ebitdaratio": 0,
        "operatingIncome": -42766000,
        "operatingIncomeRatio": 0,
        "totalOtherIncomeExpensesNet": 184000,
        "incomeBeforeTax": -42582000,
        "incomeBeforeTaxRatio": 0,
        "incomeTaxExpense": 184000,
        "netIncome": -42582000,
        "netIncomeRatio": 0,
        "eps": -0.83,
        "epsdiluted": -0.83,
        "weightedAverageShsOut": 51320940,
        "weightedAverageShsOutDil": 51320940,
        "link": "https://www.sec.gov/Archives/edgar/data/1818794/000095017021002933/0000950170-21-002933-index.htm",
        "finalLink": "https://www.sec.gov/Archives/edgar/data/1818794/000095017021002933/dyn-20210930.htm"
    },
    {
        "date": "2021-06-30",
        "symbol": "DYN",
        "reportedCurrency": "USD",
        "cik": "0001818794",
        "fillingDate": "2021-08-05",
        "acceptedDate": "2021-08-05 07:25:44",
        "calendarYear": "2021",
        "period": "Q2",
        "revenue": 0,
        "costOfRevenue": 241000,
        "grossProfit": -241000,
        "grossProfitRatio": 0,
        "researchAndDevelopmentExpenses": 23872000,
        "generalAndAdministrativeExpenses": 6293000,
        "sellingAndMarketingExpenses": 0,
        "sellingGeneralAndAdministrativeExpenses": 6293000,
        "otherExpenses": 0,
        "operatingExpenses": 30165000,
        "costAndExpenses": 30165000,
        "interestIncome": 210000,
        "interestExpense": 0,
        "depreciationAndAmortization": 241000,
        "ebitda": -29916000,
        "ebitdaratio": 0,
        "operatingIncome": -30165000,
        "operatingIncomeRatio": 0,
        "totalOtherIncomeExpensesNet": 210000,
        "incomeBeforeTax": -29955000,
        "incomeBeforeTaxRatio": 0,
        "incomeTaxExpense": 210000,
        "netIncome": -29955000,
        "netIncomeRatio": 0,
        "eps": -0.58,
        "epsdiluted": -0.58,
        "weightedAverageShsOut": 51216254,
        "weightedAverageShsOutDil": 51216254,
        "link": "https://www.sec.gov/Archives/edgar/data/1818794/000156459021041177/0001564590-21-041177-index.htm",
        "finalLink": "https://www.sec.gov/Archives/edgar/data/1818794/000156459021041177/dyn-10q_20210630.htm"
    },
    {
        "date": "2021-03-31",
        "symbol": "DYN",
        "reportedCurrency": "USD",
        "cik": "0001818794",
        "fillingDate": "2021-05-06",
        "acceptedDate": "2021-05-06 07:26:58",
        "calendarYear": "2021",
        "period": "Q1",
        "revenue": 0,
        "costOfRevenue": 231000,
        "grossProfit": -231000,
        "grossProfitRatio": 0,
        "researchAndDevelopmentExpenses": 18625000,
        "generalAndAdministrativeExpenses": 6509000,
        "sellingAndMarketingExpenses": 0,
        "sellingGeneralAndAdministrativeExpenses": 6509000,
        "otherExpenses": 0,
        "operatingExpenses": 25134000,
        "costAndExpenses": 25134000,
        "interestIncome": 166000,
        "interestExpense": 0,
        "depreciationAndAmortization": 231000,
        "ebitda": -24896000,
        "ebitdaratio": 0,
        "operatingIncome": -25134000,
        "operatingIncomeRatio": 0,
        "totalOtherIncomeExpensesNet": 166000,
        "incomeBeforeTax": -24968000,
        "incomeBeforeTaxRatio": 0,
        "incomeTaxExpense": 166000,
        "netIncome": -24968000,
        "netIncomeRatio": 0,
        "eps": -0.5,
        "epsdiluted": -0.5,
        "weightedAverageShsOut": 49472497,
        "weightedAverageShsOutDil": 49472497,
        "link": "https://www.sec.gov/Archives/edgar/data/1818794/000156459021024523/0001564590-21-024523-index.htm",
        "finalLink": "https://www.sec.gov/Archives/edgar/data/1818794/000156459021024523/dyn-10q_20210331.htm"
    },
    {
        "date": "2020-12-31",
        "symbol": "DYN",
        "reportedCurrency": "USD",
        "cik": "0001818794",
        "fillingDate": "2021-03-04",
        "acceptedDate": "2021-03-04 07:26:25",
        "calendarYear": "2020",
        "period": "Q4",
        "revenue": 0,
        "costOfRevenue": 0,
        "grossProfit": 0,
        "grossProfitRatio": 0,
        "researchAndDevelopmentExpenses": 22098000,
        "generalAndAdministrativeExpenses": 6502000,
        "sellingAndMarketingExpenses": 0,
        "sellingGeneralAndAdministrativeExpenses": 6502000,
        "otherExpenses": -49000,
        "operatingExpenses": 28600000,
        "costAndExpenses": 28600000,
        "interestIncome": 32000,
        "interestExpense": 81000,
        "depreciationAndAmortization": 217000,
        "ebitda": -28351000,
        "ebitdaratio": 0,
        "operatingIncome": -28600000,
        "operatingIncomeRatio": 0,
        "totalOtherIncomeExpensesNet": -49000,
        "incomeBeforeTax": -28649000,
        "incomeBeforeTaxRatio": 0,
        "incomeTaxExpense": -217000,
        "netIncome": -28649000,
        "netIncomeRatio": 0,
        "eps": -0.64,
        "epsdiluted": -0.64,
        "weightedAverageShsOut": 45058494,
        "weightedAverageShsOutDil": 45058494,
        "link": "https://www.sec.gov/Archives/edgar/data/1818794/000156459021010726/0001564590-21-010726-index.htm",
        "finalLink": "https://www.sec.gov/Archives/edgar/data/1818794/000156459021010726/dyn-10k_20201231.htm"
    },
    {
        "date": "2020-09-30",
        "symbol": "DYN",
        "reportedCurrency": "USD",
        "cik": "0001818794",
        "fillingDate": "2020-11-05",
        "acceptedDate": "2020-11-05 07:30:42",
        "calendarYear": "2020",
        "period": "Q3",
        "revenue": 0,
        "costOfRevenue": 0,
        "grossProfit": 0,
        "grossProfitRatio": 0,
        "researchAndDevelopmentExpenses": 9679000,
        "generalAndAdministrativeExpenses": 3841000,
        "sellingAndMarketingExpenses": 0,
        "sellingGeneralAndAdministrativeExpenses": 3841000,
        "otherExpenses": 0,
        "operatingExpenses": 13520000,
        "costAndExpenses": 13520000,
        "interestIncome": 0,
        "interestExpense": 130000,
        "depreciationAndAmortization": 175000,
        "ebitda": -13615000,
        "ebitdaratio": 0,
        "operatingIncome": -13520000,
        "operatingIncomeRatio": 0,
        "totalOtherIncomeExpensesNet": -400000,
        "incomeBeforeTax": -13920000,
        "incomeBeforeTaxRatio": 0,
        "incomeTaxExpense": 0,
        "netIncome": -13920000,
        "netIncomeRatio": 0,
        "eps": -0.31,
        "epsdiluted": -0.31,
        "weightedAverageShsOut": 45004247,
        "weightedAverageShsOutDil": 45004247,
        "link": "https://www.sec.gov/Archives/edgar/data/1818794/000156459020050870/0001564590-20-050870-index.htm",
        "finalLink": "https://www.sec.gov/Archives/edgar/data/1818794/000156459020050870/dyn-10q_20200930.htm"
    },
    {
        "date": "2020-06-30",
        "symbol": "DYN",
        "reportedCurrency": "USD",
        "cik": "0001818794",
        "fillingDate": "2020-06-30",
        "acceptedDate": "2020-06-29 20:00:00",
        "calendarYear": "2020",
        "period": "Q2",
        "revenue": 0,
        "costOfRevenue": 0,
        "grossProfit": 0,
        "grossProfitRatio": 0,
        "researchAndDevelopmentExpenses": 7334000,
        "generalAndAdministrativeExpenses": 1341000,
        "sellingAndMarketingExpenses": 0,
        "sellingGeneralAndAdministrativeExpenses": 1341000,
        "otherExpenses": 0,
        "operatingExpenses": 8675000,
        "costAndExpenses": 8675000,
        "interestIncome": 0,
        "interestExpense": 127000,
        "depreciationAndAmortization": 158000,
        "ebitda": -8697000,
        "ebitdaratio": 0,
        "operatingIncome": -8675000,
        "operatingIncomeRatio": 0,
        "totalOtherIncomeExpensesNet": -307000,
        "incomeBeforeTax": -8982000,
        "incomeBeforeTaxRatio": 0,
        "incomeTaxExpense": -53000,
        "netIncome": -8982000,
        "netIncomeRatio": 0,
        "eps": -0.22,
        "epsdiluted": -0.22,
        "weightedAverageShsOut": 41633643,
        "weightedAverageShsOutDil": 41633643,
        "link": "",
        "finalLink": ""
    },
    {
        "date": "2020-03-31",
        "symbol": "DYN",
        "reportedCurrency": "USD",
        "cik": "0001818794",
        "fillingDate": "2020-03-31",
        "acceptedDate": "2020-03-31 00:00:00",
        "calendarYear": "2020",
        "period": "Q1",
        "revenue": 0,
        "costOfRevenue": 0,
        "grossProfit": 0,
        "grossProfitRatio": 0,
        "researchAndDevelopmentExpenses": 6089000,
        "generalAndAdministrativeExpenses": 1764000,
        "sellingAndMarketingExpenses": 0,
        "sellingGeneralAndAdministrativeExpenses": 1764000,
        "otherExpenses": 0,
        "operatingExpenses": 7853000,
        "costAndExpenses": 7853000,
        "interestIncome": 24000,
        "interestExpense": 57000,
        "depreciationAndAmortization": 150000,
        "ebitda": -7679000,
        "ebitdaratio": 0,
        "operatingIncome": -7853000,
        "operatingIncomeRatio": 0,
        "totalOtherIncomeExpensesNet": -33000,
        "incomeBeforeTax": -7886000,
        "incomeBeforeTaxRatio": 0,
        "incomeTaxExpense": 24000,
        "netIncome": -7886000,
        "netIncomeRatio": 0,
        "eps": -0.62,
        "epsdiluted": -0.62,
        "weightedAverageShsOut": 12818114,
        "weightedAverageShsOutDil": 12818114,
        "link": "",
        "finalLink": ""
    },
    {
        "date": "2019-12-31",
        "symbol": "DYN",
        "reportedCurrency": "USD",
        "cik": "0001818794",
        "fillingDate": "2019-12-31",
        "acceptedDate": "2019-12-30 19:00:00",
        "calendarYear": "2019",
        "period": "Q4",
        "revenue": 0,
        "costOfRevenue": 0,
        "grossProfit": 0,
        "grossProfitRatio": 0,
        "researchAndDevelopmentExpenses": 4259000,
        "generalAndAdministrativeExpenses": 1211000,
        "sellingAndMarketingExpenses": 0,
        "sellingGeneralAndAdministrativeExpenses": 1211000,
        "otherExpenses": 0,
        "operatingExpenses": 5470000,
        "costAndExpenses": 5470000,
        "interestIncome": 67000,
        "interestExpense": 0,
        "depreciationAndAmortization": 146000,
        "ebitda": -5257000,
        "ebitdaratio": 0,
        "operatingIncome": -5470000,
        "operatingIncomeRatio": 0,
        "totalOtherIncomeExpensesNet": 67000,
        "incomeBeforeTax": -5403000,
        "incomeBeforeTaxRatio": 0,
        "incomeTaxExpense": 0,
        "netIncome": -5403000,
        "netIncomeRatio": 0,
        "eps": -0.42,
        "epsdiluted": -0.42,
        "weightedAverageShsOut": 12818114,
        "weightedAverageShsOutDil": 12818114,
        "link": "",
        "finalLink": ""
    },
    {
        "date": "2019-09-30",
        "symbol": "DYN",
        "reportedCurrency": "USD",
        "cik": "0001818794",
        "fillingDate": "2019-09-30",
        "acceptedDate": "2019-09-29 20:00:00",
        "calendarYear": "2019",
        "period": "Q3",
        "revenue": 0,
        "costOfRevenue": 0,
        "grossProfit": 0,
        "grossProfitRatio": 0,
        "researchAndDevelopmentExpenses": 2982000,
        "generalAndAdministrativeExpenses": 647000,
        "sellingAndMarketingExpenses": 0,
        "sellingGeneralAndAdministrativeExpenses": 647000,
        "otherExpenses": 0,
        "operatingExpenses": 3629000,
        "costAndExpenses": 3629000,
        "interestIncome": 110000,
        "interestExpense": 0,
        "depreciationAndAmortization": 103000,
        "ebitda": -5768000,
        "ebitdaratio": 0,
        "operatingIncome": -3629000,
        "operatingIncomeRatio": 0,
        "totalOtherIncomeExpensesNet": -2242000,
        "incomeBeforeTax": -5871000,
        "incomeBeforeTaxRatio": 0,
        "incomeTaxExpense": 0,
        "netIncome": -5871000,
        "netIncomeRatio": 0,
        "eps": -0.46,
        "epsdiluted": -0.46,
        "weightedAverageShsOut": 12818114,
        "weightedAverageShsOutDil": 12818114,
        "link": "",
        "finalLink": ""
    },
    {
        "date": "2019-06-30",
        "symbol": "DYN",
        "reportedCurrency": "USD",
        "cik": "0001818794",
        "fillingDate": "2019-06-30",
        "acceptedDate": "2019-06-29 20:00:00",
        "calendarYear": "2019",
        "period": "Q2",
        "revenue": 0,
        "costOfRevenue": 0,
        "grossProfit": 0,
        "grossProfitRatio": 0,
        "researchAndDevelopmentExpenses": 1899500,
        "generalAndAdministrativeExpenses": 463500,
        "sellingAndMarketingExpenses": 0,
        "sellingGeneralAndAdministrativeExpenses": 463500,
        "otherExpenses": 0,
        "operatingExpenses": 1848500,
        "costAndExpenses": 1848500,
        "interestIncome": 0,
        "interestExpense": 0,
        "depreciationAndAmortization": 11000,
        "ebitda": -2352000,
        "ebitdaratio": 0,
        "operatingIncome": -2363000,
        "operatingIncomeRatio": 0,
        "totalOtherIncomeExpensesNet": 571000,
        "incomeBeforeTax": -1792000,
        "incomeBeforeTaxRatio": 0,
        "incomeTaxExpense": 0,
        "netIncome": -1792000,
        "netIncomeRatio": 0,
        "eps": -0.76,
        "epsdiluted": -0.76,
        "weightedAverageShsOut": 2354000,
        "weightedAverageShsOutDil": 2354393,
        "link": null,
        "finalLink": null
    },
    {
        "date": "2019-03-31",
        "symbol": "DYN",
        "reportedCurrency": "USD",
        "cik": "0001818794",
        "fillingDate": "2019-03-31",
        "acceptedDate": "2019-03-30 20:00:00",
        "calendarYear": "2019",
        "period": "Q1",
        "revenue": 0,
        "costOfRevenue": 0,
        "grossProfit": 0,
        "grossProfitRatio": 0,
        "researchAndDevelopmentExpenses": 1899500,
        "generalAndAdministrativeExpenses": 463500,
        "sellingAndMarketingExpenses": 0,
        "sellingGeneralAndAdministrativeExpenses": 463500,
        "otherExpenses": 0,
        "operatingExpenses": 1848500,
        "costAndExpenses": 1848500,
        "interestIncome": 0,
        "interestExpense": 0,
        "depreciationAndAmortization": 11000,
        "ebitda": -2352000,
        "ebitdaratio": null,
        "operatingIncome": -2363000,
        "operatingIncomeRatio": null,
        "totalOtherIncomeExpensesNet": 571000,
        "incomeBeforeTax": -1792000,
        "incomeBeforeTaxRatio": null,
        "incomeTaxExpense": 0,
        "netIncome": -1792000,
        "netIncomeRatio": null,
        "eps": -0.76,
        "epsdiluted": -0.76,
        "weightedAverageShsOut": 2354000,
        "weightedAverageShsOutDil": 2354393,
        "link": null,
        "finalLink": null
    },
    {
        "date": "2017-12-31",
        "symbol": "DYN",
        "reportedCurrency": "USD",
        "cik": "0001818794",
        "fillingDate": "2018-02-22",
        "acceptedDate": "2018-02-22 16:32:39",
        "calendarYear": "2017",
        "period": "Q4",
        "revenue": 470000000,
        "costOfRevenue": 707000000,
        "grossProfit": -237000000,
        "grossProfitRatio": -0.5042553191,
        "researchAndDevelopmentExpenses": 0,
        "generalAndAdministrativeExpenses": 63000000,
        "sellingAndMarketingExpenses": 0,
        "sellingGeneralAndAdministrativeExpenses": 63000000,
        "otherExpenses": 0,
        "operatingExpenses": 63000000,
        "costAndExpenses": 770000000,
        "interestIncome": 0,
        "interestExpense": 138000000,
        "depreciationAndAmortization": 207000000,
        "ebitda": -1396000000,
        "ebitdaratio": -2.970212766,
        "operatingIncome": -467000000,
        "operatingIncomeRatio": -0.9936170213,
        "totalOtherIncomeExpensesNet": -659000000,
        "incomeBeforeTax": -1126000000,
        "incomeBeforeTaxRatio": -2.3957446809,
        "incomeTaxExpense": -330000000,
        "netIncome": -1411000000,
        "netIncomeRatio": -3.0021276596,
        "eps": -8.71,
        "epsdiluted": -8.71,
        "weightedAverageShsOut": 162000000,
        "weightedAverageShsOutDil": 162000000,
        "link": "https://www.sec.gov/Archives/edgar/data/1379895/000137989518000003/0001379895-18-000003-index.htm",
        "finalLink": "https://www.sec.gov/Archives/edgar/data/1379895/000137989518000003/dyn-20171231_10k.htm"
    },
    {
        "date": "2017-09-30",
        "symbol": "DYN",
        "reportedCurrency": "USD",
        "cik": "0001818794",
        "fillingDate": "2017-11-01",
        "acceptedDate": "2017-11-01 17:28:40",
        "calendarYear": "2017",
        "period": "Q3",
        "revenue": 182000000,
        "costOfRevenue": 787000000,
        "grossProfit": -605000000,
        "grossProfitRatio": -3.3241758242,
        "researchAndDevelopmentExpenses": 0,
        "generalAndAdministrativeExpenses": 44000000,
        "sellingAndMarketingExpenses": 0,
        "sellingGeneralAndAdministrativeExpenses": 44000000,
        "otherExpenses": 0,
        "operatingExpenses": 44000000,
        "costAndExpenses": 831000000,
        "interestIncome": 0,
        "interestExpense": 152000000,
        "depreciationAndAmortization": 204000000,
        "ebitda": 224000000,
        "ebitdaratio": 1.2307692308,
        "operatingIncome": 58000000,
        "operatingIncomeRatio": 0.3186813187,
        "totalOtherIncomeExpensesNet": -192000000,
        "incomeBeforeTax": -134000000,
        "incomeBeforeTaxRatio": -0.7362637363,
        "incomeTaxExpense": 1000000,
        "netIncome": -133000000,
        "netIncomeRatio": -0.7307692308,
        "eps": -0.82,
        "epsdiluted": -0.82,
        "weightedAverageShsOut": 162000000,
        "weightedAverageShsOutDil": 162000000,
        "link": "https://www.sec.gov/Archives/edgar/data/1379895/000137989517000016/0001379895-17-000016-index.html",
        "finalLink": "https://www.sec.gov/Archives/edgar/data/1379895/000137989517000016/dyn-2017930x10q.htm"
    },
    {
        "date": "2017-06-30",
        "symbol": "DYN",
        "reportedCurrency": "USD",
        "cik": "0001818794",
        "fillingDate": "2017-08-04",
        "acceptedDate": "2017-08-04 11:43:13",
        "calendarYear": "2017",
        "period": "Q2",
        "revenue": 181000000,
        "costOfRevenue": 681000000,
        "grossProfit": -500000000,
        "grossProfitRatio": -2.7624309392,
        "researchAndDevelopmentExpenses": 0,
        "generalAndAdministrativeExpenses": 42000000,
        "sellingAndMarketingExpenses": 0,
        "sellingGeneralAndAdministrativeExpenses": 42000000,
        "otherExpenses": 0,
        "operatingExpenses": 42000000,
        "costAndExpenses": 723000000,
        "interestIncome": 0,
        "interestExpense": 159000000,
        "depreciationAndAmortization": 225000000,
        "ebitda": 104000000,
        "ebitdaratio": 0.5745856354,
        "operatingIncome": 20000000,
        "operatingIncomeRatio": 0.1104972376,
        "totalOtherIncomeExpensesNet": -332000000,
        "incomeBeforeTax": -312000000,
        "incomeBeforeTaxRatio": -1.7237569061,
        "incomeTaxExpense": 16000000,
        "netIncome": -296000000,
        "netIncomeRatio": -1.635359116,
        "eps": -1.83,
        "epsdiluted": -1.83,
        "weightedAverageShsOut": 162000000,
        "weightedAverageShsOutDil": 162000000,
        "link": "https://www.sec.gov/Archives/edgar/data/1379895/000137989517000012/0001379895-17-000012-index.html",
        "finalLink": "https://www.sec.gov/Archives/edgar/data/1379895/000137989517000012/dyn-2017630x10q.htm"
    },
    {
        "date": "2017-03-31",
        "symbol": "DYN",
        "reportedCurrency": "USD",
        "cik": "0001818794",
        "fillingDate": "2017-05-05",
        "acceptedDate": "2017-05-05 10:59:37",
        "calendarYear": "2017",
        "period": "Q1",
        "revenue": 175000000,
        "costOfRevenue": 757000000,
        "grossProfit": -582000000,
        "grossProfitRatio": -3.3257142857,
        "researchAndDevelopmentExpenses": 0,
        "generalAndAdministrativeExpenses": 40000000,
        "sellingAndMarketingExpenses": 0,
        "sellingGeneralAndAdministrativeExpenses": 40000000,
        "otherExpenses": 0,
        "operatingExpenses": 40000000,
        "costAndExpenses": 797000000,
        "interestIncome": 0,
        "interestExpense": 167000000,
        "depreciationAndAmortization": 231000000,
        "ebitda": 1308000000,
        "ebitdaratio": 7.4742857143,
        "operatingIncome": -49000000,
        "operatingIncomeRatio": -0.28,
        "totalOtherIncomeExpensesNet": 332000000,
        "incomeBeforeTax": 283000000,
        "incomeBeforeTaxRatio": 1.6171428571,
        "incomeTaxExpense": 313000000,
        "netIncome": 597000000,
        "netIncomeRatio": 3.4114285714,
        "eps": 3.69,
        "epsdiluted": 3.69,
        "weightedAverageShsOut": 162000000,
        "weightedAverageShsOutDil": 162000000,
        "link": "https://www.sec.gov/Archives/edgar/data/1379895/000137989517000008/0001379895-17-000008-index.html",
        "finalLink": "https://www.sec.gov/Archives/edgar/data/1379895/000137989517000008/dyn-2017331x10q.htm"
    },
    {
        "date": "2016-12-31",
        "symbol": "DYN",
        "reportedCurrency": "USD",
        "cik": "0001818794",
        "fillingDate": "2017-02-24",
        "acceptedDate": "2017-02-24 11:25:35",
        "calendarYear": "2016",
        "period": "Q4",
        "revenue": 791000000,
        "costOfRevenue": 583000000,
        "grossProfit": 208000000,
        "grossProfitRatio": 0.2629582807,
        "researchAndDevelopmentExpenses": 0,
        "generalAndAdministrativeExpenses": 44000000,
        "sellingAndMarketingExpenses": 0,
        "sellingGeneralAndAdministrativeExpenses": 44000000,
        "otherExpenses": 0,
        "operatingExpenses": 44000000,
        "costAndExpenses": 627000000,
        "interestIncome": 0,
        "interestExpense": 176000000,
        "depreciationAndAmortization": 218000000,
        "ebitda": 218000000,
        "ebitdaratio": 0.2756005057,
        "operatingIncome": 34000000,
        "operatingIncomeRatio": 0.0429835651,
        "totalOtherIncomeExpensesNet": -267000000,
        "incomeBeforeTax": -233000000,
        "incomeBeforeTaxRatio": -0.2945638432,
        "incomeTaxExpense": 6000000,
        "netIncome": -182000000,
        "netIncomeRatio": -0.2300884956,
        "eps": -1.41,
        "epsdiluted": -1.41,
        "weightedAverageShsOut": 129000000,
        "weightedAverageShsOutDil": 129000000,
        "link": "https://www.sec.gov/Archives/edgar/data/1379895/000137989517000004/0001379895-17-000004-index.html",
        "finalLink": "https://www.sec.gov/Archives/edgar/data/1379895/000137989517000004/dyn-20161231_10k.htm"
    },
    {
        "date": "2016-09-30",
        "symbol": "DYN",
        "reportedCurrency": "USD",
        "cik": "0001818794",
        "fillingDate": "2016-11-02",
        "acceptedDate": "2016-11-02 10:58:51",
        "calendarYear": "2016",
        "period": "Q3",
        "revenue": 241000000,
        "costOfRevenue": 660000000,
        "grossProfit": -419000000,
        "grossProfitRatio": -1.7385892116,
        "researchAndDevelopmentExpenses": 0,
        "generalAndAdministrativeExpenses": 41000000,
        "sellingAndMarketingExpenses": 0,
        "sellingGeneralAndAdministrativeExpenses": 41000000,
        "otherExpenses": 0,
        "operatingExpenses": 41000000,
        "costAndExpenses": 701000000,
        "interestIncome": 0,
        "interestExpense": 166000000,
        "depreciationAndAmortization": 181000000,
        "ebitda": 99000000,
        "ebitdaratio": 0.4107883817,
        "operatingIncome": -117000000,
        "operatingIncomeRatio": -0.4854771784,
        "totalOtherIncomeExpensesNet": -133000000,
        "incomeBeforeTax": -250000000,
        "incomeBeforeTaxRatio": -1.0373443983,
        "incomeTaxExpense": 1000000,
        "netIncome": -249000000,
        "netIncomeRatio": -1.0331950207,
        "eps": -1.98,
        "epsdiluted": -1.98,
        "weightedAverageShsOut": 126000000,
        "weightedAverageShsOutDil": 126000000,
        "link": "https://www.sec.gov/Archives/edgar/data/1379895/000137989516000034/0001379895-16-000034-index.html",
        "finalLink": "https://www.sec.gov/Archives/edgar/data/1379895/000137989516000034/dyn-2016930x10q.htm"
    },
    {
        "date": "2016-06-30",
        "symbol": "DYN",
        "reportedCurrency": "USD",
        "cik": "0001818794",
        "fillingDate": "2016-08-04",
        "acceptedDate": "2016-08-04 10:47:05",
        "calendarYear": "2016",
        "period": "Q2",
        "revenue": 166000000,
        "costOfRevenue": 493000000,
        "grossProfit": -327000000,
        "grossProfitRatio": -1.9698795181,
        "researchAndDevelopmentExpenses": 0,
        "generalAndAdministrativeExpenses": 39000000,
        "sellingAndMarketingExpenses": 0,
        "sellingGeneralAndAdministrativeExpenses": 39000000,
        "otherExpenses": 0,
        "operatingExpenses": 39000000,
        "costAndExpenses": 532000000,
        "interestIncome": 0,
        "interestExpense": 141000000,
        "depreciationAndAmortization": 172000000,
        "ebitda": -497000000,
        "ebitdaratio": -2.9939759036,
        "operatingIncome": -552000000,
        "operatingIncomeRatio": -3.3253012048,
        "totalOtherIncomeExpensesNet": -244000000,
        "incomeBeforeTax": -796000000,
        "incomeBeforeTaxRatio": -4.7951807229,
        "incomeTaxExpense": -7000000,
        "netIncome": -803000000,
        "netIncomeRatio": -4.8373493976,
        "eps": -6.81,
        "epsdiluted": -6.81,
        "weightedAverageShsOut": 118000000,
        "weightedAverageShsOutDil": 118000000,
        "link": "https://www.sec.gov/Archives/edgar/data/1379895/000137989516000030/0001379895-16-000030-index.html",
        "finalLink": "https://www.sec.gov/Archives/edgar/data/1379895/000137989516000030/dyn-2016630x10q.htm"
    },
    {
        "date": "2016-03-31",
        "symbol": "DYN",
        "reportedCurrency": "USD",
        "cik": "0001818794",
        "fillingDate": "2016-05-04",
        "acceptedDate": "2016-05-04 11:39:25",
        "calendarYear": "2016",
        "period": "Q1",
        "revenue": 168000000,
        "costOfRevenue": 545000000,
        "grossProfit": -377000000,
        "grossProfitRatio": -2.244047619,
        "researchAndDevelopmentExpenses": 0,
        "generalAndAdministrativeExpenses": 37000000,
        "sellingAndMarketingExpenses": 0,
        "sellingGeneralAndAdministrativeExpenses": 37000000,
        "otherExpenses": 0,
        "operatingExpenses": 37000000,
        "costAndExpenses": 582000000,
        "interestIncome": 0,
        "interestExpense": 142000000,
        "depreciationAndAmortization": 195000000,
        "ebitda": 343000000,
        "ebitdaratio": 2.0416666667,
        "operatingIncome": 145000000,
        "operatingIncomeRatio": 0.8630952381,
        "totalOtherIncomeExpensesNet": -139000000,
        "incomeBeforeTax": 6000000,
        "incomeBeforeTaxRatio": 0.0357142857,
        "incomeTaxExpense": 16000000,
        "netIncome": -10000000,
        "netIncomeRatio": -0.0595238095,
        "eps": -0.0847,
        "epsdiluted": -0.0847,
        "weightedAverageShsOut": 118000000,
        "weightedAverageShsOutDil": 118000000,
        "link": "https://www.sec.gov/Archives/edgar/data/1379895/000137989516000026/0001379895-16-000026-index.html",
        "finalLink": "https://www.sec.gov/Archives/edgar/data/1379895/000137989516000026/dyn-2016331x10q.htm"
    },
    {
        "date": "2015-12-31",
        "symbol": "DYN",
        "reportedCurrency": "USD",
        "cik": "0001818794",
        "fillingDate": "2016-02-25",
        "acceptedDate": "2016-02-25 10:55:18",
        "calendarYear": "2015",
        "period": "Q4",
        "revenue": 217000000,
        "costOfRevenue": 534000000,
        "grossProfit": -317000000,
        "grossProfitRatio": -1.4608294931,
        "researchAndDevelopmentExpenses": 0,
        "generalAndAdministrativeExpenses": 34000000,
        "sellingAndMarketingExpenses": 0,
        "sellingGeneralAndAdministrativeExpenses": 34000000,
        "otherExpenses": 0,
        "operatingExpenses": 34000000,
        "costAndExpenses": 568000000,
        "interestIncome": 0,
        "interestExpense": 133000000,
        "depreciationAndAmortization": 219000000,
        "ebitda": -255000000,
        "ebitdaratio": -1.1751152074,
        "operatingIncome": -13000000,
        "operatingIncomeRatio": -0.0599078341,
        "totalOtherIncomeExpensesNet": -122000000,
        "incomeBeforeTax": -135000000,
        "incomeBeforeTaxRatio": -0.6221198157,
        "incomeTaxExpense": -473000000,
        "netIncome": -134000000,
        "netIncomeRatio": -0.6175115207,
        "eps": -1.07,
        "epsdiluted": -1.06,
        "weightedAverageShsOut": 125000000,
        "weightedAverageShsOutDil": 126000000,
        "link": "https://www.sec.gov/Archives/edgar/data/1379895/000137989516000022/0001379895-16-000022-index.html",
        "finalLink": "https://www.sec.gov/Archives/edgar/data/1379895/000137989516000022/dyn-20151231_10k.htm"
    },
    {
        "date": "2015-09-30",
        "symbol": "DYN",
        "reportedCurrency": "USD",
        "cik": "0001818794",
        "fillingDate": "2015-11-05",
        "acceptedDate": "2015-11-05 11:54:59",
        "calendarYear": "2015",
        "period": "Q3",
        "revenue": 625000000,
        "costOfRevenue": 621000000,
        "grossProfit": 4000000,
        "grossProfitRatio": 0.0064,
        "researchAndDevelopmentExpenses": 0,
        "generalAndAdministrativeExpenses": 29000000,
        "sellingAndMarketingExpenses": 0,
        "sellingGeneralAndAdministrativeExpenses": 29000000,
        "otherExpenses": 0,
        "operatingExpenses": 29000000,
        "costAndExpenses": 650000000,
        "interestIncome": 0,
        "interestExpense": 145000000,
        "depreciationAndAmortization": 165000000,
        "ebitda": 314000000,
        "ebitdaratio": 0.5024,
        "operatingIncome": 107000000,
        "operatingIncomeRatio": 0.1712,
        "totalOtherIncomeExpensesNet": -103000000,
        "incomeBeforeTax": 4000000,
        "incomeBeforeTaxRatio": 0.0064,
        "incomeTaxExpense": 28000000,
        "netIncome": -24000000,
        "netIncomeRatio": -0.0384,
        "eps": -0.19,
        "epsdiluted": -0.17,
        "weightedAverageShsOut": 126000000,
        "weightedAverageShsOutDil": 140000000,
        "link": "https://www.sec.gov/Archives/edgar/data/1379895/000137989515000018/0001379895-15-000018-index.html",
        "finalLink": "https://www.sec.gov/Archives/edgar/data/1379895/000137989515000018/dyn-2015930x10q.htm"
    },
    {
        "date": "2015-06-30",
        "symbol": "DYN",
        "reportedCurrency": "USD",
        "cik": "0001818794",
        "fillingDate": "2015-08-07",
        "acceptedDate": "2015-08-07 11:00:29",
        "calendarYear": "2015",
        "period": "Q2",
        "revenue": 1622000000,
        "costOfRevenue": 496000000,
        "grossProfit": 1126000000,
        "grossProfitRatio": 0.6942046856,
        "researchAndDevelopmentExpenses": 0,
        "generalAndAdministrativeExpenses": 35000000,
        "sellingAndMarketingExpenses": 0,
        "sellingGeneralAndAdministrativeExpenses": 35000000,
        "otherExpenses": 0,
        "operatingExpenses": 35000000,
        "costAndExpenses": 531000000,
        "interestIncome": 0,
        "interestExpense": 132000000,
        "depreciationAndAmortization": 170000000,
        "ebitda": 189000000,
        "ebitdaratio": 0.1165228113,
        "operatingIncome": 10000000,
        "operatingIncomeRatio": 0.0061652281,
        "totalOtherIncomeExpensesNet": -126000000,
        "incomeBeforeTax": -116000000,
        "incomeBeforeTaxRatio": -0.0715166461,
        "incomeTaxExpense": -501000000,
        "netIncome": 388000000,
        "netIncomeRatio": 0.2392108508,
        "eps": 3.08,
        "epsdiluted": 2.77,
        "weightedAverageShsOut": 126000000,
        "weightedAverageShsOutDil": 140000000,
        "link": "https://www.sec.gov/Archives/edgar/data/1379895/000137989515000014/0001379895-15-000014-index.html",
        "finalLink": "https://www.sec.gov/Archives/edgar/data/1379895/000137989515000014/dyn-2015630x10q.htm"
    },
    {
        "date": "2015-03-31",
        "symbol": "DYN",
        "reportedCurrency": "USD",
        "cik": "0001818794",
        "fillingDate": "2015-05-07",
        "acceptedDate": "2015-05-07 10:59:47",
        "calendarYear": "2015",
        "period": "Q1",
        "revenue": 632000000,
        "costOfRevenue": 377000000,
        "grossProfit": 255000000,
        "grossProfitRatio": 0.4034810127,
        "researchAndDevelopmentExpenses": 0,
        "generalAndAdministrativeExpenses": 30000000,
        "sellingAndMarketingExpenses": 0,
        "sellingGeneralAndAdministrativeExpenses": 30000000,
        "otherExpenses": 0,
        "operatingExpenses": 30000000,
        "costAndExpenses": 407000000,
        "interestIncome": 0,
        "interestExpense": 136000000,
        "depreciationAndAmortization": 60000000,
        "ebitda": 16000000,
        "ebitdaratio": 0.0253164557,
        "operatingIncome": -1000000,
        "operatingIncomeRatio": -0.0015822785,
        "totalOtherIncomeExpensesNet": -179000000,
        "incomeBeforeTax": -180000000,
        "incomeBeforeTaxRatio": -0.2848101266,
        "incomeTaxExpense": 0,
        "netIncome": -180000000,
        "netIncomeRatio": -0.2848101266,
        "eps": -1.43,
        "epsdiluted": -1.43,
        "weightedAverageShsOut": 126000000,
        "weightedAverageShsOutDil": 126000000,
        "link": "https://www.sec.gov/Archives/edgar/data/1379895/000137989515000010/0001379895-15-000010-index.html",
        "finalLink": "https://www.sec.gov/Archives/edgar/data/1379895/000137989515000010/dyn-2015331x10q.htm"
    },
    {
        "date": "2014-12-31",
        "symbol": "DYN",
        "reportedCurrency": "USD",
        "cik": "0001818794",
        "fillingDate": "2015-02-25",
        "acceptedDate": "2015-02-25 10:58:44",
        "calendarYear": "2014",
        "period": "Q4",
        "revenue": 1466000000,
        "costOfRevenue": 1145000000,
        "grossProfit": 321000000,
        "grossProfitRatio": 0.2189631651,
        "researchAndDevelopmentExpenses": 0,
        "generalAndAdministrativeExpenses": -97000000,
        "sellingAndMarketingExpenses": 0,
        "sellingGeneralAndAdministrativeExpenses": -308000000,
        "otherExpenses": 0,
        "operatingExpenses": -308000000,
        "costAndExpenses": 837000000,
        "interestIncome": 0,
        "interestExpense": -37000000,
        "depreciationAndAmortization": 69000000,
        "ebitda": 135000000,
        "ebitdaratio": 0.0920873124,
        "operatingIncome": 31000000,
        "operatingIncomeRatio": 0.0211459754,
        "totalOtherIncomeExpensesNet": -448000000,
        "incomeBeforeTax": -417000000,
        "incomeBeforeTaxRatio": -0.2844474761,
        "incomeTaxExpense": 1000000,
        "netIncome": 102000000,
        "netIncomeRatio": 0.0695770805,
        "eps": 0.81,
        "epsdiluted": 0.81,
        "weightedAverageShsOut": 126000000,
        "weightedAverageShsOutDil": 126000000,
        "link": "https://www.sec.gov/Archives/edgar/data/1379895/000137989515000005/0001379895-15-000005-index.htm",
        "finalLink": "https://www.sec.gov/Archives/edgar/data/1379895/000137989515000005/dyn-20141231_10k.htm"
    },
    {
        "date": "2014-09-30",
        "symbol": "DYN",
        "reportedCurrency": "USD",
        "cik": "0001818794",
        "fillingDate": "2014-11-06",
        "acceptedDate": "2014-11-06 10:49:34",
        "calendarYear": "2014",
        "period": "Q3",
        "revenue": 615000000,
        "costOfRevenue": 387000000,
        "grossProfit": 228000000,
        "grossProfitRatio": 0.3707317073,
        "researchAndDevelopmentExpenses": 0,
        "generalAndAdministrativeExpenses": 25000000,
        "sellingAndMarketingExpenses": 0,
        "sellingGeneralAndAdministrativeExpenses": 25000000,
        "otherExpenses": 0,
        "operatingExpenses": 25000000,
        "costAndExpenses": 412000000,
        "interestIncome": 0,
        "interestExpense": 32000000,
        "depreciationAndAmortization": 64000000,
        "ebitda": 91000000,
        "ebitdaratio": 0.1479674797,
        "operatingIncome": 22000000,
        "operatingIncomeRatio": 0.0357723577,
        "totalOtherIncomeExpensesNet": -27000000,
        "incomeBeforeTax": -5000000,
        "incomeBeforeTaxRatio": -0.0081300813,
        "incomeTaxExpense": 0,
        "netIncome": -5000000,
        "netIncomeRatio": -0.0081300813,
        "eps": -0.05,
        "epsdiluted": -0.05,
        "weightedAverageShsOut": 100000000,
        "weightedAverageShsOutDil": 100000000,
        "link": "https://www.sec.gov/Archives/edgar/data/1379895/000137989514000022/0001379895-14-000022-index.html",
        "finalLink": "https://www.sec.gov/Archives/edgar/data/1379895/000137989514000022/dyn-2014930x10q.htm"
    },
    {
        "date": "2014-06-30",
        "symbol": "DYN",
        "reportedCurrency": "USD",
        "cik": "0001818794",
        "fillingDate": "2014-08-07",
        "acceptedDate": "2014-08-07 10:56:16",
        "calendarYear": "2014",
        "period": "Q2",
        "revenue": 521000000,
        "costOfRevenue": 365000000,
        "grossProfit": 156000000,
        "grossProfitRatio": 0.2994241843,
        "researchAndDevelopmentExpenses": 0,
        "generalAndAdministrativeExpenses": 29000000,
        "sellingAndMarketingExpenses": 0,
        "sellingGeneralAndAdministrativeExpenses": 29000000,
        "otherExpenses": 0,
        "operatingExpenses": 29000000,
        "costAndExpenses": 394000000,
        "interestIncome": 0,
        "interestExpense": 42000000,
        "depreciationAndAmortization": 76000000,
        "ebitda": -2000000,
        "ebitdaratio": -0.0038387716,
        "operatingIncome": -160000000,
        "operatingIncomeRatio": -0.3071017274,
        "totalOtherIncomeExpensesNet": 35000000,
        "incomeBeforeTax": -125000000,
        "incomeBeforeTaxRatio": -0.2399232246,
        "incomeTaxExpense": 2000000,
        "netIncome": -122000000,
        "netIncomeRatio": -0.2341650672,
        "eps": -1.22,
        "epsdiluted": -1.21,
        "weightedAverageShsOut": 100000000,
        "weightedAverageShsOutDil": 101000000,
        "link": "https://www.sec.gov/Archives/edgar/data/1379895/000137989514000015/0001379895-14-000015-index.html",
        "finalLink": "https://www.sec.gov/Archives/edgar/data/1379895/000137989514000015/dyn-2014630x10q.htm"
    },
    {
        "date": "2014-03-31",
        "symbol": "DYN",
        "reportedCurrency": "USD",
        "cik": "0001818794",
        "fillingDate": "2014-05-08",
        "acceptedDate": "2014-05-08 10:56:27",
        "calendarYear": "2014",
        "period": "Q1",
        "revenue": 762000000,
        "costOfRevenue": 552000000,
        "grossProfit": 210000000,
        "grossProfitRatio": 0.2755905512,
        "researchAndDevelopmentExpenses": 0,
        "generalAndAdministrativeExpenses": 26000000,
        "sellingAndMarketingExpenses": 0,
        "sellingGeneralAndAdministrativeExpenses": 26000000,
        "otherExpenses": 0,
        "operatingExpenses": 26000000,
        "costAndExpenses": 578000000,
        "interestIncome": 0,
        "interestExpense": 30000000,
        "depreciationAndAmortization": 83000000,
        "ebitda": 78000000,
        "ebitdaratio": 0.1023622047,
        "operatingIncome": 1000000,
        "operatingIncomeRatio": 0.001312336,
        "totalOtherIncomeExpensesNet": -36000000,
        "incomeBeforeTax": -35000000,
        "incomeBeforeTaxRatio": -0.0459317585,
        "incomeTaxExpense": 2000000,
        "netIncome": -37000000,
        "netIncomeRatio": -0.0485564304,
        "eps": -0.37,
        "epsdiluted": -0.37,
        "weightedAverageShsOut": 100000000,
        "weightedAverageShsOutDil": 101000000,
        "link": "https://www.sec.gov/Archives/edgar/data/1379895/000137989514000009/0001379895-14-000009-index.html",
        "finalLink": "https://www.sec.gov/Archives/edgar/data/1379895/000137989514000009/dyn-2014331x10q.htm"
    },
    {
        "date": "2013-12-31",
        "symbol": "DYN",
        "reportedCurrency": "USD",
        "cik": "0001818794",
        "fillingDate": "2014-02-27",
        "acceptedDate": "2014-02-27 11:42:29",
        "calendarYear": "2013",
        "period": "Q4",
        "revenue": 3000000,
        "costOfRevenue": 318000000,
        "grossProfit": -315000000,
        "grossProfitRatio": -105,
        "researchAndDevelopmentExpenses": 0,
        "generalAndAdministrativeExpenses": 28000000,
        "sellingAndMarketingExpenses": 0,
        "sellingGeneralAndAdministrativeExpenses": 28000000,
        "otherExpenses": 0,
        "operatingExpenses": 28000000,
        "costAndExpenses": 346000000,
        "interestIncome": 0,
        "interestExpense": 26000000,
        "depreciationAndAmortization": 121000000,
        "ebitda": 18000000,
        "ebitdaratio": 6,
        "operatingIncome": -107000000,
        "operatingIncomeRatio": -35.6666666667,
        "totalOtherIncomeExpensesNet": -22000000,
        "incomeBeforeTax": -129000000,
        "incomeBeforeTaxRatio": -43,
        "incomeTaxExpense": -38000000,
        "netIncome": -91000000,
        "netIncomeRatio": -30.3333333333,
        "eps": -0.91,
        "epsdiluted": -0.91,
        "weightedAverageShsOut": 100000000,
        "weightedAverageShsOutDil": 100000000,
        "link": "https://www.sec.gov/Archives/edgar/data/1379895/000137989514000004/0001379895-14-000004-index.htm",
        "finalLink": "https://www.sec.gov/Archives/edgar/data/1379895/000137989514000004/dyn-20131231_10k.htm"
    },
    {
        "date": "2013-09-30",
        "symbol": "DYN",
        "reportedCurrency": "USD",
        "cik": "0001818794",
        "fillingDate": "2013-11-07",
        "acceptedDate": "2013-11-07 12:20:36",
        "calendarYear": "2013",
        "period": "Q3",
        "revenue": 446000000,
        "costOfRevenue": 290000000,
        "grossProfit": 156000000,
        "grossProfitRatio": 0.3497757848,
        "researchAndDevelopmentExpenses": 0,
        "generalAndAdministrativeExpenses": 22000000,
        "sellingAndMarketingExpenses": 0,
        "sellingGeneralAndAdministrativeExpenses": 22000000,
        "otherExpenses": 0,
        "operatingExpenses": 22000000,
        "costAndExpenses": 312000000,
        "interestIncome": 0,
        "interestExpense": 26000000,
        "depreciationAndAmortization": 116000000,
        "ebitda": 144000000,
        "ebitdaratio": 0.3228699552,
        "operatingIncome": 15000000,
        "operatingIncomeRatio": 0.033632287,
        "totalOtherIncomeExpensesNet": -11000000,
        "incomeBeforeTax": 4000000,
        "incomeBeforeTaxRatio": 0.0089686099,
        "incomeTaxExpense": -20000000,
        "netIncome": 22000000,
        "netIncomeRatio": 0.0493273543,
        "eps": 0.22,
        "epsdiluted": 0.22,
        "weightedAverageShsOut": 100000000,
        "weightedAverageShsOutDil": 100000000,
        "link": "https://www.sec.gov/Archives/edgar/data/1379895/000137989513000023/0001379895-13-000023-index.html",
        "finalLink": "https://www.sec.gov/Archives/edgar/data/1379895/000137989513000023/dyn-2013930x10q.htm"
    },
    {
        "date": "2013-06-30",
        "symbol": "DYN",
        "reportedCurrency": "USD",
        "cik": "0001818794",
        "fillingDate": "2013-08-01",
        "acceptedDate": "2013-08-01 12:12:48",
        "calendarYear": "2013",
        "period": "Q2",
        "revenue": 301000000,
        "costOfRevenue": 253000000,
        "grossProfit": 48000000,
        "grossProfitRatio": 0.1594684385,
        "researchAndDevelopmentExpenses": 0,
        "generalAndAdministrativeExpenses": 25000000,
        "sellingAndMarketingExpenses": 0,
        "sellingGeneralAndAdministrativeExpenses": 25000000,
        "otherExpenses": 0,
        "operatingExpenses": 25000000,
        "costAndExpenses": 278000000,
        "interestIncome": 0,
        "interestExpense": 17000000,
        "depreciationAndAmortization": 117000000,
        "ebitda": -11000000,
        "ebitdaratio": -0.0365448505,
        "operatingIncome": -111000000,
        "operatingIncomeRatio": -0.3687707641,
        "totalOtherIncomeExpensesNet": -39000000,
        "incomeBeforeTax": -150000000,
        "incomeBeforeTaxRatio": -0.4983388704,
        "incomeTaxExpense": -22000000,
        "netIncome": -145000000,
        "netIncomeRatio": -0.4817275748,
        "eps": -1.45,
        "epsdiluted": -1.45,
        "weightedAverageShsOut": 100000000,
        "weightedAverageShsOutDil": 100000000,
        "link": "https://www.sec.gov/Archives/edgar/data/1379895/000137989513000015/0001379895-13-000015-index.html",
        "finalLink": "https://www.sec.gov/Archives/edgar/data/1379895/000137989513000015/dyn-2013630x10q.htm"
    },
    {
        "date": "2013-03-31",
        "symbol": "DYN",
        "reportedCurrency": "USD",
        "cik": "0001818794",
        "fillingDate": "2013-05-02",
        "acceptedDate": "2013-05-02 10:14:29",
        "calendarYear": "2013",
        "period": "Q1",
        "revenue": 318000000,
        "costOfRevenue": 284000000,
        "grossProfit": 34000000,
        "grossProfitRatio": 0.106918239,
        "researchAndDevelopmentExpenses": 0,
        "generalAndAdministrativeExpenses": 22000000,
        "sellingAndMarketingExpenses": 0,
        "sellingGeneralAndAdministrativeExpenses": 22000000,
        "otherExpenses": 0,
        "operatingExpenses": 22000000,
        "costAndExpenses": 306000000,
        "interestIncome": 0,
        "interestExpense": 28000000,
        "depreciationAndAmortization": 113000000,
        "ebitda": -1000000,
        "ebitdaratio": -0.0031446541,
        "operatingIncome": -115000000,
        "operatingIncomeRatio": -0.3616352201,
        "totalOtherIncomeExpensesNet": -27000000,
        "incomeBeforeTax": -142000000,
        "incomeBeforeTaxRatio": -0.4465408805,
        "incomeTaxExpense": 1000000,
        "netIncome": -142000000,
        "netIncomeRatio": -0.4465408805,
        "eps": -1.42,
        "epsdiluted": -1.42,
        "weightedAverageShsOut": 100000000,
        "weightedAverageShsOutDil": 100000000,
        "link": "https://www.sec.gov/Archives/edgar/data/1379895/000137989513000010/0001379895-13-000010-index.html",
        "finalLink": "https://www.sec.gov/Archives/edgar/data/1379895/000137989513000010/dyn-2013331x10q.htm"
    },
    {
        "date": "2012-12-31",
        "symbol": "DYN",
        "reportedCurrency": "USD",
        "cik": "0001818794",
        "fillingDate": "2013-03-14",
        "acceptedDate": "2013-03-14 10:42:57",
        "calendarYear": "2012",
        "period": "Q4",
        "revenue": 312000000,
        "costOfRevenue": 697000000,
        "grossProfit": -385000000,
        "grossProfitRatio": -1.233974359,
        "researchAndDevelopmentExpenses": 0,
        "generalAndAdministrativeExpenses": -22000000,
        "sellingAndMarketingExpenses": 0,
        "sellingGeneralAndAdministrativeExpenses": -81000000,
        "otherExpenses": 0,
        "operatingExpenses": -81000000,
        "costAndExpenses": 187000000,
        "interestIncome": 0,
        "interestExpense": -121000000,
        "depreciationAndAmortization": -197000000,
        "ebitda": 970000000,
        "ebitdaratio": 3.108974359,
        "operatingIncome": 741000000,
        "operatingIncomeRatio": 2.375,
        "totalOtherIncomeExpensesNet": 547000000,
        "incomeBeforeTax": 1288000000,
        "incomeBeforeTaxRatio": 4.1282051282,
        "incomeTaxExpense": 9000000,
        "netIncome": 1279000000,
        "netIncomeRatio": 4.0993589744,
        "eps": 12.79,
        "epsdiluted": 12.79,
        "weightedAverageShsOut": 100000000,
        "weightedAverageShsOutDil": 100000000,
        "link": "https://www.sec.gov/Archives/edgar/data/1379895/000137989513000007/0001379895-13-000007-index.html",
        "finalLink": "https://www.sec.gov/Archives/edgar/data/1379895/000137989513000007/dyn-20121231_10k.htm"
    },
    {
        "date": "2012-09-30",
        "symbol": "DYN",
        "reportedCurrency": "USD",
        "cik": "0001818794",
        "fillingDate": "2012-11-07",
        "acceptedDate": "2012-11-07 10:52:37",
        "calendarYear": "2012",
        "period": "Q3",
        "revenue": 812000000,
        "costOfRevenue": 565000000,
        "grossProfit": 247000000,
        "grossProfitRatio": 0.3041871921,
        "researchAndDevelopmentExpenses": 0,
        "generalAndAdministrativeExpenses": 1000000,
        "sellingAndMarketingExpenses": 0,
        "sellingGeneralAndAdministrativeExpenses": -127000000,
        "otherExpenses": 0,
        "operatingExpenses": -127000000,
        "costAndExpenses": 564000000,
        "interestIncome": 0,
        "interestExpense": 57000000,
        "depreciationAndAmortization": 117000000,
        "ebitda": 113000000,
        "ebitdaratio": 0.1391625616,
        "operatingIncome": 1030000000,
        "operatingIncomeRatio": 1.2684729064,
        "totalOtherIncomeExpensesNet": -1109000000,
        "incomeBeforeTax": -79000000,
        "incomeBeforeTaxRatio": -0.0972906404,
        "incomeTaxExpense": 9000000,
        "netIncome": -70000000,
        "netIncomeRatio": -0.0862068966,
        "eps": -0.7,
        "epsdiluted": -0.7,
        "weightedAverageShsOut": 100000000,
        "weightedAverageShsOutDil": 100000000,
        "link": "https://www.sec.gov/Archives/edgar/data/1379895/000144530512003495/0001445305-12-003495-index.html",
        "finalLink": "https://www.sec.gov/Archives/edgar/data/1379895/000144530512003495/dyn-2012930_10q.htm"
    },
    {
        "date": "2012-06-30",
        "symbol": "DYN",
        "reportedCurrency": "USD",
        "cik": "0001818794",
        "fillingDate": "2012-08-03",
        "acceptedDate": "2012-08-03 10:23:34",
        "calendarYear": "2012",
        "period": "Q2",
        "revenue": 198000000,
        "costOfRevenue": 46000000,
        "grossProfit": 152000000,
        "grossProfitRatio": 0.7676767677,
        "researchAndDevelopmentExpenses": 0,
        "generalAndAdministrativeExpenses": 44000000,
        "sellingAndMarketingExpenses": 0,
        "sellingGeneralAndAdministrativeExpenses": 44000000,
        "otherExpenses": 0,
        "operatingExpenses": 44000000,
        "costAndExpenses": 90000000,
        "interestIncome": 0,
        "interestExpense": 27000000,
        "depreciationAndAmortization": 29000000,
        "ebitda": -1008000000,
        "ebitdaratio": -5.0909090909,
        "operatingIncome": -999000000,
        "operatingIncomeRatio": -5.0454545455,
        "totalOtherIncomeExpensesNet": -65000000,
        "incomeBeforeTax": -1064000000,
        "incomeBeforeTaxRatio": -5.3737373737,
        "incomeTaxExpense": 0,
        "netIncome": -1064000000,
        "netIncomeRatio": -5.3737373737,
        "eps": -8.65,
        "epsdiluted": -8.65,
        "weightedAverageShsOut": 123000000,
        "weightedAverageShsOutDil": 123000000,
        "link": "https://www.sec.gov/Archives/edgar/data/1379895/000110465912053993/0001104659-12-053993-index.html",
        "finalLink": "https://www.sec.gov/Archives/edgar/data/1379895/000110465912053993/a12-13964_110q.htm"
    },
    {
        "date": "2012-03-31",
        "symbol": "DYN",
        "reportedCurrency": "USD",
        "cik": "0001818794",
        "fillingDate": "2012-05-10",
        "acceptedDate": "2012-05-09 20:00:00",
        "calendarYear": "2012",
        "period": "Q1",
        "revenue": 177000000,
        "costOfRevenue": 86000000,
        "grossProfit": 91000000,
        "grossProfitRatio": 0.5141242938,
        "researchAndDevelopmentExpenses": 0,
        "generalAndAdministrativeExpenses": 23000000,
        "sellingAndMarketingExpenses": 0,
        "sellingGeneralAndAdministrativeExpenses": 23000000,
        "otherExpenses": 0,
        "operatingExpenses": 23000000,
        "costAndExpenses": 109000000,
        "interestIncome": 0,
        "interestExpense": 37000000,
        "depreciationAndAmortization": 51000000,
        "ebitda": 30000000,
        "ebitdaratio": 0.1694915254,
        "operatingIncome": -58000000,
        "operatingIncomeRatio": -0.3276836158,
        "totalOtherIncomeExpensesNet": 0,
        "incomeBeforeTax": -58000000,
        "incomeBeforeTaxRatio": -0.3276836158,
        "incomeTaxExpense": 0,
        "netIncome": -58000000,
        "netIncomeRatio": -0.3276836158,
        "eps": -0.47,
        "epsdiluted": -0.47,
        "weightedAverageShsOut": 123000000,
        "weightedAverageShsOutDil": 123000000,
        "link": "https://www.sec.gov/Archives/edgar/data/1379895/000110465912035669/0001104659-12-035669-index.htm",
        "finalLink": "https://www.sec.gov/Archives/edgar/data/1379895/000110465912035669/a12-8829_110q.htm"
    },
    {
        "date": "2011-12-31",
        "symbol": "DYN",
        "reportedCurrency": "USD",
        "cik": "0001818794",
        "fillingDate": "2012-03-08",
        "acceptedDate": "2012-03-08 12:43:25",
        "calendarYear": "2011",
        "period": "Q4",
        "revenue": 238000000,
        "costOfRevenue": 162000000,
        "grossProfit": 76000000,
        "grossProfitRatio": 0.3193277311,
        "researchAndDevelopmentExpenses": 0,
        "generalAndAdministrativeExpenses": 38000000,
        "sellingAndMarketingExpenses": 0,
        "sellingGeneralAndAdministrativeExpenses": 38000000,
        "otherExpenses": 0,
        "operatingExpenses": 38000000,
        "costAndExpenses": 200000000,
        "interestIncome": 0,
        "interestExpense": 72000000,
        "depreciationAndAmortization": 55000000,
        "ebitda": -1698000000,
        "ebitdaratio": -7.1344537815,
        "operatingIncome": -1495000000,
        "operatingIncomeRatio": -6.281512605,
        "totalOtherIncomeExpensesNet": -330000000,
        "incomeBeforeTax": -1825000000,
        "incomeBeforeTaxRatio": -7.6680672269,
        "incomeTaxExpense": -448000000,
        "netIncome": -1377000000,
        "netIncomeRatio": -5.7857142857,
        "eps": -11.29,
        "epsdiluted": -11.29,
        "weightedAverageShsOut": 122000000,
        "weightedAverageShsOutDil": 122000000,
        "link": "https://www.sec.gov/Archives/edgar/data/1379895/000104746912002275/0001047469-12-002275-index.html",
        "finalLink": "https://www.sec.gov/Archives/edgar/data/1379895/000104746912002275/a2207827z10-k.htm"
    },
    {
        "date": "2011-09-30",
        "symbol": "DYN",
        "reportedCurrency": "USD",
        "cik": "0001818794",
        "fillingDate": "2011-11-14",
        "acceptedDate": "2011-11-14 16:33:29",
        "calendarYear": "2011",
        "period": "Q3",
        "revenue": 516000000,
        "costOfRevenue": 298000000,
        "grossProfit": 218000000,
        "grossProfitRatio": 0.4224806202,
        "researchAndDevelopmentExpenses": 0,
        "generalAndAdministrativeExpenses": 32000000,
        "sellingAndMarketingExpenses": 0,
        "sellingGeneralAndAdministrativeExpenses": 32000000,
        "otherExpenses": 0,
        "operatingExpenses": 32000000,
        "costAndExpenses": 330000000,
        "interestIncome": 0,
        "interestExpense": 107000000,
        "depreciationAndAmortization": 82000000,
        "ebitda": 66000000,
        "ebitdaratio": 0.1279069767,
        "operatingIncome": 5000000,
        "operatingIncomeRatio": 0.0096899225,
        "totalOtherIncomeExpensesNet": -128000000,
        "incomeBeforeTax": -123000000,
        "incomeBeforeTaxRatio": -0.238372093,
        "incomeTaxExpense": -48000000,
        "netIncome": -75000000,
        "netIncomeRatio": -0.1453488372,
        "eps": -0.61,
        "epsdiluted": -0.61,
        "weightedAverageShsOut": 122000000,
        "weightedAverageShsOutDil": 122000000,
        "link": "https://www.sec.gov/Archives/edgar/data/1379895/000110465911063977/0001104659-11-063977-index.html",
        "finalLink": "https://www.sec.gov/Archives/edgar/data/1379895/000110465911063977/a11-25972_110q.htm"
    },
    {
        "date": "2011-06-30",
        "symbol": "DYN",
        "reportedCurrency": "USD",
        "cik": "0001818794",
        "fillingDate": "2011-08-08",
        "acceptedDate": "2011-08-08 15:42:10",
        "calendarYear": "2011",
        "period": "Q2",
        "revenue": 326000000,
        "costOfRevenue": 225000000,
        "grossProfit": 101000000,
        "grossProfitRatio": 0.3098159509,
        "researchAndDevelopmentExpenses": 0,
        "generalAndAdministrativeExpenses": 25000000,
        "sellingAndMarketingExpenses": 0,
        "sellingGeneralAndAdministrativeExpenses": 25000000,
        "otherExpenses": 0,
        "operatingExpenses": 25000000,
        "costAndExpenses": 250000000,
        "interestIncome": 0,
        "interestExpense": 89000000,
        "depreciationAndAmortization": 79000000,
        "ebitda": -8000000,
        "ebitdaratio": -0.0245398773,
        "operatingIncome": -106000000,
        "operatingIncomeRatio": -0.3251533742,
        "totalOtherIncomeExpensesNet": -86000000,
        "incomeBeforeTax": -192000000,
        "incomeBeforeTaxRatio": -0.5889570552,
        "incomeTaxExpense": -60000000,
        "netIncome": -116000000,
        "netIncomeRatio": -0.3558282209,
        "eps": -0.95,
        "epsdiluted": -0.95,
        "weightedAverageShsOut": 122000000,
        "weightedAverageShsOutDil": 122000000,
        "link": "https://www.sec.gov/Archives/edgar/data/1105055/000110465911044815/0001104659-11-044815-index.html",
        "finalLink": "https://www.sec.gov/Archives/edgar/data/1105055/000110465911044815/a11-17482_110q.htm"
    },
    {
        "date": "2011-03-31",
        "symbol": "DYN",
        "reportedCurrency": "USD",
        "cik": "0001818794",
        "fillingDate": "2011-05-09",
        "acceptedDate": "2011-05-09 15:47:41",
        "calendarYear": "2011",
        "period": "Q1",
        "revenue": 505000000,
        "costOfRevenue": 278000000,
        "grossProfit": 227000000,
        "grossProfitRatio": 0.4495049505,
        "researchAndDevelopmentExpenses": 0,
        "generalAndAdministrativeExpenses": 40000000,
        "sellingAndMarketingExpenses": 0,
        "sellingGeneralAndAdministrativeExpenses": 40000000,
        "otherExpenses": 0,
        "operatingExpenses": 40000000,
        "costAndExpenses": 318000000,
        "interestIncome": 0,
        "interestExpense": 89000000,
        "depreciationAndAmortization": 130000000,
        "ebitda": 202000000,
        "ebitdaratio": 0.4,
        "operatingIncome": -49000000,
        "operatingIncomeRatio": -0.097029703,
        "totalOtherIncomeExpensesNet": -88000000,
        "incomeBeforeTax": -137000000,
        "incomeBeforeTaxRatio": -0.2712871287,
        "incomeTaxExpense": 60000000,
        "netIncome": -77000000,
        "netIncomeRatio": -0.1524752475,
        "eps": -0.64,
        "epsdiluted": -0.64,
        "weightedAverageShsOut": 121000000,
        "weightedAverageShsOutDil": 121000000,
        "link": "https://www.sec.gov/Archives/edgar/data/1105055/000114036111025964/0001140361-11-025964-index.html",
        "finalLink": "https://www.sec.gov/Archives/edgar/data/1105055/000114036111025964/form10-q.htm"
    },
    {
        "date": "2010-12-31",
        "symbol": "DYN",
        "reportedCurrency": "USD",
        "cik": "0001818794",
        "fillingDate": "2011-03-08",
        "acceptedDate": "2011-03-07 19:00:00",
        "calendarYear": "2010",
        "period": "Q4",
        "revenue": 451000000,
        "costOfRevenue": 1181000000,
        "grossProfit": -730000000,
        "grossProfitRatio": -1.6186252772,
        "researchAndDevelopmentExpenses": 0,
        "generalAndAdministrativeExpenses": 53000000,
        "sellingAndMarketingExpenses": 0,
        "sellingGeneralAndAdministrativeExpenses": 53000000,
        "otherExpenses": 0,
        "operatingExpenses": 53000000,
        "costAndExpenses": 1234000000,
        "interestIncome": 0,
        "interestExpense": 91000000,
        "depreciationAndAmortization": 135000000,
        "ebitda": 339000000,
        "ebitdaratio": 0.7516629712,
        "operatingIncome": -163000000,
        "operatingIncomeRatio": -0.3614190687,
        "totalOtherIncomeExpensesNet": -118000000,
        "incomeBeforeTax": -281000000,
        "incomeBeforeTaxRatio": -0.623059867,
        "incomeTaxExpense": 277000000,
        "netIncome": -164000000,
        "netIncomeRatio": -0.3636363636,
        "eps": -1.37,
        "epsdiluted": -1.36,
        "weightedAverageShsOut": 120000000,
        "weightedAverageShsOutDil": 121000000,
        "link": "https://www.sec.gov/Archives/edgar/data/1379895/000114036111015138/0001140361-11-015138-index.htm",
        "finalLink": "https://www.sec.gov/Archives/edgar/data/1379895/000114036111015138/form_10-k.htm"
    },
    {
        "date": "2010-09-30",
        "symbol": "DYN",
        "reportedCurrency": "USD",
        "cik": "0001818794",
        "fillingDate": "2010-11-09",
        "acceptedDate": "2010-11-08 19:54:15",
        "calendarYear": "2010",
        "period": "Q3",
        "revenue": 775000000,
        "costOfRevenue": 334000000,
        "grossProfit": 441000000,
        "grossProfitRatio": 0.5690322581,
        "researchAndDevelopmentExpenses": 0,
        "generalAndAdministrativeExpenses": 51000000,
        "sellingAndMarketingExpenses": 0,
        "sellingGeneralAndAdministrativeExpenses": 51000000,
        "otherExpenses": 0,
        "operatingExpenses": 51000000,
        "costAndExpenses": 385000000,
        "interestIncome": 0,
        "interestExpense": 92000000,
        "depreciationAndAmortization": 101000000,
        "ebitda": 152000000,
        "ebitdaratio": 0.1961290323,
        "operatingIncome": 50000000,
        "operatingIncomeRatio": 0.064516129,
        "totalOtherIncomeExpensesNet": -91000000,
        "incomeBeforeTax": -41000000,
        "incomeBeforeTaxRatio": -0.0529032258,
        "incomeTaxExpense": -17000000,
        "netIncome": -24000000,
        "netIncomeRatio": -0.0309677419,
        "eps": -0.2,
        "epsdiluted": -0.2,
        "weightedAverageShsOut": 120000000,
        "weightedAverageShsOutDil": 121000000,
        "link": "https://www.sec.gov/Archives/edgar/data/1105055/000114036110044315/0001140361-10-044315-index.html",
        "finalLink": "https://www.sec.gov/Archives/edgar/data/1105055/000114036110044315/form10q.htm"
    },
    {
        "date": "2010-06-30",
        "symbol": "DYN",
        "reportedCurrency": "USD",
        "cik": "0001818794",
        "fillingDate": "2010-08-06",
        "acceptedDate": "2010-08-06 17:25:14",
        "calendarYear": "2010",
        "period": "Q2",
        "revenue": 239000000,
        "costOfRevenue": 21846677,
        "grossProfit": 217153323,
        "grossProfitRatio": 0.9085913096,
        "researchAndDevelopmentExpenses": 0,
        "generalAndAdministrativeExpenses": 49457208,
        "sellingAndMarketingExpenses": 0,
        "sellingGeneralAndAdministrativeExpenses": 49457208,
        "otherExpenses": 0,
        "operatingExpenses": 49457208,
        "costAndExpenses": 27610531,
        "interestIncome": 0,
        "interestExpense": 179758719,
        "depreciationAndAmortization": 171047522,
        "ebitda": 224806241,
        "ebitdaratio": 0.940611887,
        "operatingIncome": 101802929,
        "operatingIncomeRatio": 0.4259536778,
        "totalOtherIncomeExpensesNet": -420802929,
        "incomeBeforeTax": -319000000,
        "incomeBeforeTaxRatio": -1.3347280335,
        "incomeTaxExpense": 65000000,
        "netIncome": -191000000,
        "netIncomeRatio": -0.7991631799,
        "eps": -1.59,
        "epsdiluted": -1.58,
        "weightedAverageShsOut": 120000000,
        "weightedAverageShsOutDil": 121000000,
        "link": "https://www.sec.gov/Archives/edgar/data/1105055/000114036110032113/0001140361-10-032113-index.html",
        "finalLink": "https://www.sec.gov/Archives/edgar/data/1105055/000114036110032113/form10q.htm"
    },
    {
        "date": "2010-03-31",
        "symbol": "DYN",
        "reportedCurrency": "USD",
        "cik": "0001818794",
        "fillingDate": "2010-05-10",
        "acceptedDate": "2010-05-10 13:39:03",
        "calendarYear": "2010",
        "period": "Q1",
        "revenue": 858000000,
        "costOfRevenue": 308000000,
        "grossProfit": 550000000,
        "grossProfitRatio": 0.641025641,
        "researchAndDevelopmentExpenses": 0,
        "generalAndAdministrativeExpenses": -31000000,
        "sellingAndMarketingExpenses": 0,
        "sellingGeneralAndAdministrativeExpenses": -113000000,
        "otherExpenses": 0,
        "operatingExpenses": -113000000,
        "costAndExpenses": 195000000,
        "interestIncome": 0,
        "interestExpense": 89000000,
        "depreciationAndAmortization": 79000000,
        "ebitda": 248000000,
        "ebitdaratio": 0.289044289,
        "operatingIncome": 331000000,
        "operatingIncomeRatio": 0.3857808858,
        "totalOtherIncomeExpensesNet": -122000000,
        "incomeBeforeTax": 209000000,
        "incomeBeforeTaxRatio": 0.2435897436,
        "incomeTaxExpense": -65000000,
        "netIncome": 145000000,
        "netIncomeRatio": 0.168997669,
        "eps": 0.24,
        "epsdiluted": 0.24,
        "weightedAverageShsOut": 604166666,
        "weightedAverageShsOutDil": 604166666,
        "link": "https://www.sec.gov/Archives/edgar/data/1105055/000137989510000009/0001379895-10-000009-index.html",
        "finalLink": "https://www.sec.gov/Archives/edgar/data/1105055/000137989510000009/form10q.htm"
    },
    {
        "date": "2009-12-31",
        "symbol": "DYN",
        "reportedCurrency": "USD",
        "cik": "0001818794",
        "fillingDate": "2010-02-25",
        "acceptedDate": "2010-02-25 13:01:41",
        "calendarYear": "2009",
        "period": "Q4",
        "revenue": 441000000,
        "costOfRevenue": 267000000,
        "grossProfit": 174000000,
        "grossProfitRatio": 0.3945578231,
        "researchAndDevelopmentExpenses": 0,
        "generalAndAdministrativeExpenses": -34000000,
        "sellingAndMarketingExpenses": 0,
        "sellingGeneralAndAdministrativeExpenses": -146000000,
        "otherExpenses": 0,
        "operatingExpenses": -146000000,
        "costAndExpenses": 121000000,
        "interestIncome": 0,
        "interestExpense": 104000000,
        "depreciationAndAmortization": 80000000,
        "ebitda": -4000000,
        "ebitdaratio": -0.0090702948,
        "operatingIncome": -210000000,
        "operatingIncomeRatio": -0.4761904762,
        "totalOtherIncomeExpensesNet": -233000000,
        "incomeBeforeTax": -443000000,
        "incomeBeforeTaxRatio": -1.0045351474,
        "incomeTaxExpense": 168000000,
        "netIncome": -356000000,
        "netIncomeRatio": -0.8072562358,
        "eps": -0.35,
        "epsdiluted": -0.35,
        "weightedAverageShsOut": 1009600000,
        "weightedAverageShsOutDil": 1009600000,
        "link": "https://www.sec.gov/Archives/edgar/data/1105055/000114036110008372/0001140361-10-008372-index.html",
        "finalLink": "https://www.sec.gov/Archives/edgar/data/1105055/000114036110008372/form10k.htm"
    },
    {
        "date": "2009-09-30",
        "symbol": "DYN",
        "reportedCurrency": "USD",
        "cik": "0001818794",
        "fillingDate": "2009-11-05",
        "acceptedDate": "2009-11-05 13:16:00",
        "calendarYear": "2009",
        "period": "Q3",
        "revenue": 630000000,
        "costOfRevenue": 261000000,
        "grossProfit": 369000000,
        "grossProfitRatio": 0.5857142857,
        "researchAndDevelopmentExpenses": 0,
        "generalAndAdministrativeExpenses": -42000000,
        "sellingAndMarketingExpenses": 0,
        "sellingGeneralAndAdministrativeExpenses": -107000000,
        "otherExpenses": 0,
        "operatingExpenses": -107000000,
        "costAndExpenses": 154000000,
        "interestIncome": 0,
        "interestExpense": 115000000,
        "depreciationAndAmortization": 90000000,
        "ebitda": 122000000,
        "ebitdaratio": 0.1936507937,
        "operatingIncome": 66000000,
        "operatingIncomeRatio": 0.1047619048,
        "totalOtherIncomeExpensesNet": -164000000,
        "incomeBeforeTax": -98000000,
        "incomeBeforeTaxRatio": -0.1555555556,
        "incomeTaxExpense": 140000000,
        "netIncome": -223000000,
        "netIncomeRatio": -0.353968254,
        "eps": -0.22,
        "epsdiluted": -0.22,
        "weightedAverageShsOut": 1017977528,
        "weightedAverageShsOutDil": 1017977528,
        "link": "https://www.sec.gov/Archives/edgar/data/1105055/000114036109024863/0001140361-09-024863-index.html",
        "finalLink": "https://www.sec.gov/Archives/edgar/data/1105055/000114036109024863/form10q.htm"
    },
    {
        "date": "2009-06-30",
        "symbol": "DYN",
        "reportedCurrency": "USD",
        "cik": "0001818794",
        "fillingDate": "2009-08-10",
        "acceptedDate": "2009-08-10 16:13:55",
        "calendarYear": "2009",
        "period": "Q2",
        "revenue": 872000000,
        "costOfRevenue": 525000000,
        "grossProfit": 347000000,
        "grossProfitRatio": 0.3979357798,
        "researchAndDevelopmentExpenses": 0,
        "generalAndAdministrativeExpenses": -83000000,
        "sellingAndMarketingExpenses": 0,
        "sellingGeneralAndAdministrativeExpenses": -215000000,
        "otherExpenses": 0,
        "operatingExpenses": -215000000,
        "costAndExpenses": 310000000,
        "interestIncome": 0,
        "interestExpense": 196000000,
        "depreciationAndAmortization": 95000000,
        "ebitda": -385000000,
        "ebitdaratio": -0.4415137615,
        "operatingIncome": -890000000,
        "operatingIncomeRatio": -1.0206422018,
        "totalOtherIncomeExpensesNet": 76000000,
        "incomeBeforeTax": -814000000,
        "incomeBeforeTaxRatio": -0.9334862385,
        "incomeTaxExpense": 7000000,
        "netIncome": -683000000,
        "netIncomeRatio": -0.7832568807,
        "eps": -0.82,
        "epsdiluted": -0.82,
        "weightedAverageShsOut": 832926829,
        "weightedAverageShsOutDil": 832926829,
        "link": "https://www.sec.gov/Archives/edgar/data/1105055/000114036109018466/0001140361-09-018466-index.html",
        "finalLink": "https://www.sec.gov/Archives/edgar/data/1105055/000114036109018466/form10q.htm"
    },
    {
        "date": "2009-03-31",
        "symbol": "DYN",
        "reportedCurrency": "USD",
        "cik": "0001818794",
        "fillingDate": "2009-05-07",
        "acceptedDate": "2009-05-07 12:28:37",
        "calendarYear": "2009",
        "period": "Q1",
        "revenue": 525000000,
        "costOfRevenue": 141000000,
        "grossProfit": 384000000,
        "grossProfitRatio": 0.7314285714,
        "researchAndDevelopmentExpenses": 0,
        "generalAndAdministrativeExpenses": 0,
        "sellingAndMarketingExpenses": 0,
        "sellingGeneralAndAdministrativeExpenses": -51000000,
        "otherExpenses": 0,
        "operatingExpenses": -51000000,
        "costAndExpenses": 90000000,
        "interestIncome": 0,
        "interestExpense": 0,
        "depreciationAndAmortization": 94000000,
        "ebitda": 294000000,
        "ebitdaratio": 0.56,
        "operatingIncome": 200000000,
        "operatingIncomeRatio": 0.380952381,
        "totalOtherIncomeExpensesNet": 0,
        "incomeBeforeTax": 0,
        "incomeBeforeTaxRatio": 0,
        "incomeTaxExpense": 0,
        "netIncome": 0,
        "netIncomeRatio": 0,
        "eps": 0,
        "epsdiluted": 0,
        "weightedAverageShsOut": 870000000,
        "weightedAverageShsOutDil": 870000000,
        "link": "https://www.sec.gov/Archives/edgar/data/1105055/000114036109011342/0001140361-09-011342-index.html",
        "finalLink": "https://www.sec.gov/Archives/edgar/data/1105055/000114036109011342/form10q.htm"
    },
    {
        "date": "2008-12-31",
        "symbol": "DYN",
        "reportedCurrency": "USD",
        "cik": "0001818794",
        "fillingDate": "2009-02-26",
        "acceptedDate": "2009-02-26 10:55:32",
        "calendarYear": "2008",
        "period": "Q4",
        "revenue": 795000000,
        "costOfRevenue": 388000000,
        "grossProfit": 407000000,
        "grossProfitRatio": 0.5119496855,
        "researchAndDevelopmentExpenses": 0,
        "generalAndAdministrativeExpenses": -31000000,
        "sellingAndMarketingExpenses": 0,
        "sellingGeneralAndAdministrativeExpenses": -127000000,
        "otherExpenses": 0,
        "operatingExpenses": -127000000,
        "costAndExpenses": 261000000,
        "interestIncome": 0,
        "interestExpense": 105000000,
        "depreciationAndAmortization": 95000000,
        "ebitda": 249000000,
        "ebitdaratio": 0.3132075472,
        "operatingIncome": 107000000,
        "operatingIncomeRatio": 0.134591195,
        "totalOtherIncomeExpensesNet": -173000000,
        "incomeBeforeTax": -66000000,
        "incomeBeforeTaxRatio": -0.0830188679,
        "incomeTaxExpense": 56000000,
        "netIncome": -7000000,
        "netIncomeRatio": -0.0088050314,
        "eps": -0.008,
        "epsdiluted": -0.008,
        "weightedAverageShsOut": 870000000,
        "weightedAverageShsOutDil": 870000000,
        "link": "https://www.sec.gov/Archives/edgar/data/1105055/000136231009002804/0001362310-09-002804-index.html",
        "finalLink": "https://www.sec.gov/Archives/edgar/data/1105055/000136231009002804/c81453e10vk.htm"
    },
    {
        "date": "2008-09-30",
        "symbol": "DYN",
        "reportedCurrency": "USD",
        "cik": "0001818794",
        "fillingDate": "2008-11-06",
        "acceptedDate": "2008-11-06 11:21:05",
        "calendarYear": "2008",
        "period": "Q3",
        "revenue": 1886000000,
        "costOfRevenue": 558000000,
        "grossProfit": 1328000000,
        "grossProfitRatio": 0.704135737,
        "researchAndDevelopmentExpenses": 0,
        "generalAndAdministrativeExpenses": -48000000,
        "sellingAndMarketingExpenses": 0,
        "sellingGeneralAndAdministrativeExpenses": -130000000,
        "otherExpenses": 0,
        "operatingExpenses": -130000000,
        "costAndExpenses": 428000000,
        "interestIncome": 0,
        "interestExpense": 105000000,
        "depreciationAndAmortization": 93000000,
        "ebitda": 390000000,
        "ebitdaratio": 0.2067868505,
        "operatingIncome": 1116000000,
        "operatingIncomeRatio": 0.591728526,
        "totalOtherIncomeExpensesNet": -98000000,
        "incomeBeforeTax": 1018000000,
        "incomeBeforeTaxRatio": 0.539766702,
        "incomeTaxExpense": -413000000,
        "netIncome": 605000000,
        "netIncomeRatio": 0.3207847296,
        "eps": 0.74,
        "epsdiluted": 0.74,
        "weightedAverageShsOut": 822727272,
        "weightedAverageShsOutDil": 822727272,
        "link": "https://www.sec.gov/Archives/edgar/data/1105055/000116923208003931/0001169232-08-003931-index.html",
        "finalLink": "https://www.sec.gov/Archives/edgar/data/1105055/000116923208003931/d75189_10-q.htm"
    },
    {
        "date": "2008-06-30",
        "symbol": "DYN",
        "reportedCurrency": "USD",
        "cik": "0001818794",
        "fillingDate": "2008-08-07",
        "acceptedDate": "2008-08-07 11:32:18",
        "calendarYear": "2008",
        "period": "Q2",
        "revenue": 94000000,
        "costOfRevenue": 227000000,
        "grossProfit": -133000000,
        "grossProfitRatio": -1.414893617,
        "researchAndDevelopmentExpenses": 0,
        "generalAndAdministrativeExpenses": -39000000,
        "sellingAndMarketingExpenses": 0,
        "sellingGeneralAndAdministrativeExpenses": -125000000,
        "otherExpenses": 0,
        "operatingExpenses": -125000000,
        "costAndExpenses": 102000000,
        "interestIncome": 0,
        "interestExpense": 108000000,
        "depreciationAndAmortization": 94000000,
        "ebitda": 116000000,
        "ebitdaratio": 1.2340425532,
        "operatingIncome": -364000000,
        "operatingIncomeRatio": -3.8723404255,
        "totalOtherIncomeExpensesNet": -94000000,
        "incomeBeforeTax": -458000000,
        "incomeBeforeTaxRatio": -4.8723404255,
        "incomeTaxExpense": 186000000,
        "netIncome": -272000000,
        "netIncomeRatio": -2.8936170213,
        "eps": -0.33,
        "epsdiluted": -0.33,
        "weightedAverageShsOut": 831372549,
        "weightedAverageShsOutDil": 831372549,
        "link": "https://www.sec.gov/Archives/edgar/data/1105055/000116923208002915/0001169232-08-002915-index.html",
        "finalLink": "https://www.sec.gov/Archives/edgar/data/1105055/000116923208002915/d74660_10-q.htm"
    },
    {
        "date": "2008-03-31",
        "symbol": "DYN",
        "reportedCurrency": "USD",
        "cik": "0001818794",
        "fillingDate": "2008-05-08",
        "acceptedDate": "2008-05-08 13:40:04",
        "calendarYear": "2008",
        "period": "Q1",
        "revenue": 774000000,
        "costOfRevenue": 680000000,
        "grossProfit": 94000000,
        "grossProfitRatio": 0.1214470284,
        "researchAndDevelopmentExpenses": 0,
        "generalAndAdministrativeExpenses": -39000000,
        "sellingAndMarketingExpenses": 0,
        "sellingGeneralAndAdministrativeExpenses": -112000000,
        "otherExpenses": 0,
        "operatingExpenses": -112000000,
        "costAndExpenses": 568000000,
        "interestIncome": 0,
        "interestExpense": 109000000,
        "depreciationAndAmortization": 94000000,
        "ebitda": 147000000,
        "ebitdaratio": 0.1899224806,
        "operatingIncome": -150000000,
        "operatingIncomeRatio": -0.1937984496,
        "totalOtherIncomeExpensesNet": -98000000,
        "incomeBeforeTax": -248000000,
        "incomeBeforeTaxRatio": -0.3204134367,
        "incomeTaxExpense": 96000000,
        "netIncome": -152000000,
        "netIncomeRatio": -0.1963824289,
        "eps": -0.18,
        "epsdiluted": -0.18,
        "weightedAverageShsOut": 844444444,
        "weightedAverageShsOutDil": 844444444,
        "link": "https://www.sec.gov/Archives/edgar/data/1105055/000136231008002555/0001362310-08-002555-index.html",
        "finalLink": "https://www.sec.gov/Archives/edgar/data/1105055/000136231008002555/c73185e10vq.htm"
    },
    {
        "date": "2007-12-31",
        "symbol": "DYN",
        "reportedCurrency": "USD",
        "cik": "0001818794",
        "fillingDate": "2008-02-28",
        "acceptedDate": "2008-02-28 17:09:14",
        "calendarYear": "2007",
        "period": "Q4",
        "revenue": 724000000,
        "costOfRevenue": 535000000,
        "grossProfit": 189000000,
        "grossProfitRatio": 0.2610497238,
        "researchAndDevelopmentExpenses": 0,
        "generalAndAdministrativeExpenses": -40000000,
        "sellingAndMarketingExpenses": 0,
        "sellingGeneralAndAdministrativeExpenses": -40000000,
        "otherExpenses": 0,
        "operatingExpenses": -40000000,
        "costAndExpenses": 495000000,
        "interestIncome": 0,
        "interestExpense": 116000000,
        "depreciationAndAmortization": 94000000,
        "ebitda": 108000000,
        "ebitdaratio": 0.1491712707,
        "operatingIncome": 95000000,
        "operatingIncomeRatio": 0.1312154696,
        "totalOtherIncomeExpensesNet": -102000000,
        "incomeBeforeTax": -7000000,
        "incomeBeforeTaxRatio": -0.0096685083,
        "incomeTaxExpense": -56000000,
        "netIncome": -46000000,
        "netIncomeRatio": -0.0635359116,
        "eps": -0.0441,
        "epsdiluted": -0.0441,
        "weightedAverageShsOut": 1042222222,
        "weightedAverageShsOutDil": 1042222222,
        "link": "https://www.sec.gov/Archives/edgar/data/1379895/000119312508041975/0001193125-08-041975-index.htm",
        "finalLink": "https://www.sec.gov/Archives/edgar/data/1379895/000119312508041975/d10k.htm"
    },
    {
        "date": "2007-09-30",
        "symbol": "DYN",
        "reportedCurrency": "USD",
        "cik": "0001818794",
        "fillingDate": "2007-11-09",
        "acceptedDate": "2007-11-08 18:34:08",
        "calendarYear": "2007",
        "period": "Q3",
        "revenue": 1046000000,
        "costOfRevenue": 649000000,
        "grossProfit": 397000000,
        "grossProfitRatio": 0.379541109,
        "researchAndDevelopmentExpenses": 0,
        "generalAndAdministrativeExpenses": -62000000,
        "sellingAndMarketingExpenses": 0,
        "sellingGeneralAndAdministrativeExpenses": -62000000,
        "otherExpenses": 0,
        "operatingExpenses": -62000000,
        "costAndExpenses": 587000000,
        "interestIncome": 0,
        "interestExpense": 117000000,
        "depreciationAndAmortization": 93000000,
        "ebitda": 371000000,
        "ebitdaratio": 0.3546845124,
        "operatingIncome": 247000000,
        "operatingIncomeRatio": 0.2361376673,
        "totalOtherIncomeExpensesNet": -92000000,
        "incomeBeforeTax": 155000000,
        "incomeBeforeTaxRatio": 0.1481835564,
        "incomeTaxExpense": -59000000,
        "netIncome": 220000000,
        "netIncomeRatio": 0.2103250478,
        "eps": 0.18,
        "epsdiluted": 0.18,
        "weightedAverageShsOut": 1240000000,
        "weightedAverageShsOutDil": 1240000000,
        "link": "https://www.sec.gov/Archives/edgar/data/1105055/000136231007002843/0001362310-07-002843-index.html",
        "finalLink": "https://www.sec.gov/Archives/edgar/data/1105055/000136231007002843/c71430e10vq.htm"
    },
    {
        "date": "2007-06-30",
        "symbol": "DYN",
        "reportedCurrency": "USD",
        "cik": "0001818794",
        "fillingDate": "2007-08-09",
        "acceptedDate": "2007-08-09 15:13:34",
        "calendarYear": "2007",
        "period": "Q2",
        "revenue": 760000000,
        "costOfRevenue": 443000000,
        "grossProfit": 317000000,
        "grossProfitRatio": 0.4171052632,
        "researchAndDevelopmentExpenses": 0,
        "generalAndAdministrativeExpenses": -48000000,
        "sellingAndMarketingExpenses": 0,
        "sellingGeneralAndAdministrativeExpenses": -48000000,
        "otherExpenses": 0,
        "operatingExpenses": -48000000,
        "costAndExpenses": 395000000,
        "interestIncome": 0,
        "interestExpense": 84000000,
        "depreciationAndAmortization": 89000000,
        "ebitda": 218000000,
        "ebitdaratio": 0.2868421053,
        "operatingIncome": 185000000,
        "operatingIncomeRatio": 0.2434210526,
        "totalOtherIncomeExpensesNet": -85000000,
        "incomeBeforeTax": 100000000,
        "incomeBeforeTaxRatio": 0.1315789474,
        "incomeTaxExpense": -31000000,
        "netIncome": 76000000,
        "netIncomeRatio": 0.1,
        "eps": 0.11,
        "epsdiluted": 0.11,
        "weightedAverageShsOut": 692307692,
        "weightedAverageShsOutDil": 692307692,
        "link": "https://www.sec.gov/Archives/edgar/data/1105055/000119312507177324/0001193125-07-177324-index.html",
        "finalLink": "https://www.sec.gov/Archives/edgar/data/1105055/000119312507177324/d10q.htm"
    }
]