[
    {
        "date": "2025-09-30",
        "symbol": "E",
        "reportedCurrency": "EUR",
        "cik": "0001002242",
        "fillingDate": "2025-10-24",
        "acceptedDate": "2025-10-23 20:00:00",
        "calendarYear": "2025",
        "period": "Q3",
        "revenue": 20722000,
        "costOfRevenue": 16216000,
        "grossProfit": 4506000,
        "grossProfitRatio": 0.2174500531,
        "researchAndDevelopmentExpenses": 0,
        "generalAndAdministrativeExpenses": 0,
        "sellingAndMarketingExpenses": 0,
        "sellingGeneralAndAdministrativeExpenses": 0,
        "otherExpenses": 985000,
        "operatingExpenses": 16216000,
        "costAndExpenses": 20722000,
        "interestIncome": 0,
        "interestExpense": 310282986,
        "depreciationAndAmortization": 1854000,
        "ebitda": 4052000,
        "ebitdaratio": 0.1955409709,
        "operatingIncome": 1562000,
        "operatingIncomeRatio": 0.0753788244,
        "totalOtherIncomeExpensesNet": 830000,
        "incomeBeforeTax": 1645000,
        "incomeBeforeTaxRatio": 0.0793842293,
        "incomeTaxExpense": 935000,
        "netIncome": 924000,
        "netIncomeRatio": 0.0445902905,
        "eps": 0,
        "epsdiluted": 0,
        "weightedAverageShsOut": 7450,
        "weightedAverageShsOutDil": 7450,
        "link": "",
        "finalLink": ""
    },
    {
        "date": "2025-06-30",
        "symbol": "E",
        "reportedCurrency": "EUR",
        "cik": "0001002242",
        "fillingDate": "2025-07-30",
        "acceptedDate": "2025-07-30 10:11:17",
        "calendarYear": "2025",
        "period": "Q2",
        "revenue": 18767000000,
        "costOfRevenue": 16927000000,
        "grossProfit": 1840000000,
        "grossProfitRatio": 0.0980444397,
        "researchAndDevelopmentExpenses": 0,
        "generalAndAdministrativeExpenses": 824000000,
        "sellingAndMarketingExpenses": 0,
        "sellingGeneralAndAdministrativeExpenses": 824000000,
        "otherExpenses": -146000000,
        "operatingExpenses": 678000000,
        "costAndExpenses": 17605000000,
        "interestIncome": 0,
        "interestExpense": 205271290,
        "depreciationAndAmortization": 1823000000,
        "ebitda": 6553000000,
        "ebitdaratio": 0.3491767464,
        "operatingIncome": 1162000000,
        "operatingIncomeRatio": 0.0619171951,
        "totalOtherIncomeExpensesNet": 243000000,
        "incomeBeforeTax": 1405000000,
        "incomeBeforeTaxRatio": 0.0748654553,
        "incomeTaxExpense": 844000000,
        "netIncome": 543000000,
        "netIncomeRatio": 0.0289337667,
        "eps": 0.28,
        "epsdiluted": 0.28,
        "weightedAverageShsOut": 1524850000,
        "weightedAverageShsOutDil": 1556150000,
        "link": "https://www.sec.gov/Archives/edgar/data/1002242/000117494725001100/0001174947-25-001100-index.htm",
        "finalLink": "https://www.sec.gov/Archives/edgar/data/1002242/000117494725001100/form6k-34501_eni.htm"
    },
    {
        "date": "2025-03-31",
        "symbol": "E",
        "reportedCurrency": "EUR",
        "cik": "0001002242",
        "fillingDate": "2025-04-24",
        "acceptedDate": "2025-04-24 09:29:54",
        "calendarYear": "2025",
        "period": "Q1",
        "revenue": 22565000000,
        "costOfRevenue": 19633000000,
        "grossProfit": 2932000000,
        "grossProfitRatio": 0.1299357412,
        "researchAndDevelopmentExpenses": 0,
        "generalAndAdministrativeExpenses": 870000000,
        "sellingAndMarketingExpenses": 0,
        "sellingGeneralAndAdministrativeExpenses": 870000000,
        "otherExpenses": -266000000,
        "operatingExpenses": 604000000,
        "costAndExpenses": 20237000000,
        "interestIncome": 0,
        "interestExpense": 232391574,
        "depreciationAndAmortization": 1873000000,
        "ebitda": 6790000000,
        "ebitdaratio": 0.3009084866,
        "operatingIncome": 2328000000,
        "operatingIncomeRatio": 0.103168624,
        "totalOtherIncomeExpensesNet": 102000000,
        "incomeBeforeTax": 2430000000,
        "incomeBeforeTaxRatio": 0.1076888987,
        "incomeTaxExpense": 1235000000,
        "netIncome": 1172000000,
        "netIncomeRatio": 0.0519388433,
        "eps": 0.72,
        "epsdiluted": 0.72,
        "weightedAverageShsOut": 1627778000,
        "weightedAverageShsOutDil": 1563000000,
        "link": "https://www.sec.gov/Archives/edgar/data/1002242/000110465925038393/0001104659-25-038393-index.htm",
        "finalLink": "https://www.sec.gov/Archives/edgar/data/1002242/000110465925038393/tm2513010d1_6k.htm"
    },
    {
        "date": "2024-12-31",
        "symbol": "E",
        "reportedCurrency": "EUR",
        "cik": "0001002242",
        "fillingDate": "2025-04-04",
        "acceptedDate": "2025-04-04 08:23:31",
        "calendarYear": "2024",
        "period": "Q4",
        "revenue": 23488000000,
        "costOfRevenue": 21705000000,
        "grossProfit": 1783000000,
        "grossProfitRatio": 0.0759111035,
        "researchAndDevelopmentExpenses": 0,
        "generalAndAdministrativeExpenses": 783000000,
        "sellingAndMarketingExpenses": 0,
        "sellingGeneralAndAdministrativeExpenses": 783000000,
        "otherExpenses": 1373000000,
        "operatingExpenses": 2156000000,
        "costAndExpenses": 23861000000,
        "interestIncome": 0,
        "interestExpense": 263706838,
        "depreciationAndAmortization": 1872000000,
        "ebitda": 5407000000,
        "ebitdaratio": 0.2302026567,
        "operatingIncome": -373000000,
        "operatingIncomeRatio": -0.0158804496,
        "totalOtherIncomeExpensesNet": 417000000,
        "incomeBeforeTax": 44000000,
        "incomeBeforeTaxRatio": 0.001873297,
        "incomeTaxExpense": -244000000,
        "netIncome": 230000000,
        "netIncomeRatio": 0.0097922343,
        "eps": 0.14,
        "epsdiluted": 0.16,
        "weightedAverageShsOut": 1764285500,
        "weightedAverageShsOutDil": 1589600000,
        "link": "https://www.sec.gov/Archives/edgar/data/1002242/000155485525000286/0001554855-25-000286-index.htm",
        "finalLink": "https://www.sec.gov/Archives/edgar/data/1002242/000155485525000286/e-20241231.htm"
    },
    {
        "date": "2024-09-30",
        "symbol": "E",
        "reportedCurrency": "EUR",
        "cik": "0001002242",
        "fillingDate": "2024-09-30",
        "acceptedDate": "2024-09-28 20:00:00",
        "calendarYear": "2024",
        "period": "Q3",
        "revenue": 20658000000,
        "costOfRevenue": 18675000000,
        "grossProfit": 1983000000,
        "grossProfitRatio": 0.0959918676,
        "researchAndDevelopmentExpenses": 0,
        "generalAndAdministrativeExpenses": 818000000,
        "sellingAndMarketingExpenses": 0,
        "sellingGeneralAndAdministrativeExpenses": 818000000,
        "otherExpenses": -195000000,
        "operatingExpenses": 623000000,
        "costAndExpenses": 19298000000,
        "interestIncome": 0,
        "interestExpense": 397331736,
        "depreciationAndAmortization": 1842000000,
        "ebitda": 5544000000,
        "ebitdaratio": 0.268370607,
        "operatingIncome": 1360000000,
        "operatingIncomeRatio": 0.0658340594,
        "totalOtherIncomeExpensesNet": 288000000,
        "incomeBeforeTax": 1648000000,
        "incomeBeforeTaxRatio": 0.0797753897,
        "incomeTaxExpense": 1104000000,
        "netIncome": 522000000,
        "netIncomeRatio": 0.0252686611,
        "eps": 0.32,
        "epsdiluted": 0.32,
        "weightedAverageShsOut": 1631250000,
        "weightedAverageShsOutDil": 1611550000,
        "link": "",
        "finalLink": ""
    },
    {
        "date": "2024-06-30",
        "symbol": "E",
        "reportedCurrency": "EUR",
        "cik": "0001002242",
        "fillingDate": "2024-06-30",
        "acceptedDate": "2024-06-28 20:00:00",
        "calendarYear": "2024",
        "period": "Q2",
        "revenue": 21715000000,
        "costOfRevenue": 19015000000,
        "grossProfit": 2700000000,
        "grossProfitRatio": 0.1243380152,
        "researchAndDevelopmentExpenses": 0,
        "generalAndAdministrativeExpenses": 822000000,
        "sellingAndMarketingExpenses": 0,
        "sellingGeneralAndAdministrativeExpenses": 822000000,
        "otherExpenses": 297000000,
        "operatingExpenses": 1119000000,
        "costAndExpenses": 20134000000,
        "interestIncome": 0,
        "interestExpense": 219682780,
        "depreciationAndAmortization": 1928000000,
        "ebitda": 5610000000,
        "ebitdaratio": 0.2583467649,
        "operatingIncome": 1581000000,
        "operatingIncomeRatio": 0.0728068156,
        "totalOtherIncomeExpensesNet": 491000000,
        "incomeBeforeTax": 2072000000,
        "incomeBeforeTaxRatio": 0.0954179139,
        "incomeTaxExpense": 1377000000,
        "netIncome": 661000000,
        "netIncomeRatio": 0.0304397882,
        "eps": 0.42,
        "epsdiluted": 0.38,
        "weightedAverageShsOut": 1593659550,
        "weightedAverageShsOutDil": 1624829857,
        "link": "",
        "finalLink": ""
    },
    {
        "date": "2024-03-31",
        "symbol": "E",
        "reportedCurrency": "EUR",
        "cik": "0001002242",
        "fillingDate": "2024-03-31",
        "acceptedDate": "2024-03-29 20:00:00",
        "calendarYear": "2024",
        "period": "Q1",
        "revenue": 22936000000,
        "costOfRevenue": 19319000000,
        "grossProfit": 3617000000,
        "grossProfitRatio": 0.1576996861,
        "researchAndDevelopmentExpenses": 0,
        "generalAndAdministrativeExpenses": 839000000,
        "sellingAndMarketingExpenses": 0,
        "sellingGeneralAndAdministrativeExpenses": 839000000,
        "otherExpenses": 108000000,
        "operatingExpenses": 947000000,
        "costAndExpenses": 20266000000,
        "interestIncome": 0,
        "interestExpense": 389828937,
        "depreciationAndAmortization": 1958000000,
        "ebitda": 6508000000,
        "ebitdaratio": 0.283746076,
        "operatingIncome": 2670000000,
        "operatingIncomeRatio": 0.1164108825,
        "totalOtherIncomeExpensesNet": 55000000,
        "incomeBeforeTax": 2725000000,
        "incomeBeforeTaxRatio": 0.1188088594,
        "incomeTaxExpense": 1488000000,
        "netIncome": 1211000000,
        "netIncomeRatio": 0.0527990931,
        "eps": 0.76,
        "epsdiluted": 0.74,
        "weightedAverageShsOut": 1600650000,
        "weightedAverageShsOutDil": 1632300000,
        "link": "",
        "finalLink": ""
    },
    {
        "date": "2023-12-31",
        "symbol": "E",
        "reportedCurrency": "EUR",
        "cik": "0001002242",
        "fillingDate": "2024-04-05",
        "acceptedDate": "2024-04-05 10:31:32",
        "calendarYear": "2023",
        "period": "Q4",
        "revenue": 24622000000,
        "costOfRevenue": 21770000000,
        "grossProfit": 2852000000,
        "grossProfitRatio": 0.1158313703,
        "researchAndDevelopmentExpenses": 0,
        "generalAndAdministrativeExpenses": 933000000,
        "sellingAndMarketingExpenses": 0,
        "sellingGeneralAndAdministrativeExpenses": 933000000,
        "otherExpenses": 1063000000,
        "operatingExpenses": 1996000000,
        "costAndExpenses": 23766000000,
        "interestIncome": 0,
        "interestExpense": 85996440,
        "depreciationAndAmortization": 1985000000,
        "ebitda": 5572000000,
        "ebitdaratio": 0.2263016814,
        "operatingIncome": 856000000,
        "operatingIncomeRatio": 0.0347656567,
        "totalOtherIncomeExpensesNet": 296000000,
        "incomeBeforeTax": 1152000000,
        "incomeBeforeTaxRatio": 0.0467874259,
        "incomeTaxExpense": 948000000,
        "netIncome": 173000000,
        "netIncomeRatio": 0.0070262367,
        "eps": 0.0918,
        "epsdiluted": 0.0902,
        "weightedAverageShsOut": 1621400000,
        "weightedAverageShsOutDil": 1653050000,
        "link": "https://www.sec.gov/Archives/edgar/data/1002242/000155485524000249/0001554855-24-000249-index.htm",
        "finalLink": "https://www.sec.gov/Archives/edgar/data/1002242/000155485524000249/e-20231231.htm"
    },
    {
        "date": "2023-09-30",
        "symbol": "E",
        "reportedCurrency": "EUR",
        "cik": "0001002242",
        "fillingDate": "2023-09-30",
        "acceptedDate": "2023-09-29 20:00:00",
        "calendarYear": "2023",
        "period": "Q3",
        "revenue": 22319000000,
        "costOfRevenue": 18713000000,
        "grossProfit": 3606000000,
        "grossProfitRatio": 0.1615663784,
        "researchAndDevelopmentExpenses": 0,
        "generalAndAdministrativeExpenses": 663000000,
        "sellingAndMarketingExpenses": 0,
        "sellingGeneralAndAdministrativeExpenses": 663000000,
        "otherExpenses": -183000000,
        "operatingExpenses": 480000000,
        "costAndExpenses": 19193000000,
        "interestIncome": 0,
        "interestExpense": 259973502,
        "depreciationAndAmortization": 1769000000,
        "ebitda": 7333000000,
        "ebitdaratio": 0.3285541467,
        "operatingIncome": 3126000000,
        "operatingIncomeRatio": 0.1400600385,
        "totalOtherIncomeExpensesNet": 312000000,
        "incomeBeforeTax": 3438000000,
        "incomeBeforeTaxRatio": 0.1540391595,
        "incomeTaxExpense": 1503000000,
        "netIncome": 1916000000,
        "netIncomeRatio": 0.0858461401,
        "eps": 1.16,
        "epsdiluted": 1.16,
        "weightedAverageShsOut": 1645100000,
        "weightedAverageShsOutDil": 1650000000,
        "link": "",
        "finalLink": ""
    },
    {
        "date": "2023-06-30",
        "symbol": "E",
        "reportedCurrency": "EUR",
        "cik": "0001002242",
        "fillingDate": "2023-06-30",
        "acceptedDate": "2023-06-29 20:00:00",
        "calendarYear": "2023",
        "period": "Q2",
        "revenue": 19591000000,
        "costOfRevenue": 17004000000,
        "grossProfit": 2587000000,
        "grossProfitRatio": 0.1320504313,
        "researchAndDevelopmentExpenses": 0,
        "generalAndAdministrativeExpenses": 746000000,
        "sellingAndMarketingExpenses": 0,
        "sellingGeneralAndAdministrativeExpenses": 746000000,
        "otherExpenses": 79000000,
        "operatingExpenses": 825000000,
        "costAndExpenses": 17829000000,
        "interestIncome": 0,
        "interestExpense": 181615476,
        "depreciationAndAmortization": 1873000000,
        "ebitda": 5301000000,
        "ebitdaratio": 0.2705834312,
        "operatingIncome": 1762000000,
        "operatingIncomeRatio": 0.0899392578,
        "totalOtherIncomeExpensesNet": 295000000,
        "incomeBeforeTax": 2057000000,
        "incomeBeforeTaxRatio": 0.1049971926,
        "incomeTaxExpense": 1743000000,
        "netIncome": 294000000,
        "netIncomeRatio": 0.0150068909,
        "eps": 0.18,
        "epsdiluted": 0.18,
        "weightedAverageShsOut": 1669000000,
        "weightedAverageShsOutDil": 1672150000,
        "link": "",
        "finalLink": ""
    },
    {
        "date": "2023-03-31",
        "symbol": "E",
        "reportedCurrency": "EUR",
        "cik": "0001002242",
        "fillingDate": "2023-03-31",
        "acceptedDate": "2023-03-31 00:00:00",
        "calendarYear": "2023",
        "period": "Q1",
        "revenue": 27185000000,
        "costOfRevenue": 23828000000,
        "grossProfit": 3357000000,
        "grossProfitRatio": 0.1234872172,
        "researchAndDevelopmentExpenses": 0,
        "generalAndAdministrativeExpenses": 794000000,
        "sellingAndMarketingExpenses": 0,
        "sellingGeneralAndAdministrativeExpenses": 794000000,
        "otherExpenses": 50000000,
        "operatingExpenses": 844000000,
        "costAndExpenses": 24672000000,
        "interestIncome": 0,
        "interestExpense": 171673875,
        "depreciationAndAmortization": 1852000000,
        "ebitda": 7614000000,
        "ebitdaratio": 0.280080927,
        "operatingIncome": 2513000000,
        "operatingIncomeRatio": 0.0924406842,
        "totalOtherIncomeExpensesNet": 1068000000,
        "incomeBeforeTax": 3581000000,
        "incomeBeforeTaxRatio": 0.1317270554,
        "incomeTaxExpense": 1174000000,
        "netIncome": 2388000000,
        "netIncomeRatio": 0.0878425602,
        "eps": 1.42,
        "epsdiluted": 1.42,
        "weightedAverageShsOut": 1672700000,
        "weightedAverageShsOutDil": 1675850000,
        "link": "",
        "finalLink": ""
    },
    {
        "date": "2022-12-31",
        "symbol": "E",
        "reportedCurrency": "EUR",
        "cik": "0001002242",
        "fillingDate": "2022-12-31",
        "acceptedDate": "2022-12-30 19:00:00",
        "calendarYear": "2022",
        "period": "Q4",
        "revenue": 31525000000,
        "costOfRevenue": 30348000000,
        "grossProfit": 1177000000,
        "grossProfitRatio": 0.0373354481,
        "researchAndDevelopmentExpenses": 0,
        "generalAndAdministrativeExpenses": 817000000,
        "sellingAndMarketingExpenses": 0,
        "sellingGeneralAndAdministrativeExpenses": 817000000,
        "otherExpenses": 783000000,
        "operatingExpenses": 1600000000,
        "costAndExpenses": 31948000000,
        "interestIncome": 0,
        "interestExpense": 215174406,
        "depreciationAndAmortization": 2096000000,
        "ebitda": 5141000000,
        "ebitdaratio": 0.1630769231,
        "operatingIncome": -423000000,
        "operatingIncomeRatio": -0.0134179223,
        "totalOtherIncomeExpensesNet": 866000000,
        "incomeBeforeTax": 443000000,
        "incomeBeforeTaxRatio": 0.0140523394,
        "incomeTaxExpense": -227000000,
        "netIncome": 627000000,
        "netIncomeRatio": 0.019888977,
        "eps": 0.32,
        "epsdiluted": 0.32,
        "weightedAverageShsOut": 1685950000,
        "weightedAverageShsOutDil": 1685950000,
        "link": "",
        "finalLink": ""
    },
    {
        "date": "2022-09-30",
        "symbol": "E",
        "reportedCurrency": "EUR",
        "cik": "0001002242",
        "fillingDate": "2022-09-30",
        "acceptedDate": "2022-09-29 20:00:00",
        "calendarYear": "2022",
        "period": "Q3",
        "revenue": 37302000000,
        "costOfRevenue": 29114000000,
        "grossProfit": 8188000000,
        "grossProfitRatio": 0.2195056565,
        "researchAndDevelopmentExpenses": 0,
        "generalAndAdministrativeExpenses": 650000000,
        "sellingAndMarketingExpenses": 0,
        "sellingGeneralAndAdministrativeExpenses": 650000000,
        "otherExpenses": 927000000,
        "operatingExpenses": 1577000000,
        "costAndExpenses": 30691000000,
        "interestIncome": 0,
        "interestExpense": 317478000,
        "depreciationAndAmortization": 1719000000,
        "ebitda": 13948000000,
        "ebitdaratio": 0.3739209694,
        "operatingIncome": 6611000000,
        "operatingIncomeRatio": 0.177229103,
        "totalOtherIncomeExpensesNet": 2692000000,
        "incomeBeforeTax": 9303000000,
        "incomeBeforeTaxRatio": 0.2493968152,
        "incomeTaxExpense": 3420000000,
        "netIncome": 5862000000,
        "netIncomeRatio": 0.1571497507,
        "eps": 3.36,
        "epsdiluted": 3.36,
        "weightedAverageShsOut": 1743900000,
        "weightedAverageShsOutDil": 1746800000,
        "link": "",
        "finalLink": ""
    },
    {
        "date": "2022-06-30",
        "symbol": "E",
        "reportedCurrency": "EUR",
        "cik": "0001002242",
        "fillingDate": "2022-06-30",
        "acceptedDate": "2022-06-29 20:00:00",
        "calendarYear": "2022",
        "period": "Q2",
        "revenue": 31556000000,
        "costOfRevenue": 24948000000,
        "grossProfit": 6608000000,
        "grossProfitRatio": 0.2094055013,
        "researchAndDevelopmentExpenses": 0,
        "generalAndAdministrativeExpenses": 755000000,
        "sellingAndMarketingExpenses": 0,
        "sellingGeneralAndAdministrativeExpenses": 755000000,
        "otherExpenses": -117000000,
        "operatingExpenses": 638000000,
        "costAndExpenses": 25586000000,
        "interestIncome": 0,
        "interestExpense": 84423193,
        "depreciationAndAmortization": 1545000000,
        "ebitda": 10252000000,
        "ebitdaratio": 0.3248827481,
        "operatingIncome": 5970000000,
        "operatingIncomeRatio": 0.1891874762,
        "totalOtherIncomeExpensesNet": 449000000,
        "incomeBeforeTax": 6419000000,
        "incomeBeforeTaxRatio": 0.2034161491,
        "incomeTaxExpense": 2600000000,
        "netIncome": 3815000000,
        "netIncomeRatio": 0.1208961846,
        "eps": 2.16,
        "epsdiluted": 2.16,
        "weightedAverageShsOut": 1768450000,
        "weightedAverageShsOutDil": 1772250000,
        "link": "",
        "finalLink": ""
    },
    {
        "date": "2022-03-31",
        "symbol": "E",
        "reportedCurrency": "EUR",
        "cik": "0001002242",
        "fillingDate": "2022-03-31",
        "acceptedDate": "2022-03-30 20:00:00",
        "calendarYear": "2022",
        "period": "Q1",
        "revenue": 32129000000,
        "costOfRevenue": 25324000000,
        "grossProfit": 6805000000,
        "grossProfitRatio": 0.2118024215,
        "researchAndDevelopmentExpenses": 0,
        "generalAndAdministrativeExpenses": 793000000,
        "sellingAndMarketingExpenses": 0,
        "sellingGeneralAndAdministrativeExpenses": 793000000,
        "otherExpenses": 660000000,
        "operatingExpenses": 1453000000,
        "costAndExpenses": 26777000000,
        "interestIncome": 0,
        "interestExpense": 269544120,
        "depreciationAndAmortization": 1845000000,
        "ebitda": 9246000000,
        "ebitdaratio": 0.2877773974,
        "operatingIncome": 5352000000,
        "operatingIncomeRatio": 0.1665784805,
        "totalOtherIncomeExpensesNet": 532000000,
        "incomeBeforeTax": 5884000000,
        "incomeBeforeTaxRatio": 0.1831367301,
        "incomeTaxExpense": 2295000000,
        "netIncome": 3583000000,
        "netIncomeRatio": 0.1115191883,
        "eps": 2.02,
        "epsdiluted": 2.02,
        "weightedAverageShsOut": 1769900000,
        "weightedAverageShsOutDil": 1773700000,
        "link": "",
        "finalLink": ""
    },
    {
        "date": "2021-12-31",
        "symbol": "E",
        "reportedCurrency": "EUR",
        "cik": "0001002242",
        "fillingDate": "2021-12-31",
        "acceptedDate": "2021-12-30 19:00:00",
        "calendarYear": "2021",
        "period": "Q4",
        "revenue": 26766000000,
        "costOfRevenue": 21586000000,
        "grossProfit": 5180000000,
        "grossProfitRatio": 0.1935291041,
        "researchAndDevelopmentExpenses": 0,
        "generalAndAdministrativeExpenses": 769000000,
        "sellingAndMarketingExpenses": 0,
        "sellingGeneralAndAdministrativeExpenses": 769000000,
        "otherExpenses": -1280000000,
        "operatingExpenses": -511000000,
        "costAndExpenses": 21075000000,
        "interestIncome": 0,
        "interestExpense": 134076470,
        "depreciationAndAmortization": 1962000000,
        "ebitda": 8102000000,
        "ebitdaratio": 0.302697452,
        "operatingIncome": 5691000000,
        "operatingIncomeRatio": 0.2126204887,
        "totalOtherIncomeExpensesNet": -719000000,
        "incomeBeforeTax": 4972000000,
        "incomeBeforeTaxRatio": 0.1857580513,
        "incomeTaxExpense": 1452000000,
        "netIncome": 3515000000,
        "netIncomeRatio": 0.1313233206,
        "eps": 2.12,
        "epsdiluted": 2.12,
        "weightedAverageShsOut": 1774450000,
        "weightedAverageShsOutDil": 1778250000,
        "link": "",
        "finalLink": ""
    },
    {
        "date": "2021-09-30",
        "symbol": "E",
        "reportedCurrency": "EUR",
        "cik": "0001002242",
        "fillingDate": "2021-09-30",
        "acceptedDate": "2021-09-29 20:00:00",
        "calendarYear": "2021",
        "period": "Q3",
        "revenue": 19021000000,
        "costOfRevenue": 15587000000,
        "grossProfit": 3434000000,
        "grossProfitRatio": 0.1805373009,
        "researchAndDevelopmentExpenses": 0,
        "generalAndAdministrativeExpenses": 626000000,
        "sellingAndMarketingExpenses": 0,
        "sellingGeneralAndAdministrativeExpenses": 626000000,
        "otherExpenses": 15000000,
        "operatingExpenses": 641000000,
        "costAndExpenses": 16228000000,
        "interestIncome": 0,
        "interestExpense": 87306312,
        "depreciationAndAmortization": 1779000000,
        "ebitda": 5478000000,
        "ebitdaratio": 0.2879974765,
        "operatingIncome": 2793000000,
        "operatingIncomeRatio": 0.1468377057,
        "totalOtherIncomeExpensesNet": -37000000,
        "incomeBeforeTax": 2756000000,
        "incomeBeforeTaxRatio": 0.1448924873,
        "incomeTaxExpense": 1548000000,
        "netIncome": 1203000000,
        "netIncomeRatio": 0.0632458861,
        "eps": 0.66,
        "epsdiluted": 0.66,
        "weightedAverageShsOut": 1785050000,
        "weightedAverageShsOutDil": 1787700000,
        "link": "",
        "finalLink": ""
    },
    {
        "date": "2021-06-30",
        "symbol": "E",
        "reportedCurrency": "EUR",
        "cik": "0001002242",
        "fillingDate": "2021-06-30",
        "acceptedDate": "2021-06-29 20:00:00",
        "calendarYear": "2021",
        "period": "Q2",
        "revenue": 16294000000,
        "costOfRevenue": 13479000000,
        "grossProfit": 2815000000,
        "grossProfitRatio": 0.1727629802,
        "researchAndDevelopmentExpenses": 0,
        "generalAndAdministrativeExpenses": 702000000,
        "sellingAndMarketingExpenses": 0,
        "sellingGeneralAndAdministrativeExpenses": 702000000,
        "otherExpenses": 118000000,
        "operatingExpenses": 820000000,
        "costAndExpenses": 14299000000,
        "interestIncome": 0,
        "interestExpense": 369850315,
        "depreciationAndAmortization": 1622000000,
        "ebitda": 3774000000,
        "ebitdaratio": 0.2316190009,
        "operatingIncome": 1995000000,
        "operatingIncomeRatio": 0.1224377071,
        "totalOtherIncomeExpensesNet": -799000000,
        "incomeBeforeTax": 1196000000,
        "incomeBeforeTaxRatio": 0.073401252,
        "incomeTaxExpense": 944000000,
        "netIncome": 247000000,
        "netIncomeRatio": 0.0151589542,
        "eps": 0.12,
        "epsdiluted": 0.12,
        "weightedAverageShsOut": 1786250000,
        "weightedAverageShsOutDil": 1788950000,
        "link": "",
        "finalLink": ""
    },
    {
        "date": "2021-03-31",
        "symbol": "E",
        "reportedCurrency": "EUR",
        "cik": "0001002242",
        "fillingDate": "2021-03-31",
        "acceptedDate": "2021-03-30 20:00:00",
        "calendarYear": "2021",
        "period": "Q1",
        "revenue": 14494000000,
        "costOfRevenue": 11960000000,
        "grossProfit": 2534000000,
        "grossProfitRatio": 0.1748309645,
        "researchAndDevelopmentExpenses": 0,
        "generalAndAdministrativeExpenses": 791000000,
        "sellingAndMarketingExpenses": 0,
        "sellingGeneralAndAdministrativeExpenses": 791000000,
        "otherExpenses": -119000000,
        "operatingExpenses": 672000000,
        "costAndExpenses": 12632000000,
        "interestIncome": 0,
        "interestExpense": 0,
        "depreciationAndAmortization": 1700000000,
        "ebitda": 4610000000,
        "ebitdaratio": 0.3180626466,
        "operatingIncome": 1862000000,
        "operatingIncomeRatio": 0.1284669518,
        "totalOtherIncomeExpensesNet": -101000000,
        "incomeBeforeTax": 1761000000,
        "incomeBeforeTaxRatio": 0.1214985511,
        "incomeTaxExpense": 901000000,
        "netIncome": 856000000,
        "netIncomeRatio": 0.0590589209,
        "eps": 0.48,
        "epsdiluted": 0.48,
        "weightedAverageShsOut": 1786250000,
        "weightedAverageShsOutDil": 1789500000,
        "link": "",
        "finalLink": ""
    },
    {
        "date": "2020-12-31",
        "symbol": "E",
        "reportedCurrency": "EUR",
        "cik": "0001002242",
        "fillingDate": "2020-12-31",
        "acceptedDate": "2020-12-30 19:00:00",
        "calendarYear": "2020",
        "period": "Q4",
        "revenue": 11631000000,
        "costOfRevenue": 10504000000,
        "grossProfit": 1127000000,
        "grossProfitRatio": 0.0968962256,
        "researchAndDevelopmentExpenses": 0,
        "generalAndAdministrativeExpenses": 644000000,
        "sellingAndMarketingExpenses": 0,
        "sellingGeneralAndAdministrativeExpenses": 644000000,
        "otherExpenses": 203000000,
        "operatingExpenses": 847000000,
        "costAndExpenses": 11351000000,
        "interestIncome": 479765555,
        "interestExpense": 950772714,
        "depreciationAndAmortization": 1670000000,
        "ebitda": 2226000000,
        "ebitdaratio": 0.1913850916,
        "operatingIncome": 280000000,
        "operatingIncomeRatio": 0.0240735964,
        "totalOtherIncomeExpensesNet": -581000000,
        "incomeBeforeTax": -301000000,
        "incomeBeforeTaxRatio": -0.0258791162,
        "incomeTaxExpense": 494000000,
        "netIncome": -797000000,
        "netIncomeRatio": -0.0685237727,
        "eps": -0.4,
        "epsdiluted": -0.4,
        "weightedAverageShsOut": 1786250000,
        "weightedAverageShsOutDil": 1788400000,
        "link": "",
        "finalLink": ""
    },
    {
        "date": "2020-09-30",
        "symbol": "E",
        "reportedCurrency": "EUR",
        "cik": "0001002242",
        "fillingDate": "2020-09-30",
        "acceptedDate": "2020-09-29 20:00:00",
        "calendarYear": "2020",
        "period": "Q3",
        "revenue": 10326000000,
        "costOfRevenue": 9308000000,
        "grossProfit": 1018000000,
        "grossProfitRatio": 0.0985860934,
        "researchAndDevelopmentExpenses": 0,
        "generalAndAdministrativeExpenses": 677000000,
        "sellingAndMarketingExpenses": 0,
        "sellingGeneralAndAdministrativeExpenses": 677000000,
        "otherExpenses": 121000000,
        "operatingExpenses": 798000000,
        "costAndExpenses": 10106000000,
        "interestIncome": 1049812186,
        "interestExpense": 1497599374,
        "depreciationAndAmortization": 1777000000,
        "ebitda": 3285000000,
        "ebitdaratio": 0.3181289948,
        "operatingIncome": 220000000,
        "operatingIncomeRatio": 0.0213054426,
        "totalOtherIncomeExpensesNet": -217000000,
        "incomeBeforeTax": 3000000,
        "incomeBeforeTaxRatio": 0.0002905288,
        "incomeTaxExpense": 504000000,
        "netIncome": -503000000,
        "netIncomeRatio": -0.0487119892,
        "eps": -0.28,
        "epsdiluted": -0.28,
        "weightedAverageShsOut": 1786250000,
        "weightedAverageShsOutDil": 1787700000,
        "link": "",
        "finalLink": ""
    },
    {
        "date": "2020-06-30",
        "symbol": "E",
        "reportedCurrency": "EUR",
        "cik": "0001002242",
        "fillingDate": "2020-06-30",
        "acceptedDate": "2020-06-29 20:00:00",
        "calendarYear": "2020",
        "period": "Q2",
        "revenue": 8157000000,
        "costOfRevenue": 7494000000,
        "grossProfit": 663000000,
        "grossProfitRatio": 0.0812798823,
        "researchAndDevelopmentExpenses": 0,
        "generalAndAdministrativeExpenses": 704000000,
        "sellingAndMarketingExpenses": 0,
        "sellingGeneralAndAdministrativeExpenses": 704000000,
        "otherExpenses": 2639000000,
        "operatingExpenses": 3343000000,
        "costAndExpenses": 10837000000,
        "interestIncome": 918763763,
        "interestExpense": 1054768196,
        "depreciationAndAmortization": 1977000000,
        "ebitda": -232000000,
        "ebitdaratio": -0.0284418291,
        "operatingIncome": -2680000000,
        "operatingIncomeRatio": -0.3285521638,
        "totalOtherIncomeExpensesNet": -607000000,
        "incomeBeforeTax": -3287000000,
        "incomeBeforeTaxRatio": -0.402966777,
        "incomeTaxExpense": 1118000000,
        "netIncome": -4406000000,
        "netIncomeRatio": -0.5401495648,
        "eps": -2.46,
        "epsdiluted": -2.46,
        "weightedAverageShsOut": 1786250000,
        "weightedAverageShsOutDil": 1786250000,
        "link": "",
        "finalLink": ""
    },
    {
        "date": "2020-03-31",
        "symbol": "E",
        "reportedCurrency": "EUR",
        "cik": "0001002242",
        "fillingDate": "2020-03-31",
        "acceptedDate": "2020-03-30 20:00:00",
        "calendarYear": "2020",
        "period": "Q1",
        "revenue": 13873000000,
        "costOfRevenue": 13549000000,
        "grossProfit": 324000000,
        "grossProfitRatio": 0.0233547178,
        "researchAndDevelopmentExpenses": 0,
        "generalAndAdministrativeExpenses": 838000000,
        "sellingAndMarketingExpenses": 0,
        "sellingGeneralAndAdministrativeExpenses": 838000000,
        "otherExpenses": 581000000,
        "operatingExpenses": 1419000000,
        "costAndExpenses": 14968000000,
        "interestIncome": 1261536108,
        "interestExpense": 1536927618,
        "depreciationAndAmortization": 1880000000,
        "ebitda": 1005000000,
        "ebitdaratio": 0.0724428746,
        "operatingIncome": -1095000000,
        "operatingIncomeRatio": -0.0789302963,
        "totalOtherIncomeExpensesNet": -1298000000,
        "incomeBeforeTax": -2393000000,
        "incomeBeforeTaxRatio": -0.1724933324,
        "incomeTaxExpense": 534000000,
        "netIncome": -2929000000,
        "netIncomeRatio": -0.2111295322,
        "eps": -1.64,
        "epsdiluted": -1.64,
        "weightedAverageShsOut": 1786250000,
        "weightedAverageShsOutDil": 1787400000,
        "link": "",
        "finalLink": ""
    },
    {
        "date": "2019-12-31",
        "symbol": "E",
        "reportedCurrency": "EUR",
        "cik": "0001002242",
        "fillingDate": "2019-12-31",
        "acceptedDate": "2019-12-30 19:00:00",
        "calendarYear": "2019",
        "period": "Q4",
        "revenue": 16215000000,
        "costOfRevenue": 14113000000,
        "grossProfit": 2102000000,
        "grossProfitRatio": 0.1296330558,
        "researchAndDevelopmentExpenses": 0,
        "generalAndAdministrativeExpenses": 738000000,
        "sellingAndMarketingExpenses": 0,
        "sellingGeneralAndAdministrativeExpenses": 738000000,
        "otherExpenses": 1542000000,
        "operatingExpenses": 2280000000,
        "costAndExpenses": 16393000000,
        "interestIncome": 759631844,
        "interestExpense": 941007355,
        "depreciationAndAmortization": 2213000000,
        "ebitda": 2741000000,
        "ebitdaratio": 0.1690410114,
        "operatingIncome": -178000000,
        "operatingIncomeRatio": -0.01097749,
        "totalOtherIncomeExpensesNet": -253000000,
        "incomeBeforeTax": -431000000,
        "incomeBeforeTaxRatio": -0.0265803269,
        "incomeTaxExpense": 1458000000,
        "netIncome": -1891000000,
        "netIncomeRatio": -0.1166204132,
        "eps": -1.06,
        "epsdiluted": -1.06,
        "weightedAverageShsOut": 1788550000,
        "weightedAverageShsOutDil": 1789650000,
        "link": "",
        "finalLink": ""
    },
    {
        "date": "2019-09-30",
        "symbol": "E",
        "reportedCurrency": "EUR",
        "cik": "0001002242",
        "fillingDate": "2019-09-30",
        "acceptedDate": "2019-09-29 20:00:00",
        "calendarYear": "2019",
        "period": "Q3",
        "revenue": 16686000000,
        "costOfRevenue": 14250000000,
        "grossProfit": 2436000000,
        "grossProfitRatio": 0.1459906508,
        "researchAndDevelopmentExpenses": 0,
        "generalAndAdministrativeExpenses": 705000000,
        "sellingAndMarketingExpenses": 0,
        "sellingGeneralAndAdministrativeExpenses": 705000000,
        "otherExpenses": -130000000,
        "operatingExpenses": 575000000,
        "costAndExpenses": 14825000000,
        "interestIncome": 1092400707,
        "interestExpense": 1102562573,
        "depreciationAndAmortization": 2067000000,
        "ebitda": 4986000000,
        "ebitdaratio": 0.2988133765,
        "operatingIncome": 1861000000,
        "operatingIncomeRatio": 0.1115306245,
        "totalOtherIncomeExpensesNet": -27000000,
        "incomeBeforeTax": 1834000000,
        "incomeBeforeTaxRatio": 0.1099125015,
        "incomeTaxExpense": 1310000000,
        "netIncome": 523000000,
        "netIncomeRatio": 0.0313436414,
        "eps": 0.3,
        "epsdiluted": 0.3,
        "weightedAverageShsOut": 1795250000,
        "weightedAverageShsOutDil": 1796650000,
        "link": "",
        "finalLink": ""
    },
    {
        "date": "2019-06-30",
        "symbol": "E",
        "reportedCurrency": "EUR",
        "cik": "0001002242",
        "fillingDate": "2019-06-30",
        "acceptedDate": "2019-06-29 20:00:00",
        "calendarYear": "2019",
        "period": "Q2",
        "revenue": 18440000000,
        "costOfRevenue": 15334000000,
        "grossProfit": 3106000000,
        "grossProfitRatio": 0.1684381779,
        "researchAndDevelopmentExpenses": 0,
        "generalAndAdministrativeExpenses": 779000000,
        "sellingAndMarketingExpenses": 0,
        "sellingGeneralAndAdministrativeExpenses": 779000000,
        "otherExpenses": 96000000,
        "operatingExpenses": 875000000,
        "costAndExpenses": 16209000000,
        "interestIncome": 224472859,
        "interestExpense": 478611736,
        "depreciationAndAmortization": 1959000000,
        "ebitda": 4407000000,
        "ebitdaratio": 0.2389913232,
        "operatingIncome": 2231000000,
        "operatingIncomeRatio": 0.1209869848,
        "totalOtherIncomeExpensesNet": -267000000,
        "incomeBeforeTax": 1964000000,
        "incomeBeforeTaxRatio": 0.1065075922,
        "incomeTaxExpense": 1539000000,
        "netIncome": 424000000,
        "netIncomeRatio": 0.0229934924,
        "eps": 0.24,
        "epsdiluted": 0.24,
        "weightedAverageShsOut": 1800300000,
        "weightedAverageShsOutDil": 1801700000,
        "link": "",
        "finalLink": ""
    },
    {
        "date": "2019-03-31",
        "symbol": "E",
        "reportedCurrency": "EUR",
        "cik": "0001002242",
        "fillingDate": "2019-03-31",
        "acceptedDate": "2019-03-30 20:00:00",
        "calendarYear": "2019",
        "period": "Q1",
        "revenue": 18540000000,
        "costOfRevenue": 15283000000,
        "grossProfit": 3257000000,
        "grossProfitRatio": 0.1756742179,
        "researchAndDevelopmentExpenses": 0,
        "generalAndAdministrativeExpenses": 774000000,
        "sellingAndMarketingExpenses": 0,
        "sellingGeneralAndAdministrativeExpenses": 774000000,
        "otherExpenses": -35000000,
        "operatingExpenses": 739000000,
        "costAndExpenses": 16022000000,
        "interestIncome": 1300661000,
        "interestExpense": 1561399000,
        "depreciationAndAmortization": 1867000000,
        "ebitda": 5729000000,
        "ebitdaratio": 0.3090075512,
        "operatingIncome": 2518000000,
        "operatingIncomeRatio": 0.1358144552,
        "totalOtherIncomeExpensesNet": -139000000,
        "incomeBeforeTax": 2379000000,
        "incomeBeforeTaxRatio": 0.1283171521,
        "incomeTaxExpense": 1284000000,
        "netIncome": 1092000000,
        "netIncomeRatio": 0.0588996764,
        "eps": 0.6,
        "epsdiluted": 0.6,
        "weightedAverageShsOut": 1800550000,
        "weightedAverageShsOutDil": 1801950000,
        "link": "",
        "finalLink": ""
    },
    {
        "date": "2018-12-31",
        "symbol": "E",
        "reportedCurrency": "EUR",
        "cik": "0001002242",
        "fillingDate": "2018-12-31",
        "acceptedDate": "2018-12-30 19:00:00",
        "calendarYear": "2018",
        "period": "Q4",
        "revenue": 20056000000,
        "costOfRevenue": 17004000000,
        "grossProfit": 3052000000,
        "grossProfitRatio": 0.152173913,
        "researchAndDevelopmentExpenses": 0,
        "generalAndAdministrativeExpenses": 752000000,
        "sellingAndMarketingExpenses": 0,
        "sellingGeneralAndAdministrativeExpenses": 752000000,
        "otherExpenses": 804000000,
        "operatingExpenses": 1556000000,
        "costAndExpenses": 18560000000,
        "interestIncome": 924081811,
        "interestExpense": 974032179,
        "depreciationAndAmortization": 1678000000,
        "ebitda": 4566000000,
        "ebitdaratio": 0.2276625449,
        "operatingIncome": 1496000000,
        "operatingIncomeRatio": 0.0745911448,
        "totalOtherIncomeExpensesNet": 418000000,
        "incomeBeforeTax": 1914000000,
        "incomeBeforeTaxRatio": 0.0954327882,
        "incomeTaxExpense": 1512000000,
        "netIncome": 399000000,
        "netIncomeRatio": 0.019894296,
        "eps": 0.22,
        "epsdiluted": 0.22,
        "weightedAverageShsOut": 1782156990,
        "weightedAverageShsOutDil": 1813636363,
        "link": "",
        "finalLink": ""
    },
    {
        "date": "2018-09-30",
        "symbol": "E",
        "reportedCurrency": "EUR",
        "cik": "0001002242",
        "fillingDate": "2018-09-30",
        "acceptedDate": "2018-09-29 20:00:00",
        "calendarYear": "2018",
        "period": "Q3",
        "revenue": 19695000000,
        "costOfRevenue": 15552000000,
        "grossProfit": 4143000000,
        "grossProfitRatio": 0.2103579589,
        "researchAndDevelopmentExpenses": 0,
        "generalAndAdministrativeExpenses": 790000000,
        "sellingAndMarketingExpenses": 0,
        "sellingGeneralAndAdministrativeExpenses": 790000000,
        "otherExpenses": -96000000,
        "operatingExpenses": 694000000,
        "costAndExpenses": 16246000000,
        "interestIncome": 690057000,
        "interestExpense": 970268000,
        "depreciationAndAmortization": 1704000000,
        "ebitda": 5966000000,
        "ebitdaratio": 0.3029195227,
        "operatingIncome": 3449000000,
        "operatingIncomeRatio": 0.175120589,
        "totalOtherIncomeExpensesNet": -147000000,
        "incomeBeforeTax": 3302000000,
        "incomeBeforeTaxRatio": 0.1676567657,
        "incomeTaxExpense": 1772000000,
        "netIncome": 1529000000,
        "netIncomeRatio": 0.0776339172,
        "eps": 0.84,
        "epsdiluted": 0.84,
        "weightedAverageShsOut": 1800550000,
        "weightedAverageShsOutDil": 1801450000,
        "link": "",
        "finalLink": ""
    },
    {
        "date": "2018-06-30",
        "symbol": "E",
        "reportedCurrency": "EUR",
        "cik": "0001002242",
        "fillingDate": "2018-06-30",
        "acceptedDate": "2018-06-29 20:00:00",
        "calendarYear": "2018",
        "period": "Q2",
        "revenue": 18139000000,
        "costOfRevenue": 15387000000,
        "grossProfit": 2752000000,
        "grossProfitRatio": 0.1517172942,
        "researchAndDevelopmentExpenses": 0,
        "generalAndAdministrativeExpenses": 707000000,
        "sellingAndMarketingExpenses": 0,
        "sellingGeneralAndAdministrativeExpenses": 707000000,
        "otherExpenses": -594000000,
        "operatingExpenses": 113000000,
        "costAndExpenses": 15500000000,
        "interestIncome": 1584532000,
        "interestExpense": 1667604000,
        "depreciationAndAmortization": 1771000000,
        "ebitda": 6022000000,
        "ebitdaratio": 0.3319918408,
        "operatingIncome": 2639000000,
        "operatingIncomeRatio": 0.1454876234,
        "totalOtherIncomeExpensesNet": 9000000,
        "incomeBeforeTax": 2648000000,
        "incomeBeforeTaxRatio": 0.1459837918,
        "incomeTaxExpense": 1391000000,
        "netIncome": 1252000000,
        "netIncomeRatio": 0.0690225481,
        "eps": 0.7,
        "epsdiluted": 0.7,
        "weightedAverageShsOut": 1788571428,
        "weightedAverageShsOutDil": 1788571428,
        "link": "",
        "finalLink": ""
    },
    {
        "date": "2018-03-31",
        "symbol": "E",
        "reportedCurrency": "EUR",
        "cik": "0001002242",
        "fillingDate": "2018-03-31",
        "acceptedDate": "2018-03-30 20:00:00",
        "calendarYear": "2018",
        "period": "Q1",
        "revenue": 17932000000,
        "costOfRevenue": 14667000000,
        "grossProfit": 3265000000,
        "grossProfitRatio": 0.1820767343,
        "researchAndDevelopmentExpenses": 0,
        "generalAndAdministrativeExpenses": 844000000,
        "sellingAndMarketingExpenses": 0,
        "sellingGeneralAndAdministrativeExpenses": 844000000,
        "otherExpenses": 22000000,
        "operatingExpenses": 866000000,
        "costAndExpenses": 15533000000,
        "interestIncome": 801566231,
        "interestExpense": 1084706542,
        "depreciationAndAmortization": 1835000000,
        "ebitda": 5172000000,
        "ebitdaratio": 0.2884229311,
        "operatingIncome": 2399000000,
        "operatingIncomeRatio": 0.1337831809,
        "totalOtherIncomeExpensesNet": -156000000,
        "incomeBeforeTax": 2243000000,
        "incomeBeforeTaxRatio": 0.1250836493,
        "incomeTaxExpense": 1295000000,
        "netIncome": 946000000,
        "netIncomeRatio": 0.0527548517,
        "eps": 0.52,
        "epsdiluted": 0.52,
        "weightedAverageShsOut": 1819230769,
        "weightedAverageShsOutDil": 1819230769,
        "link": "",
        "finalLink": ""
    },
    {
        "date": "2017-12-31",
        "symbol": "E",
        "reportedCurrency": "EUR",
        "cik": "0001002242",
        "fillingDate": "2017-12-31",
        "acceptedDate": "2017-12-30 19:00:00",
        "calendarYear": "2017",
        "period": "Q4",
        "revenue": 17545000000,
        "costOfRevenue": 15508000000,
        "grossProfit": 2037000000,
        "grossProfitRatio": 0.1161014534,
        "researchAndDevelopmentExpenses": 0,
        "generalAndAdministrativeExpenses": 687000000,
        "sellingAndMarketingExpenses": 0,
        "sellingGeneralAndAdministrativeExpenses": 687000000,
        "otherExpenses": -2990000000,
        "operatingExpenses": -2303000000,
        "costAndExpenses": 13205000000,
        "interestIncome": 668915000,
        "interestExpense": 1239252000,
        "depreciationAndAmortization": 1768000000,
        "ebitda": 6516000000,
        "ebitdaratio": 0.3713878598,
        "operatingIncome": 4340000000,
        "operatingIncomeRatio": 0.2473639213,
        "totalOtherIncomeExpensesNet": -843000000,
        "incomeBeforeTax": 3497000000,
        "incomeBeforeTaxRatio": 0.1993160445,
        "incomeTaxExpense": 1450000000,
        "netIncome": 2047000000,
        "netIncomeRatio": 0.1166714164,
        "eps": 1.14,
        "epsdiluted": 1.14,
        "weightedAverageShsOut": 1795614035,
        "weightedAverageShsOutDil": 1795614035,
        "link": "",
        "finalLink": ""
    },
    {
        "date": "2017-09-30",
        "symbol": "E",
        "reportedCurrency": "EUR",
        "cik": "0001002242",
        "fillingDate": "2017-09-30",
        "acceptedDate": "2017-09-29 20:00:00",
        "calendarYear": "2017",
        "period": "Q3",
        "revenue": 15684000000,
        "costOfRevenue": 13864000000,
        "grossProfit": 1820000000,
        "grossProfitRatio": 0.1160418261,
        "researchAndDevelopmentExpenses": 0,
        "generalAndAdministrativeExpenses": 702000000,
        "sellingAndMarketingExpenses": 0,
        "sellingGeneralAndAdministrativeExpenses": 702000000,
        "otherExpenses": 120000000,
        "operatingExpenses": 822000000,
        "costAndExpenses": 14686000000,
        "interestIncome": 982330420,
        "interestExpense": 1420140628,
        "depreciationAndAmortization": 1938000000,
        "ebitda": 4414000000,
        "ebitdaratio": 0.2814333078,
        "operatingIncome": 998000000,
        "operatingIncomeRatio": 0.0636317266,
        "totalOtherIncomeExpensesNet": 13000000,
        "incomeBeforeTax": 1011000000,
        "incomeBeforeTaxRatio": 0.0644605968,
        "incomeTaxExpense": 666000000,
        "netIncome": 344000000,
        "netIncomeRatio": 0.0219331803,
        "eps": 0.2,
        "epsdiluted": 0.2,
        "weightedAverageShsOut": 1720000000,
        "weightedAverageShsOutDil": 1720000000,
        "link": "",
        "finalLink": ""
    },
    {
        "date": "2017-06-30",
        "symbol": "E",
        "reportedCurrency": "EUR",
        "cik": "0001002242",
        "fillingDate": "2017-06-30",
        "acceptedDate": "2017-06-29 20:00:00",
        "calendarYear": "2017",
        "period": "Q2",
        "revenue": 15643000000,
        "costOfRevenue": 14303000000,
        "grossProfit": 1340000000,
        "grossProfitRatio": 0.0856613182,
        "researchAndDevelopmentExpenses": 0,
        "generalAndAdministrativeExpenses": 778000000,
        "sellingAndMarketingExpenses": 0,
        "sellingGeneralAndAdministrativeExpenses": 778000000,
        "otherExpenses": -1000000,
        "operatingExpenses": 777000000,
        "costAndExpenses": 15080000000,
        "interestIncome": 913788083,
        "interestExpense": 1673024272,
        "depreciationAndAmortization": 1944000000,
        "ebitda": 4060000000,
        "ebitdaratio": 0.2595410088,
        "operatingIncome": 563000000,
        "operatingIncomeRatio": 0.0359905389,
        "totalOtherIncomeExpensesNet": -231000000,
        "incomeBeforeTax": 332000000,
        "incomeBeforeTaxRatio": 0.0212235505,
        "incomeTaxExpense": 314000000,
        "netIncome": 18000000,
        "netIncomeRatio": 0.0011506744,
        "eps": 0.01,
        "epsdiluted": 0.01,
        "weightedAverageShsOut": 1814103096,
        "weightedAverageShsOutDil": 1814103096,
        "link": "",
        "finalLink": ""
    },
    {
        "date": "2017-03-31",
        "symbol": "E",
        "reportedCurrency": "EUR",
        "cik": "0001002242",
        "fillingDate": "2017-03-31",
        "acceptedDate": "2017-03-30 20:00:00",
        "calendarYear": "2017",
        "period": "Q1",
        "revenue": 18047000000,
        "costOfRevenue": 15356000000,
        "grossProfit": 2691000000,
        "grossProfitRatio": 0.1491106555,
        "researchAndDevelopmentExpenses": 0,
        "generalAndAdministrativeExpenses": 784000000,
        "sellingAndMarketingExpenses": 0,
        "sellingGeneralAndAdministrativeExpenses": 784000000,
        "otherExpenses": -204000000,
        "operatingExpenses": 580000000,
        "costAndExpenses": 15936000000,
        "interestIncome": 1318889334,
        "interestExpense": 1489966986,
        "depreciationAndAmortization": 1833000000,
        "ebitda": 5334000000,
        "ebitdaratio": 0.2955615892,
        "operatingIncome": 2111000000,
        "operatingIncomeRatio": 0.11697235,
        "totalOtherIncomeExpensesNet": -107000000,
        "incomeBeforeTax": 2004000000,
        "incomeBeforeTaxRatio": 0.1110433867,
        "incomeTaxExpense": 1037000000,
        "netIncome": 965000000,
        "netIncomeRatio": 0.0534714911,
        "eps": 0.54,
        "epsdiluted": 0.54,
        "weightedAverageShsOut": 1787037037,
        "weightedAverageShsOutDil": 1787037037,
        "link": "",
        "finalLink": ""
    },
    {
        "date": "2016-12-31",
        "symbol": "E",
        "reportedCurrency": "EUR",
        "cik": "0001002242",
        "fillingDate": "2016-12-31",
        "acceptedDate": "2016-12-30 19:00:00",
        "calendarYear": "2016",
        "period": "Q4",
        "revenue": 15807000000,
        "costOfRevenue": 14311000000,
        "grossProfit": 1496000000,
        "grossProfitRatio": 0.0946416145,
        "researchAndDevelopmentExpenses": 0,
        "generalAndAdministrativeExpenses": 741000000,
        "sellingAndMarketingExpenses": 0,
        "sellingGeneralAndAdministrativeExpenses": 741000000,
        "otherExpenses": -885000000,
        "operatingExpenses": -144000000,
        "costAndExpenses": 14167000000,
        "interestIncome": 1949031817,
        "interestExpense": 1971623334,
        "depreciationAndAmortization": 1965000000,
        "ebitda": 4853000000,
        "ebitdaratio": 0.307015879,
        "operatingIncome": 1640000000,
        "operatingIncomeRatio": 0.1037515025,
        "totalOtherIncomeExpensesNet": -604000000,
        "incomeBeforeTax": 1036000000,
        "incomeBeforeTaxRatio": 0.0655405833,
        "incomeTaxExpense": 695000000,
        "netIncome": 340000000,
        "netIncomeRatio": 0.0215094578,
        "eps": 0.18,
        "epsdiluted": 0.18,
        "weightedAverageShsOut": 1800550000,
        "weightedAverageShsOutDil": 1800550000,
        "link": "",
        "finalLink": ""
    },
    {
        "date": "2016-09-30",
        "symbol": "E",
        "reportedCurrency": "EUR",
        "cik": "0001002242",
        "fillingDate": "2016-09-30",
        "acceptedDate": "2016-09-29 20:00:00",
        "calendarYear": "2016",
        "period": "Q3",
        "revenue": 13195000000,
        "costOfRevenue": 12247000000,
        "grossProfit": 948000000,
        "grossProfitRatio": 0.071845396,
        "researchAndDevelopmentExpenses": 0,
        "generalAndAdministrativeExpenses": 709000000,
        "sellingAndMarketingExpenses": 0,
        "sellingGeneralAndAdministrativeExpenses": 709000000,
        "otherExpenses": 47000000,
        "operatingExpenses": 756000000,
        "costAndExpenses": 13003000000,
        "interestIncome": 757696992,
        "interestExpense": 886962883,
        "depreciationAndAmortization": 1889000000,
        "ebitda": 2558000000,
        "ebitdaratio": 0.1938613111,
        "operatingIncome": 192000000,
        "operatingIncomeRatio": 0.0145509663,
        "totalOtherIncomeExpensesNet": -451000000,
        "incomeBeforeTax": -259000000,
        "incomeBeforeTaxRatio": -0.0196286472,
        "incomeTaxExpense": 302000000,
        "netIncome": -562000000,
        "netIncomeRatio": -0.0425918909,
        "eps": -0.32,
        "epsdiluted": -0.32,
        "weightedAverageShsOut": 1756250000,
        "weightedAverageShsOutDil": 1756250000,
        "link": "",
        "finalLink": ""
    },
    {
        "date": "2016-06-30",
        "symbol": "E",
        "reportedCurrency": "EUR",
        "cik": "0001002242",
        "fillingDate": "2016-06-30",
        "acceptedDate": "2016-06-29 20:00:00",
        "calendarYear": "2016",
        "period": "Q2",
        "revenue": 13416000000,
        "costOfRevenue": 12656000000,
        "grossProfit": 760000000,
        "grossProfitRatio": 0.0566487776,
        "researchAndDevelopmentExpenses": 0,
        "generalAndAdministrativeExpenses": 736000000,
        "sellingAndMarketingExpenses": 0,
        "sellingGeneralAndAdministrativeExpenses": 736000000,
        "otherExpenses": -196000000,
        "operatingExpenses": 540000000,
        "costAndExpenses": 13196000000,
        "interestIncome": 1357000000,
        "interestExpense": 1359000000,
        "depreciationAndAmortization": 1887000000,
        "ebitda": 3371000000,
        "ebitdaratio": 0.2512671437,
        "operatingIncome": 220000000,
        "operatingIncomeRatio": 0.0163983304,
        "totalOtherIncomeExpensesNet": -95000000,
        "incomeBeforeTax": 125000000,
        "incomeBeforeTaxRatio": 0.0093172332,
        "incomeTaxExpense": 569000000,
        "netIncome": -446000000,
        "netIncomeRatio": -0.0332438879,
        "eps": -0.24,
        "epsdiluted": -0.24,
        "weightedAverageShsOut": 1792057088,
        "weightedAverageShsOutDil": 1858333333,
        "link": "",
        "finalLink": ""
    },
    {
        "date": "2016-03-31",
        "symbol": "E",
        "reportedCurrency": "EUR",
        "cik": "0001002242",
        "fillingDate": "2016-03-31",
        "acceptedDate": "2016-03-30 20:00:00",
        "calendarYear": "2016",
        "period": "Q1",
        "revenue": 13344000000,
        "costOfRevenue": 12469000000,
        "grossProfit": 875000000,
        "grossProfitRatio": 0.065572542,
        "researchAndDevelopmentExpenses": 0,
        "generalAndAdministrativeExpenses": 808000000,
        "sellingAndMarketingExpenses": 0,
        "sellingGeneralAndAdministrativeExpenses": 808000000,
        "otherExpenses": -38000000,
        "operatingExpenses": 770000000,
        "costAndExpenses": 13239000000,
        "interestIncome": 1822000000,
        "interestExpense": 2108000000,
        "depreciationAndAmortization": 1818000000,
        "ebitda": 3922000000,
        "ebitdaratio": 0.2939148681,
        "operatingIncome": 105000000,
        "operatingIncomeRatio": 0.007868705,
        "totalOtherIncomeExpensesNet": -115000000,
        "incomeBeforeTax": -10000000,
        "incomeBeforeTaxRatio": -0.0007494005,
        "incomeTaxExpense": 370000000,
        "netIncome": -796000000,
        "netIncomeRatio": -0.0596522782,
        "eps": -0.44,
        "epsdiluted": -0.44,
        "weightedAverageShsOut": 1809090909,
        "weightedAverageShsOutDil": 1809090909,
        "link": "",
        "finalLink": ""
    },
    {
        "date": "2015-12-31",
        "symbol": "E",
        "reportedCurrency": "EUR",
        "cik": "0001002242",
        "fillingDate": "2015-12-31",
        "acceptedDate": "2015-12-30 19:00:00",
        "calendarYear": "2015",
        "period": "Q4",
        "revenue": 13889000000,
        "costOfRevenue": 19262000000,
        "grossProfit": -5373000000,
        "grossProfitRatio": -0.3868529052,
        "researchAndDevelopmentExpenses": 0,
        "generalAndAdministrativeExpenses": 650000000,
        "sellingAndMarketingExpenses": 0,
        "sellingGeneralAndAdministrativeExpenses": 650000000,
        "otherExpenses": 67000000,
        "operatingExpenses": 717000000,
        "costAndExpenses": 19979000000,
        "interestIncome": 1517000000,
        "interestExpense": 1988000000,
        "depreciationAndAmortization": 7367000000,
        "ebitda": 2401000000,
        "ebitdaratio": 0.172870617,
        "operatingIncome": -6090000000,
        "operatingIncomeRatio": -0.4384764922,
        "totalOtherIncomeExpensesNet": -858000000,
        "incomeBeforeTax": -6948000000,
        "incomeBeforeTaxRatio": -0.500251998,
        "incomeTaxExpense": 126000000,
        "netIncome": -9017000000,
        "netIncomeRatio": -0.6492188062,
        "eps": -4.7,
        "epsdiluted": -4.7,
        "weightedAverageShsOut": 1798613191,
        "weightedAverageShsOutDil": 1800000000,
        "link": "",
        "finalLink": ""
    },
    {
        "date": "2015-09-30",
        "symbol": "E",
        "reportedCurrency": "EUR",
        "cik": "0001002242",
        "fillingDate": "2015-09-30",
        "acceptedDate": "2015-09-29 20:00:00",
        "calendarYear": "2015",
        "period": "Q3",
        "revenue": 16014000000,
        "costOfRevenue": 14919000000,
        "grossProfit": 1095000000,
        "grossProfitRatio": 0.0683776695,
        "researchAndDevelopmentExpenses": 0,
        "generalAndAdministrativeExpenses": 794000000,
        "sellingAndMarketingExpenses": 0,
        "sellingGeneralAndAdministrativeExpenses": 794000000,
        "otherExpenses": 53000000,
        "operatingExpenses": 847000000,
        "costAndExpenses": 15766000000,
        "interestIncome": 1470000000,
        "interestExpense": 1916000000,
        "depreciationAndAmortization": 2252000000,
        "ebitda": 4060000000,
        "ebitdaratio": 0.2535281629,
        "operatingIncome": 248000000,
        "operatingIncomeRatio": 0.0154864494,
        "totalOtherIncomeExpensesNet": -199000000,
        "incomeBeforeTax": 49000000,
        "incomeBeforeTaxRatio": 0.0030598227,
        "incomeTaxExpense": 792000000,
        "netIncome": -790000000,
        "netIncomeRatio": -0.0493318346,
        "eps": -0.54,
        "epsdiluted": -0.54,
        "weightedAverageShsOut": 1795454545,
        "weightedAverageShsOutDil": 1795454545,
        "link": "",
        "finalLink": ""
    },
    {
        "date": "2015-06-30",
        "symbol": "E",
        "reportedCurrency": "EUR",
        "cik": "0001002242",
        "fillingDate": "2015-06-30",
        "acceptedDate": "2015-06-29 20:00:00",
        "calendarYear": "2015",
        "period": "Q2",
        "revenue": 20279000000,
        "costOfRevenue": 17600000000,
        "grossProfit": 2679000000,
        "grossProfitRatio": 0.1321071059,
        "researchAndDevelopmentExpenses": 0,
        "generalAndAdministrativeExpenses": 797000000,
        "sellingAndMarketingExpenses": 0,
        "sellingGeneralAndAdministrativeExpenses": 797000000,
        "otherExpenses": 277000000,
        "operatingExpenses": 1074000000,
        "costAndExpenses": 18674000000,
        "interestIncome": 1212000000,
        "interestExpense": 1704000000,
        "depreciationAndAmortization": 2602000000,
        "ebitda": 6134000000,
        "ebitdaratio": 0.3024803984,
        "operatingIncome": 1605000000,
        "operatingIncomeRatio": 0.0791459145,
        "totalOtherIncomeExpensesNet": 257000000,
        "incomeBeforeTax": 1862000000,
        "incomeBeforeTaxRatio": 0.0918191232,
        "incomeTaxExpense": 1007000000,
        "netIncome": -97000000,
        "netIncomeRatio": -0.0047832733,
        "eps": -0.0698,
        "epsdiluted": -0.0698,
        "weightedAverageShsOut": 1616666666,
        "weightedAverageShsOutDil": 1616666666,
        "link": "",
        "finalLink": ""
    },
    {
        "date": "2015-03-31",
        "symbol": "E",
        "reportedCurrency": "EUR",
        "cik": "0001002242",
        "fillingDate": "2015-03-31",
        "acceptedDate": "2015-03-30 20:00:00",
        "calendarYear": "2015",
        "period": "Q1",
        "revenue": 19988000000,
        "costOfRevenue": 18118000000,
        "grossProfit": 1870000000,
        "grossProfitRatio": 0.0935561337,
        "researchAndDevelopmentExpenses": 0,
        "generalAndAdministrativeExpenses": 709000000,
        "sellingAndMarketingExpenses": 0,
        "sellingGeneralAndAdministrativeExpenses": 709000000,
        "otherExpenses": -438000000,
        "operatingExpenses": 271000000,
        "costAndExpenses": 18389000000,
        "interestIncome": 5189000000,
        "interestExpense": 5171000000,
        "depreciationAndAmortization": 2207000000,
        "ebitda": 8088000000,
        "ebitdaratio": 0.4046427857,
        "operatingIncome": 1599000000,
        "operatingIncomeRatio": 0.0799979988,
        "totalOtherIncomeExpensesNet": -373000000,
        "incomeBeforeTax": 1226000000,
        "incomeBeforeTaxRatio": 0.0613368021,
        "incomeTaxExpense": 752000000,
        "netIncome": 832000000,
        "netIncomeRatio": 0.041624975,
        "eps": 0.46,
        "epsdiluted": 0.46,
        "weightedAverageShsOut": 1805200000,
        "weightedAverageShsOutDil": 1805200000,
        "link": "",
        "finalLink": ""
    },
    {
        "date": "2014-12-31",
        "symbol": "E",
        "reportedCurrency": "EUR",
        "cik": "0001002242",
        "fillingDate": "2014-12-31",
        "acceptedDate": "2014-12-30 19:00:00",
        "calendarYear": "2014",
        "period": "Q4",
        "revenue": 26691000000,
        "costOfRevenue": 26384000000,
        "grossProfit": 307000000,
        "grossProfitRatio": 0.0115020044,
        "researchAndDevelopmentExpenses": 0,
        "generalAndAdministrativeExpenses": 1324000000,
        "sellingAndMarketingExpenses": 0,
        "sellingGeneralAndAdministrativeExpenses": 1324000000,
        "otherExpenses": -454000000,
        "operatingExpenses": 870000000,
        "costAndExpenses": 27254000000,
        "interestIncome": 343000000,
        "interestExpense": 770000000,
        "depreciationAndAmortization": 2767000000,
        "ebitda": 2476000000,
        "ebitdaratio": 0.0927653516,
        "operatingIncome": -563000000,
        "operatingIncomeRatio": -0.0210932524,
        "totalOtherIncomeExpensesNet": -499000000,
        "incomeBeforeTax": -1062000000,
        "incomeBeforeTaxRatio": -0.0397886928,
        "incomeTaxExpense": 1602000000,
        "netIncome": -2384000000,
        "netIncomeRatio": -0.0893184969,
        "eps": -1.3,
        "epsdiluted": -1.3,
        "weightedAverageShsOut": 1801538461,
        "weightedAverageShsOutDil": 1801700000,
        "link": "",
        "finalLink": ""
    },
    {
        "date": "2014-09-30",
        "symbol": "E",
        "reportedCurrency": "EUR",
        "cik": "0001002242",
        "fillingDate": "2014-09-30",
        "acceptedDate": "2014-09-29 20:00:00",
        "calendarYear": "2014",
        "period": "Q3",
        "revenue": 26600000000,
        "costOfRevenue": 22921000000,
        "grossProfit": 3679000000,
        "grossProfitRatio": 0.1383082707,
        "researchAndDevelopmentExpenses": 0,
        "generalAndAdministrativeExpenses": 1297000000,
        "sellingAndMarketingExpenses": 0,
        "sellingGeneralAndAdministrativeExpenses": 1297000000,
        "otherExpenses": -197000000,
        "operatingExpenses": 1100000000,
        "costAndExpenses": 24021000000,
        "interestIncome": 2755000000,
        "interestExpense": 3094000000,
        "depreciationAndAmortization": 2393000000,
        "ebitda": 7862000000,
        "ebitdaratio": 0.2955639098,
        "operatingIncome": 2579000000,
        "operatingIncomeRatio": 0.0969548872,
        "totalOtherIncomeExpensesNet": -204000000,
        "incomeBeforeTax": 2375000000,
        "incomeBeforeTaxRatio": 0.0892857143,
        "incomeTaxExpense": 779000000,
        "netIncome": 1714000000,
        "netIncomeRatio": 0.0644360902,
        "eps": 0.96,
        "epsdiluted": 0.96,
        "weightedAverageShsOut": 1785416666,
        "weightedAverageShsOutDil": 1804150000,
        "link": "",
        "finalLink": ""
    },
    {
        "date": "2014-06-30",
        "symbol": "E",
        "reportedCurrency": "EUR",
        "cik": "0001002242",
        "fillingDate": "2014-06-30",
        "acceptedDate": "2014-06-29 20:00:00",
        "calendarYear": "2014",
        "period": "Q2",
        "revenue": 27353000000,
        "costOfRevenue": 23910000000,
        "grossProfit": 3443000000,
        "grossProfitRatio": 0.1258728476,
        "researchAndDevelopmentExpenses": 0,
        "generalAndAdministrativeExpenses": 1375000000,
        "sellingAndMarketingExpenses": 0,
        "sellingGeneralAndAdministrativeExpenses": 1375000000,
        "otherExpenses": -187000000,
        "operatingExpenses": 1188000000,
        "costAndExpenses": 25098000000,
        "interestIncome": 1808000000,
        "interestExpense": 2081000000,
        "depreciationAndAmortization": 2574000000,
        "ebitda": 7061000000,
        "ebitdaratio": 0.2581435309,
        "operatingIncome": 2255000000,
        "operatingIncomeRatio": 0.0824406829,
        "totalOtherIncomeExpensesNet": 151000000,
        "incomeBeforeTax": 2406000000,
        "incomeBeforeTaxRatio": 0.0879611012,
        "incomeTaxExpense": 1825000000,
        "netIncome": 658000000,
        "netIncomeRatio": 0.0240558622,
        "eps": 0.36,
        "epsdiluted": 0.36,
        "weightedAverageShsOut": 1827777778,
        "weightedAverageShsOutDil": 1827777778,
        "link": "",
        "finalLink": ""
    },
    {
        "date": "2014-03-31",
        "symbol": "E",
        "reportedCurrency": "EUR",
        "cik": "0001002242",
        "fillingDate": "2014-03-31",
        "acceptedDate": "2014-03-31 00:00:00",
        "calendarYear": "2014",
        "period": "Q1",
        "revenue": 29203000000,
        "costOfRevenue": 24624000000,
        "grossProfit": 4579000000,
        "grossProfitRatio": 0.156798959,
        "researchAndDevelopmentExpenses": 0,
        "generalAndAdministrativeExpenses": 1341000000,
        "sellingAndMarketingExpenses": 0,
        "sellingGeneralAndAdministrativeExpenses": 1341000000,
        "otherExpenses": -408000000,
        "operatingExpenses": 933000000,
        "costAndExpenses": 25557000000,
        "interestIncome": 1553000000,
        "interestExpense": 1740000000,
        "depreciationAndAmortization": 2236000000,
        "ebitda": 7599000000,
        "ebitdaratio": 0.2602129918,
        "operatingIncome": 3646000000,
        "operatingIncomeRatio": 0.1248501866,
        "totalOtherIncomeExpensesNet": -23000000,
        "incomeBeforeTax": 3623000000,
        "incomeBeforeTaxRatio": 0.1240625963,
        "incomeTaxExpense": 2286000000,
        "netIncome": 1303000000,
        "netIncomeRatio": 0.0446187036,
        "eps": 0.72,
        "epsdiluted": 0.72,
        "weightedAverageShsOut": 1809722222,
        "weightedAverageShsOutDil": 1811400000,
        "link": "",
        "finalLink": ""
    },
    {
        "date": "2013-12-31",
        "symbol": "E",
        "reportedCurrency": "EUR",
        "cik": "0001002242",
        "fillingDate": "2013-12-31",
        "acceptedDate": "2013-12-30 19:00:00",
        "calendarYear": "2013",
        "period": "Q4",
        "revenue": 25998000000,
        "costOfRevenue": 24816000000,
        "grossProfit": 1182000000,
        "grossProfitRatio": 0.0454650358,
        "researchAndDevelopmentExpenses": 0,
        "generalAndAdministrativeExpenses": 1540000000,
        "sellingAndMarketingExpenses": 0,
        "sellingGeneralAndAdministrativeExpenses": 1540000000,
        "otherExpenses": -650000000,
        "operatingExpenses": 890000000,
        "costAndExpenses": 25706000000,
        "interestIncome": 1282000000,
        "interestExpense": 1459000000,
        "depreciationAndAmortization": 2579000000,
        "ebitda": 5832000000,
        "ebitdaratio": 0.2243249481,
        "operatingIncome": 292000000,
        "operatingIncomeRatio": 0.0112316332,
        "totalOtherIncomeExpensesNet": 1498000000,
        "incomeBeforeTax": 1790000000,
        "incomeBeforeTaxRatio": 0.0688514501,
        "incomeTaxExpense": 2388000000,
        "netIncome": -647000000,
        "netIncomeRatio": -0.0248865297,
        "eps": -0.34,
        "epsdiluted": -0.34,
        "weightedAverageShsOut": 1797062483,
        "weightedAverageShsOutDil": 1811400000,
        "link": "",
        "finalLink": ""
    },
    {
        "date": "2013-09-30",
        "symbol": "E",
        "reportedCurrency": "EUR",
        "cik": "0001002242",
        "fillingDate": "2013-09-30",
        "acceptedDate": "2013-09-29 20:00:00",
        "calendarYear": "2013",
        "period": "Q3",
        "revenue": 29775000000,
        "costOfRevenue": 25575000000,
        "grossProfit": 4200000000,
        "grossProfitRatio": 0.1410579345,
        "researchAndDevelopmentExpenses": 0,
        "generalAndAdministrativeExpenses": 1203000000,
        "sellingAndMarketingExpenses": 0,
        "sellingGeneralAndAdministrativeExpenses": 1203000000,
        "otherExpenses": -305000000,
        "operatingExpenses": 898000000,
        "costAndExpenses": 26473000000,
        "interestIncome": 1237000000,
        "interestExpense": 1377000000,
        "depreciationAndAmortization": 2324000000,
        "ebitda": 10514000000,
        "ebitdaratio": 0.3531150294,
        "operatingIncome": 3302000000,
        "operatingIncomeRatio": 0.1108984047,
        "totalOtherIncomeExpensesNet": 3504000000,
        "incomeBeforeTax": 6806000000,
        "incomeBeforeTaxRatio": 0.2285810243,
        "incomeTaxExpense": 2694000000,
        "netIncome": 3989000000,
        "netIncomeRatio": 0.1339714526,
        "eps": 2.2,
        "epsdiluted": 2.2,
        "weightedAverageShsOut": 1813181818,
        "weightedAverageShsOutDil": 1813181818,
        "link": "",
        "finalLink": ""
    },
    {
        "date": "2013-06-30",
        "symbol": "E",
        "reportedCurrency": "EUR",
        "cik": "0001002242",
        "fillingDate": "2013-06-30",
        "acceptedDate": "2013-06-29 20:00:00",
        "calendarYear": "2013",
        "period": "Q2",
        "revenue": 28121000000,
        "costOfRevenue": 25382000000,
        "grossProfit": 2739000000,
        "grossProfitRatio": 0.0974005192,
        "researchAndDevelopmentExpenses": 0,
        "generalAndAdministrativeExpenses": 1353000000,
        "sellingAndMarketingExpenses": 0,
        "sellingGeneralAndAdministrativeExpenses": 1353000000,
        "otherExpenses": -85000000,
        "operatingExpenses": 1268000000,
        "costAndExpenses": 26650000000,
        "interestIncome": 1276000000,
        "interestExpense": 1656000000,
        "depreciationAndAmortization": 2445000000,
        "ebitda": 5655000000,
        "ebitdaratio": 0.2010952669,
        "operatingIncome": 1471000000,
        "operatingIncomeRatio": 0.0523096618,
        "totalOtherIncomeExpensesNet": 83000000,
        "incomeBeforeTax": 1554000000,
        "incomeBeforeTaxRatio": 0.0552611927,
        "incomeTaxExpense": 1674000000,
        "netIncome": 275000000,
        "netIncomeRatio": 0.0097791686,
        "eps": 0.14,
        "epsdiluted": 0.14,
        "weightedAverageShsOut": 1811400000,
        "weightedAverageShsOutDil": 1811400000,
        "link": "",
        "finalLink": ""
    },
    {
        "date": "2013-03-31",
        "symbol": "E",
        "reportedCurrency": "EUR",
        "cik": "0001002242",
        "fillingDate": "2013-03-31",
        "acceptedDate": "2013-03-30 20:00:00",
        "calendarYear": "2013",
        "period": "Q1",
        "revenue": 31165000000,
        "costOfRevenue": 26376000000,
        "grossProfit": 4789000000,
        "grossProfitRatio": 0.1536659714,
        "researchAndDevelopmentExpenses": 0,
        "generalAndAdministrativeExpenses": 1227000000,
        "sellingAndMarketingExpenses": 0,
        "sellingGeneralAndAdministrativeExpenses": 1227000000,
        "otherExpenses": -272000000,
        "operatingExpenses": 955000000,
        "costAndExpenses": 27331000000,
        "interestIncome": 1947000000,
        "interestExpense": 2143000000,
        "depreciationAndAmortization": 2121000000,
        "ebitda": 8079000000,
        "ebitdaratio": 0.2592331141,
        "operatingIncome": 3834000000,
        "operatingIncomeRatio": 0.1230226215,
        "totalOtherIncomeExpensesNet": -19000000,
        "incomeBeforeTax": 3815000000,
        "incomeBeforeTaxRatio": 0.1224129633,
        "incomeTaxExpense": 2251000000,
        "netIncome": 1543000000,
        "netIncomeRatio": 0.049510669,
        "eps": 0.86,
        "epsdiluted": 0.86,
        "weightedAverageShsOut": 1794186046,
        "weightedAverageShsOutDil": 1811400000,
        "link": "",
        "finalLink": ""
    },
    {
        "date": "2012-12-31",
        "symbol": "E",
        "reportedCurrency": "EUR",
        "cik": "0001002242",
        "fillingDate": "2012-12-31",
        "acceptedDate": "2012-12-30 19:00:00",
        "calendarYear": "2012",
        "period": "Q4",
        "revenue": 32523000000,
        "costOfRevenue": 30272000000,
        "grossProfit": 2251000000,
        "grossProfitRatio": 0.0692125573,
        "researchAndDevelopmentExpenses": 0,
        "generalAndAdministrativeExpenses": 1192000000,
        "sellingAndMarketingExpenses": 0,
        "sellingGeneralAndAdministrativeExpenses": 1192000000,
        "otherExpenses": -591000000,
        "operatingExpenses": 601000000,
        "costAndExpenses": 30873000000,
        "interestIncome": 1137000000,
        "interestExpense": 1400000000,
        "depreciationAndAmortization": 2437000000,
        "ebitda": 5155000000,
        "ebitdaratio": 0.1585032131,
        "operatingIncome": 1650000000,
        "operatingIncomeRatio": 0.0507333272,
        "totalOtherIncomeExpensesNet": -344000000,
        "incomeBeforeTax": 1306000000,
        "incomeBeforeTaxRatio": 0.0401561972,
        "incomeTaxExpense": 3205000000,
        "netIncome": 1461000000,
        "netIncomeRatio": 0.0449220552,
        "eps": 0.8,
        "epsdiluted": 0.8,
        "weightedAverageShsOut": 1811400000,
        "weightedAverageShsOutDil": 1811400000,
        "link": "",
        "finalLink": ""
    },
    {
        "date": "2012-09-30",
        "symbol": "E",
        "reportedCurrency": "EUR",
        "cik": "0001002242",
        "fillingDate": "2012-09-30",
        "acceptedDate": "2012-09-29 20:00:00",
        "calendarYear": "2012",
        "period": "Q3",
        "revenue": 31494000000,
        "costOfRevenue": 26662000000,
        "grossProfit": 4832000000,
        "grossProfitRatio": 0.1534260494,
        "researchAndDevelopmentExpenses": 0,
        "generalAndAdministrativeExpenses": 1169000000,
        "sellingAndMarketingExpenses": 0,
        "sellingGeneralAndAdministrativeExpenses": 1169000000,
        "otherExpenses": -418000000,
        "operatingExpenses": 751000000,
        "costAndExpenses": 27413000000,
        "interestIncome": 0,
        "interestExpense": 373000000,
        "depreciationAndAmortization": 2524000000,
        "ebitda": 8110000000,
        "ebitdaratio": 0.2575093669,
        "operatingIncome": 4081000000,
        "operatingIncomeRatio": 0.1295802375,
        "totalOtherIncomeExpensesNet": 1125000000,
        "incomeBeforeTax": 5206000000,
        "incomeBeforeTaxRatio": 0.1653013272,
        "incomeTaxExpense": 2402000000,
        "netIncome": 2485000000,
        "netIncomeRatio": 0.0789039182,
        "eps": 1.38,
        "epsdiluted": 1.38,
        "weightedAverageShsOut": 1800724637,
        "weightedAverageShsOutDil": 1800724637,
        "link": "",
        "finalLink": ""
    },
    {
        "date": "2012-06-30",
        "symbol": "E",
        "reportedCurrency": "EUR",
        "cik": "0001002242",
        "fillingDate": "2012-06-30",
        "acceptedDate": "2012-06-29 20:00:00",
        "calendarYear": "2012",
        "period": "Q2",
        "revenue": 30063000000,
        "costOfRevenue": 26373000000,
        "grossProfit": 3690000000,
        "grossProfitRatio": 0.1227422413,
        "researchAndDevelopmentExpenses": 0,
        "generalAndAdministrativeExpenses": 1134000000,
        "sellingAndMarketingExpenses": 0,
        "sellingGeneralAndAdministrativeExpenses": 1134000000,
        "otherExpenses": -235000000,
        "operatingExpenses": 899000000,
        "costAndExpenses": 27272000000,
        "interestIncome": 3873000000,
        "interestExpense": 4037000000,
        "depreciationAndAmortization": 2380000000,
        "ebitda": 9189000000,
        "ebitdaratio": 0.305658118,
        "operatingIncome": 2791000000,
        "operatingIncomeRatio": 0.0928383728,
        "totalOtherIncomeExpensesNet": -29000000,
        "incomeBeforeTax": 2762000000,
        "incomeBeforeTaxRatio": 0.0918737318,
        "incomeTaxExpense": 2517000000,
        "netIncome": 227000000,
        "netIncomeRatio": 0.00755081,
        "eps": 0.12,
        "epsdiluted": 0.12,
        "weightedAverageShsOut": 1811400000,
        "weightedAverageShsOutDil": 1811400000,
        "link": "",
        "finalLink": ""
    },
    {
        "date": "2012-03-31",
        "symbol": "E",
        "reportedCurrency": "EUR",
        "cik": "0001002242",
        "fillingDate": "2012-03-31",
        "acceptedDate": "2012-03-30 20:00:00",
        "calendarYear": "2012",
        "period": "Q1",
        "revenue": 33140000000,
        "costOfRevenue": 25617000000,
        "grossProfit": 7523000000,
        "grossProfitRatio": 0.2270066385,
        "researchAndDevelopmentExpenses": 0,
        "generalAndAdministrativeExpenses": 1118000000,
        "sellingAndMarketingExpenses": 0,
        "sellingGeneralAndAdministrativeExpenses": 1118000000,
        "otherExpenses": -144000000,
        "operatingExpenses": 974000000,
        "costAndExpenses": 26591000000,
        "interestIncome": 2338000000,
        "interestExpense": 2589000000,
        "depreciationAndAmortization": 2197000000,
        "ebitda": 12132000000,
        "ebitdaratio": 0.366083283,
        "operatingIncome": 6549000000,
        "operatingIncomeRatio": 0.1976161738,
        "totalOtherIncomeExpensesNet": 782000000,
        "incomeBeforeTax": 7331000000,
        "incomeBeforeTaxRatio": 0.2212130356,
        "incomeTaxExpense": 3537000000,
        "netIncome": 3617000000,
        "netIncomeRatio": 0.1091430296,
        "eps": 2,
        "epsdiluted": 2,
        "weightedAverageShsOut": 1808500000,
        "weightedAverageShsOutDil": 1808500000,
        "link": "",
        "finalLink": ""
    },
    {
        "date": "2011-12-31",
        "symbol": "E",
        "reportedCurrency": "EUR",
        "cik": "0001002242",
        "fillingDate": "2011-12-31",
        "acceptedDate": "2011-12-30 19:00:00",
        "calendarYear": "2011",
        "period": "Q4",
        "revenue": 30388000000,
        "costOfRevenue": 22702000000,
        "grossProfit": 7686000000,
        "grossProfitRatio": 0.2529287877,
        "researchAndDevelopmentExpenses": 0,
        "generalAndAdministrativeExpenses": 1325000000,
        "sellingAndMarketingExpenses": 0,
        "sellingGeneralAndAdministrativeExpenses": 1325000000,
        "otherExpenses": 2878000000,
        "operatingExpenses": 4203000000,
        "costAndExpenses": 26905000000,
        "interestIncome": 1761000000,
        "interestExpense": 1787000000,
        "depreciationAndAmortization": 2371000000,
        "ebitda": 9259000000,
        "ebitdaratio": 0.3046926418,
        "operatingIncome": 3483000000,
        "operatingIncomeRatio": 0.1146176122,
        "totalOtherIncomeExpensesNet": 894000000,
        "incomeBeforeTax": 4377000000,
        "incomeBeforeTaxRatio": 0.1440371199,
        "incomeTaxExpense": 2858000000,
        "netIncome": 1289000000,
        "netIncomeRatio": 0.0424180598,
        "eps": 0.7,
        "epsdiluted": 0.7,
        "weightedAverageShsOut": 1818933662,
        "weightedAverageShsOutDil": 1818933662,
        "link": "",
        "finalLink": ""
    },
    {
        "date": "2011-09-30",
        "symbol": "E",
        "reportedCurrency": "EUR",
        "cik": "0001002242",
        "fillingDate": "2011-09-30",
        "acceptedDate": "2011-09-29 20:00:00",
        "calendarYear": "2011",
        "period": "Q3",
        "revenue": 25570000000,
        "costOfRevenue": 18410000000,
        "grossProfit": 7160000000,
        "grossProfitRatio": 0.2800156433,
        "researchAndDevelopmentExpenses": 0,
        "generalAndAdministrativeExpenses": 1076000000,
        "sellingAndMarketingExpenses": 0,
        "sellingGeneralAndAdministrativeExpenses": 1076000000,
        "otherExpenses": 1843000000,
        "operatingExpenses": 2919000000,
        "costAndExpenses": 21329000000,
        "interestIncome": 1760000000,
        "interestExpense": 2149000000,
        "depreciationAndAmortization": 1905000000,
        "ebitda": 8089000000,
        "ebitdaratio": 0.316347282,
        "operatingIncome": 4241000000,
        "operatingIncomeRatio": 0.1658584278,
        "totalOtherIncomeExpensesNet": -213000000,
        "incomeBeforeTax": 4028000000,
        "incomeBeforeTaxRatio": 0.1575283535,
        "incomeTaxExpense": 2194000000,
        "netIncome": 1770000000,
        "netIncomeRatio": 0.0692217442,
        "eps": 0.98,
        "epsdiluted": 0.98,
        "weightedAverageShsOut": 1806122449,
        "weightedAverageShsOutDil": 1811350000,
        "link": "",
        "finalLink": ""
    },
    {
        "date": "2011-06-30",
        "symbol": "E",
        "reportedCurrency": "EUR",
        "cik": "0001002242",
        "fillingDate": "2011-06-30",
        "acceptedDate": "2011-06-29 20:00:00",
        "calendarYear": "2011",
        "period": "Q2",
        "revenue": 24470000000,
        "costOfRevenue": 17792000000,
        "grossProfit": 6678000000,
        "grossProfitRatio": 0.2729055987,
        "researchAndDevelopmentExpenses": 0,
        "generalAndAdministrativeExpenses": 1057000000,
        "sellingAndMarketingExpenses": 0,
        "sellingGeneralAndAdministrativeExpenses": 1057000000,
        "otherExpenses": 2017000000,
        "operatingExpenses": 3074000000,
        "costAndExpenses": 20866000000,
        "interestIncome": 260000000,
        "interestExpense": 68000000,
        "depreciationAndAmortization": 1656000000,
        "ebitda": 5820000000,
        "ebitdaratio": 0.2378422558,
        "operatingIncome": 3604000000,
        "operatingIncomeRatio": 0.1472823866,
        "totalOtherIncomeExpensesNet": 115000000,
        "incomeBeforeTax": 3719000000,
        "incomeBeforeTaxRatio": 0.1519820188,
        "incomeTaxExpense": 2322000000,
        "netIncome": 1254000000,
        "netIncomeRatio": 0.0512464242,
        "eps": 0.7,
        "epsdiluted": 0.7,
        "weightedAverageShsOut": 1811300000,
        "weightedAverageShsOutDil": 1811300000,
        "link": "",
        "finalLink": ""
    },
    {
        "date": "2011-03-31",
        "symbol": "E",
        "reportedCurrency": "EUR",
        "cik": "0001002242",
        "fillingDate": "2011-03-31",
        "acceptedDate": "2011-03-30 20:00:00",
        "calendarYear": "2011",
        "period": "Q1",
        "revenue": 29012000000,
        "costOfRevenue": 20103000000,
        "grossProfit": 8909000000,
        "grossProfitRatio": 0.307079829,
        "researchAndDevelopmentExpenses": 0,
        "generalAndAdministrativeExpenses": 1119000000,
        "sellingAndMarketingExpenses": 0,
        "sellingGeneralAndAdministrativeExpenses": 1119000000,
        "otherExpenses": 2152000000,
        "operatingExpenses": 3271000000,
        "costAndExpenses": 23374000000,
        "interestIncome": 1363000000,
        "interestExpense": 1422000000,
        "depreciationAndAmortization": 2107000000,
        "ebitda": 11367000000,
        "ebitdaratio": 0.3918033917,
        "operatingIncome": 5638000000,
        "operatingIncomeRatio": 0.1943333793,
        "totalOtherIncomeExpensesNet": 208000000,
        "incomeBeforeTax": 5846000000,
        "incomeBeforeTaxRatio": 0.2015028264,
        "incomeTaxExpense": 2887000000,
        "netIncome": 2547000000,
        "netIncomeRatio": 0.0877912588,
        "eps": 1.4,
        "epsdiluted": 1.4,
        "weightedAverageShsOut": 1819285714,
        "weightedAverageShsOutDil": 1819285714,
        "link": "",
        "finalLink": ""
    },
    {
        "date": "2010-12-31",
        "symbol": "E",
        "reportedCurrency": "EUR",
        "cik": "0001002242",
        "fillingDate": "2010-12-31",
        "acceptedDate": "2010-12-30 19:00:00",
        "calendarYear": "2010",
        "period": "Q4",
        "revenue": 28321000000,
        "costOfRevenue": 20961000000,
        "grossProfit": 7360000000,
        "grossProfitRatio": 0.2598778292,
        "researchAndDevelopmentExpenses": 0,
        "generalAndAdministrativeExpenses": 1495000000,
        "sellingAndMarketingExpenses": 0,
        "sellingGeneralAndAdministrativeExpenses": 1495000000,
        "otherExpenses": 2990000000,
        "operatingExpenses": 4485000000,
        "costAndExpenses": 25446000000,
        "interestIncome": 1139000000,
        "interestExpense": 1354000000,
        "depreciationAndAmortization": 2458000000,
        "ebitda": 7381000000,
        "ebitdaratio": 0.2606193284,
        "operatingIncome": 2875000000,
        "operatingIncomeRatio": 0.101514777,
        "totalOtherIncomeExpensesNet": 101000000,
        "incomeBeforeTax": 2976000000,
        "incomeBeforeTaxRatio": 0.1050810353,
        "incomeTaxExpense": 2132000000,
        "netIncome": 548000000,
        "netIncomeRatio": 0.0193495992,
        "eps": 0.3,
        "epsdiluted": 0.3,
        "weightedAverageShsOut": 1801513249,
        "weightedAverageShsOutDil": 1811339426,
        "link": "",
        "finalLink": ""
    },
    {
        "date": "2010-09-30",
        "symbol": "E",
        "reportedCurrency": "EUR",
        "cik": "0001002242",
        "fillingDate": "2010-09-30",
        "acceptedDate": "2010-09-29 20:00:00",
        "calendarYear": "2010",
        "period": "Q3",
        "revenue": 22915000000,
        "costOfRevenue": 15708000000,
        "grossProfit": 7207000000,
        "grossProfitRatio": 0.3145101462,
        "researchAndDevelopmentExpenses": 0,
        "generalAndAdministrativeExpenses": 1091000000,
        "sellingAndMarketingExpenses": 0,
        "sellingGeneralAndAdministrativeExpenses": 1091000000,
        "otherExpenses": 2032000000,
        "operatingExpenses": 3123000000,
        "costAndExpenses": 18831000000,
        "interestIncome": 1318000000,
        "interestExpense": 1429000000,
        "depreciationAndAmortization": 2053000000,
        "ebitda": 7839000000,
        "ebitdaratio": 0.3420903338,
        "operatingIncome": 4084000000,
        "operatingIncomeRatio": 0.1782238708,
        "totalOtherIncomeExpensesNet": 257000000,
        "incomeBeforeTax": 4341000000,
        "incomeBeforeTaxRatio": 0.1894392319,
        "incomeTaxExpense": 2160000000,
        "netIncome": 1724000000,
        "netIncomeRatio": 0.0752345625,
        "eps": 0.96,
        "epsdiluted": 0.96,
        "weightedAverageShsOut": 1795833333,
        "weightedAverageShsOutDil": 1811250000,
        "link": "",
        "finalLink": ""
    },
    {
        "date": "2010-06-30",
        "symbol": "E",
        "reportedCurrency": "EUR",
        "cik": "0001002242",
        "fillingDate": "2010-06-30",
        "acceptedDate": "2010-06-29 20:00:00",
        "calendarYear": "2010",
        "period": "Q2",
        "revenue": 19231000000,
        "costOfRevenue": 12363000000,
        "grossProfit": 6868000000,
        "grossProfitRatio": 0.3571317144,
        "researchAndDevelopmentExpenses": 0,
        "generalAndAdministrativeExpenses": 1080000000,
        "sellingAndMarketingExpenses": 0,
        "sellingGeneralAndAdministrativeExpenses": 1080000000,
        "otherExpenses": 2274000000,
        "operatingExpenses": 3354000000,
        "costAndExpenses": 15717000000,
        "interestIncome": 543000000,
        "interestExpense": 533000000,
        "depreciationAndAmortization": 2263000000,
        "ebitda": 6245000000,
        "ebitdaratio": 0.3247361032,
        "operatingIncome": 3514000000,
        "operatingIncomeRatio": 0.1827258073,
        "totalOtherIncomeExpensesNet": -137000000,
        "incomeBeforeTax": 3377000000,
        "incomeBeforeTaxRatio": 0.1756018928,
        "incomeTaxExpense": 1978000000,
        "netIncome": 1499000000,
        "netIncomeRatio": 0.0779470646,
        "eps": 0.84,
        "epsdiluted": 0.84,
        "weightedAverageShsOut": 1811173616,
        "weightedAverageShsOutDil": 1811173616,
        "link": "",
        "finalLink": ""
    },
    {
        "date": "2010-03-31",
        "symbol": "E",
        "reportedCurrency": "EUR",
        "cik": "0001002242",
        "fillingDate": "2010-03-31",
        "acceptedDate": "2010-03-30 20:00:00",
        "calendarYear": "2010",
        "period": "Q1",
        "revenue": 29012000000,
        "costOfRevenue": 20103000000,
        "grossProfit": 8909000000,
        "grossProfitRatio": 0.307079829,
        "researchAndDevelopmentExpenses": 0,
        "generalAndAdministrativeExpenses": 1119000000,
        "sellingAndMarketingExpenses": 0,
        "sellingGeneralAndAdministrativeExpenses": 1119000000,
        "otherExpenses": 2152000000,
        "operatingExpenses": 3271000000,
        "costAndExpenses": 23374000000,
        "interestIncome": 3117000000,
        "interestExpense": 3397000000,
        "depreciationAndAmortization": 2107000000,
        "ebitda": 11367000000,
        "ebitdaratio": 0.3918033917,
        "operatingIncome": 5638000000,
        "operatingIncomeRatio": 0.1943333793,
        "totalOtherIncomeExpensesNet": 208000000,
        "incomeBeforeTax": 5846000000,
        "incomeBeforeTaxRatio": 0.2015028264,
        "incomeTaxExpense": 2887000000,
        "netIncome": 2547000000,
        "netIncomeRatio": 0.0877912588,
        "eps": 1.4,
        "epsdiluted": 1.4,
        "weightedAverageShsOut": 1811250000,
        "weightedAverageShsOutDil": 1811250000,
        "link": "",
        "finalLink": ""
    },
    {
        "date": "2009-12-31",
        "symbol": "E",
        "reportedCurrency": "EUR",
        "cik": "0001002242",
        "fillingDate": "2009-12-31",
        "acceptedDate": "2009-12-30 19:00:00",
        "calendarYear": "2009",
        "period": "Q4",
        "revenue": 22361000000,
        "costOfRevenue": 12547000000,
        "grossProfit": 9814000000,
        "grossProfitRatio": 0.4388891373,
        "researchAndDevelopmentExpenses": 0,
        "generalAndAdministrativeExpenses": 0,
        "sellingAndMarketingExpenses": 0,
        "sellingGeneralAndAdministrativeExpenses": 0,
        "otherExpenses": 7348000000,
        "operatingExpenses": 7348000000,
        "costAndExpenses": 19895000000,
        "interestIncome": 0,
        "interestExpense": 0,
        "depreciationAndAmortization": 2818000000,
        "ebitda": 12203000000,
        "ebitdaratio": 0.5457269353,
        "operatingIncome": 2466000000,
        "operatingIncomeRatio": 0.1102812933,
        "totalOtherIncomeExpensesNet": -140000000,
        "incomeBeforeTax": 2326000000,
        "incomeBeforeTaxRatio": 0.1040203926,
        "incomeTaxExpense": 1648000000,
        "netIncome": 391000000,
        "netIncomeRatio": 0.0174858012,
        "eps": 0.22,
        "epsdiluted": 0.22,
        "weightedAverageShsOut": 1822993522,
        "weightedAverageShsOutDil": 1822993522,
        "link": "",
        "finalLink": ""
    },
    {
        "date": "2009-09-30",
        "symbol": "E",
        "reportedCurrency": "EUR",
        "cik": "0001002242",
        "fillingDate": "2009-09-30",
        "acceptedDate": "2009-09-29 20:00:00",
        "calendarYear": "2009",
        "period": "Q3",
        "revenue": 19475000000,
        "costOfRevenue": 13195000000,
        "grossProfit": 6280000000,
        "grossProfitRatio": 0.3224646983,
        "researchAndDevelopmentExpenses": 0,
        "generalAndAdministrativeExpenses": 1012000000,
        "sellingAndMarketingExpenses": 0,
        "sellingGeneralAndAdministrativeExpenses": 1012000000,
        "otherExpenses": 2051000000,
        "operatingExpenses": 3063000000,
        "costAndExpenses": 16258000000,
        "interestIncome": 973000000,
        "interestExpense": 1076000000,
        "depreciationAndAmortization": 1947000000,
        "ebitda": 6276000000,
        "ebitdaratio": 0.3222593068,
        "operatingIncome": 3217000000,
        "operatingIncomeRatio": 0.1651861361,
        "totalOtherIncomeExpensesNet": 19000000,
        "incomeBeforeTax": 3236000000,
        "incomeBeforeTaxRatio": 0.1661617458,
        "incomeTaxExpense": 1747000000,
        "netIncome": 1240000000,
        "netIncomeRatio": 0.0636713736,
        "eps": 0.68,
        "epsdiluted": 0.68,
        "weightedAverageShsOut": 1823529412,
        "weightedAverageShsOutDil": 1823529412,
        "link": "",
        "finalLink": ""
    },
    {
        "date": "2009-06-30",
        "symbol": "E",
        "reportedCurrency": "EUR",
        "cik": "0001002242",
        "fillingDate": "2009-06-30",
        "acceptedDate": "2009-06-29 20:00:00",
        "calendarYear": "2009",
        "period": "Q2",
        "revenue": 31695000000,
        "costOfRevenue": 19561000000,
        "grossProfit": 12134000000,
        "grossProfitRatio": 0.3828364095,
        "researchAndDevelopmentExpenses": 0,
        "generalAndAdministrativeExpenses": 0,
        "sellingAndMarketingExpenses": 0,
        "sellingGeneralAndAdministrativeExpenses": 0,
        "otherExpenses": 4131000000,
        "operatingExpenses": 4131000000,
        "costAndExpenses": 23692000000,
        "interestIncome": 2539000000,
        "interestExpense": 2723000000,
        "depreciationAndAmortization": 1800000000,
        "ebitda": 13562000000,
        "ebitdaratio": 0.4278908345,
        "operatingIncome": 8003000000,
        "operatingIncomeRatio": 0.2525003944,
        "totalOtherIncomeExpensesNet": 625000000,
        "incomeBeforeTax": 8628000000,
        "incomeBeforeTaxRatio": 0.272219593,
        "incomeTaxExpense": 3511000000,
        "netIncome": 5323000000,
        "netIncomeRatio": 0.1679444707,
        "eps": 0.54,
        "epsdiluted": 0.46,
        "weightedAverageShsOut": 1811200000,
        "weightedAverageShsOutDil": 1811205056,
        "link": "",
        "finalLink": ""
    },
    {
        "date": "2009-03-31",
        "symbol": "E",
        "reportedCurrency": "EUR",
        "cik": "0001002242",
        "fillingDate": "2009-03-31",
        "acceptedDate": "2009-03-30 20:00:00",
        "calendarYear": "2009",
        "period": "Q1",
        "revenue": 24101000000,
        "costOfRevenue": 17973000000,
        "grossProfit": 6128000000,
        "grossProfitRatio": 0.2542633086,
        "researchAndDevelopmentExpenses": 0,
        "generalAndAdministrativeExpenses": 0,
        "sellingAndMarketingExpenses": 0,
        "sellingGeneralAndAdministrativeExpenses": 0,
        "otherExpenses": 2161000000,
        "operatingExpenses": 2161000000,
        "costAndExpenses": 20134000000,
        "interestIncome": 0,
        "interestExpense": 30000000,
        "depreciationAndAmortization": 2078000000,
        "ebitda": 6289000000,
        "ebitdaratio": 0.2609435293,
        "operatingIncome": 3967000000,
        "operatingIncomeRatio": 0.1645989793,
        "totalOtherIncomeExpensesNet": 114000000,
        "incomeBeforeTax": 4081000000,
        "incomeBeforeTaxRatio": 0.1693290735,
        "incomeTaxExpense": 1971000000,
        "netIncome": 1904000000,
        "netIncomeRatio": 0.0790008713,
        "eps": 0.98,
        "epsdiluted": 0.98,
        "weightedAverageShsOut": 1811200000,
        "weightedAverageShsOutDil": 1811200000,
        "link": "",
        "finalLink": ""
    },
    {
        "date": "2008-12-31",
        "symbol": "E",
        "reportedCurrency": "EUR",
        "cik": "0001002242",
        "fillingDate": "2008-12-31",
        "acceptedDate": "2008-12-30 19:00:00",
        "calendarYear": "2008",
        "period": "Q4",
        "revenue": 25285000000,
        "costOfRevenue": 0,
        "grossProfit": 0,
        "grossProfitRatio": 0,
        "researchAndDevelopmentExpenses": 0,
        "generalAndAdministrativeExpenses": 0,
        "sellingAndMarketingExpenses": 0,
        "sellingGeneralAndAdministrativeExpenses": 0,
        "otherExpenses": 24821000000,
        "operatingExpenses": 24821000000,
        "costAndExpenses": 24821000000,
        "interestIncome": 0,
        "interestExpense": 0,
        "depreciationAndAmortization": 0,
        "ebitda": 12785000000,
        "ebitdaratio": 0.5056357524,
        "operatingIncome": 464000000,
        "operatingIncomeRatio": 0.0183508009,
        "totalOtherIncomeExpensesNet": -464000000,
        "incomeBeforeTax": 0,
        "incomeBeforeTaxRatio": 0,
        "incomeTaxExpense": 0,
        "netIncome": -141000000,
        "netIncomeRatio": -0.0055764287,
        "eps": -0.0794,
        "epsdiluted": -0.0792,
        "weightedAverageShsOut": 1775450801,
        "weightedAverageShsOutDil": 1778361704,
        "link": "",
        "finalLink": ""
    },
    {
        "date": "2008-09-30",
        "symbol": "E",
        "reportedCurrency": "EUR",
        "cik": "0001002242",
        "fillingDate": "2008-09-30",
        "acceptedDate": "2008-09-29 20:00:00",
        "calendarYear": "2008",
        "period": "Q3",
        "revenue": 28202000000,
        "costOfRevenue": 20014000000,
        "grossProfit": 8188000000,
        "grossProfitRatio": 0.2903340189,
        "researchAndDevelopmentExpenses": 0,
        "generalAndAdministrativeExpenses": 0,
        "sellingAndMarketingExpenses": 0,
        "sellingGeneralAndAdministrativeExpenses": 0,
        "otherExpenses": 1949000000,
        "operatingExpenses": 1949000000,
        "costAndExpenses": 21963000000,
        "interestIncome": 0,
        "interestExpense": 0,
        "depreciationAndAmortization": 2082000000,
        "ebitda": 8358000000,
        "ebitdaratio": 0.2963619601,
        "operatingIncome": 6239000000,
        "operatingIncomeRatio": 0.221225445,
        "totalOtherIncomeExpensesNet": 186000000,
        "incomeBeforeTax": 6425000000,
        "incomeBeforeTaxRatio": 0.2278207219,
        "incomeTaxExpense": 3336000000,
        "netIncome": 2941000000,
        "netIncomeRatio": 0.1042833842,
        "eps": 1.62,
        "epsdiluted": 1.62,
        "weightedAverageShsOut": 1817850000,
        "weightedAverageShsOutDil": 1824555125,
        "link": "",
        "finalLink": ""
    },
    {
        "date": "2008-06-30",
        "symbol": "E",
        "reportedCurrency": "EUR",
        "cik": "0001002242",
        "fillingDate": "2008-06-30",
        "acceptedDate": "2008-06-29 20:00:00",
        "calendarYear": "2008",
        "period": "Q2",
        "revenue": 27345000000,
        "costOfRevenue": 17207000000,
        "grossProfit": 10138000000,
        "grossProfitRatio": 0.3707441946,
        "researchAndDevelopmentExpenses": 0,
        "generalAndAdministrativeExpenses": 0,
        "sellingAndMarketingExpenses": 0,
        "sellingGeneralAndAdministrativeExpenses": 0,
        "otherExpenses": 4414000000,
        "operatingExpenses": 4414000000,
        "costAndExpenses": 21621000000,
        "interestIncome": 2539000000,
        "interestExpense": 2654000000,
        "depreciationAndAmortization": 2134000000,
        "ebitda": 11199000000,
        "ebitdaratio": 0.4095447065,
        "operatingIncome": 5724000000,
        "operatingIncomeRatio": 0.209325288,
        "totalOtherIncomeExpensesNet": 378000000,
        "incomeBeforeTax": 6102000000,
        "incomeBeforeTaxRatio": 0.2231486561,
        "incomeTaxExpense": 2470000000,
        "netIncome": 3437000000,
        "netIncomeRatio": 0.1256902542,
        "eps": 2.04,
        "epsdiluted": 1.9,
        "weightedAverageShsOut": 1822188573,
        "weightedAverageShsOutDil": 1822188573,
        "link": "",
        "finalLink": ""
    },
    {
        "date": "2008-03-31",
        "symbol": "E",
        "reportedCurrency": "EUR",
        "cik": "0001002242",
        "fillingDate": "2008-03-31",
        "acceptedDate": "2008-03-30 20:00:00",
        "calendarYear": "2008",
        "period": "Q1",
        "revenue": 28483000000,
        "costOfRevenue": 20359000000,
        "grossProfit": 8124000000,
        "grossProfitRatio": 0.2852227645,
        "researchAndDevelopmentExpenses": 0,
        "generalAndAdministrativeExpenses": 0,
        "sellingAndMarketingExpenses": 0,
        "sellingGeneralAndAdministrativeExpenses": 0,
        "otherExpenses": 1947000000,
        "operatingExpenses": 1947000000,
        "costAndExpenses": 22306000000,
        "interestIncome": 0,
        "interestExpense": 99000000,
        "depreciationAndAmortization": 1744000000,
        "ebitda": 8652000000,
        "ebitdaratio": 0.3037601376,
        "operatingIncome": 6177000000,
        "operatingIncomeRatio": 0.2168662009,
        "totalOtherIncomeExpensesNet": 430000000,
        "incomeBeforeTax": 6607000000,
        "incomeBeforeTaxRatio": 0.2319629253,
        "incomeTaxExpense": 3012000000,
        "netIncome": 3321000000,
        "netIncomeRatio": 0.1165958642,
        "eps": 1.66,
        "epsdiluted": 1.66,
        "weightedAverageShsOut": 1826550000,
        "weightedAverageShsOutDil": 1826550000,
        "link": "",
        "finalLink": ""
    },
    {
        "date": "2007-12-31",
        "symbol": "E",
        "reportedCurrency": "EUR",
        "cik": "0001002242",
        "fillingDate": "2007-12-31",
        "acceptedDate": "2007-12-30 19:00:00",
        "calendarYear": "2007",
        "period": "Q4",
        "revenue": 23095326000,
        "costOfRevenue": 0,
        "grossProfit": 0,
        "grossProfitRatio": 0,
        "researchAndDevelopmentExpenses": 0,
        "generalAndAdministrativeExpenses": 0,
        "sellingAndMarketingExpenses": 0,
        "sellingGeneralAndAdministrativeExpenses": 0,
        "otherExpenses": 23095326000,
        "operatingExpenses": 23095326000,
        "costAndExpenses": 23095326000,
        "interestIncome": 0,
        "interestExpense": 0,
        "depreciationAndAmortization": 0,
        "ebitda": -46228985000,
        "ebitdaratio": -2.0016597731,
        "operatingIncome": -46228985000,
        "operatingIncomeRatio": -2.0016597731,
        "totalOtherIncomeExpensesNet": 46228985000,
        "incomeBeforeTax": 0,
        "incomeBeforeTaxRatio": 0,
        "incomeTaxExpense": 0,
        "netIncome": 2591564000,
        "netIncomeRatio": 0.1122116224,
        "eps": 1.42,
        "epsdiluted": 1.42,
        "weightedAverageShsOut": 1822785068,
        "weightedAverageShsOutDil": 1822785068,
        "link": "",
        "finalLink": ""
    },
    {
        "date": "2007-09-30",
        "symbol": "E",
        "reportedCurrency": "EUR",
        "cik": "0001002242",
        "fillingDate": "2007-09-30",
        "acceptedDate": "2007-09-29 20:00:00",
        "calendarYear": "2007",
        "period": "Q3",
        "revenue": 22981752000,
        "costOfRevenue": 0,
        "grossProfit": 0,
        "grossProfitRatio": 0,
        "researchAndDevelopmentExpenses": 0,
        "generalAndAdministrativeExpenses": 0,
        "sellingAndMarketingExpenses": 0,
        "sellingGeneralAndAdministrativeExpenses": 0,
        "otherExpenses": 22981752000,
        "operatingExpenses": 22981752000,
        "costAndExpenses": 22981752000,
        "interestIncome": 0,
        "interestExpense": 0,
        "depreciationAndAmortization": 0,
        "ebitda": 22981752000,
        "ebitdaratio": 1,
        "operatingIncome": 22981752000,
        "operatingIncomeRatio": 1,
        "totalOtherIncomeExpensesNet": -22981752000,
        "incomeBeforeTax": 0,
        "incomeBeforeTaxRatio": 0,
        "incomeTaxExpense": 0,
        "netIncome": 2578834000,
        "netIncomeRatio": 0.1122122456,
        "eps": 1.4,
        "epsdiluted": 1.4,
        "weightedAverageShsOut": 1834152904,
        "weightedAverageShsOutDil": 1834152904,
        "link": "",
        "finalLink": ""
    },
    {
        "date": "2007-06-30",
        "symbol": "E",
        "reportedCurrency": "EUR",
        "cik": "0001002242",
        "fillingDate": "2007-06-30",
        "acceptedDate": "2007-06-29 20:00:00",
        "calendarYear": "2007",
        "period": "Q2",
        "revenue": 21065288000,
        "costOfRevenue": 13862280000,
        "grossProfit": 7203008000,
        "grossProfitRatio": 0.341937294,
        "researchAndDevelopmentExpenses": 0,
        "generalAndAdministrativeExpenses": 0,
        "sellingAndMarketingExpenses": 0,
        "sellingGeneralAndAdministrativeExpenses": 888740000,
        "otherExpenses": 1653367000,
        "operatingExpenses": 2542108000,
        "costAndExpenses": 16404388000,
        "interestIncome": 0,
        "interestExpense": 0,
        "depreciationAndAmortization": 1652628000,
        "ebitda": 6313528000,
        "ebitdaratio": 0.299712422,
        "operatingIncome": 4660900000,
        "operatingIncomeRatio": 0.2212597321,
        "totalOtherIncomeExpensesNet": 258570000,
        "incomeBeforeTax": 4919469000,
        "incomeBeforeTaxRatio": 0.2335344042,
        "incomeTaxExpense": 2335991000,
        "netIncome": 2427598000,
        "netIncomeRatio": 0.1152416357,
        "eps": 1.32,
        "epsdiluted": 1.32,
        "weightedAverageShsOut": 1836827693,
        "weightedAverageShsOutDil": 1838252317,
        "link": "",
        "finalLink": ""
    },
    {
        "date": "2007-03-31",
        "symbol": "E",
        "reportedCurrency": "EUR",
        "cik": "0001002242",
        "fillingDate": "2007-03-31",
        "acceptedDate": "2007-03-30 20:00:00",
        "calendarYear": "2007",
        "period": "Q1",
        "revenue": 21059987000,
        "costOfRevenue": 0,
        "grossProfit": 0,
        "grossProfitRatio": 0,
        "researchAndDevelopmentExpenses": 0,
        "generalAndAdministrativeExpenses": 0,
        "sellingAndMarketingExpenses": 0,
        "sellingGeneralAndAdministrativeExpenses": 0,
        "otherExpenses": 21059987000,
        "operatingExpenses": 21059987000,
        "costAndExpenses": 21059987000,
        "interestIncome": 0,
        "interestExpense": 0,
        "depreciationAndAmortization": 0,
        "ebitda": 21059987000,
        "ebitdaratio": 1,
        "operatingIncome": 21059987000,
        "operatingIncomeRatio": 1,
        "totalOtherIncomeExpensesNet": -21059987000,
        "incomeBeforeTax": 0,
        "incomeBeforeTaxRatio": 0,
        "incomeTaxExpense": 0,
        "netIncome": 2582532000,
        "netIncomeRatio": 0.1226274261,
        "eps": 0.66,
        "epsdiluted": 0.66,
        "weightedAverageShsOut": 1836827693,
        "weightedAverageShsOutDil": 1838252317,
        "link": "",
        "finalLink": ""
    },
    {
        "date": "2006-12-31",
        "symbol": "E",
        "reportedCurrency": "EUR",
        "cik": "0001002242",
        "fillingDate": "2006-12-31",
        "acceptedDate": "2006-12-30 19:00:00",
        "calendarYear": "2006",
        "period": "Q4",
        "revenue": 20972095000,
        "costOfRevenue": 0,
        "grossProfit": 0,
        "grossProfitRatio": 0,
        "researchAndDevelopmentExpenses": 0,
        "generalAndAdministrativeExpenses": 0,
        "sellingAndMarketingExpenses": 0,
        "sellingGeneralAndAdministrativeExpenses": 0,
        "otherExpenses": 20972095000,
        "operatingExpenses": 20972095000,
        "costAndExpenses": 20972095000,
        "interestIncome": 0,
        "interestExpense": 0,
        "depreciationAndAmortization": 0,
        "ebitda": -46588849000,
        "ebitdaratio": -2.2214685276,
        "operatingIncome": -46588849000,
        "operatingIncomeRatio": -2.2214685276,
        "totalOtherIncomeExpensesNet": 46588849000,
        "incomeBeforeTax": 0,
        "incomeBeforeTaxRatio": 0,
        "incomeTaxExpense": 0,
        "netIncome": 1956247000,
        "netIncomeRatio": 0.0932785685,
        "eps": 1.06,
        "epsdiluted": 1.06,
        "weightedAverageShsOut": 1850436656,
        "weightedAverageShsOutDil": 1850436656,
        "link": "",
        "finalLink": ""
    },
    {
        "date": "2006-09-30",
        "symbol": "E",
        "reportedCurrency": "EUR",
        "cik": "0001002242",
        "fillingDate": "2006-09-30",
        "acceptedDate": "2006-09-29 20:00:00",
        "calendarYear": "2006",
        "period": "Q3",
        "revenue": 20883304000,
        "costOfRevenue": 0,
        "grossProfit": 0,
        "grossProfitRatio": 0,
        "researchAndDevelopmentExpenses": 0,
        "generalAndAdministrativeExpenses": 0,
        "sellingAndMarketingExpenses": 0,
        "sellingGeneralAndAdministrativeExpenses": 0,
        "otherExpenses": 20883304000,
        "operatingExpenses": 20883304000,
        "costAndExpenses": 20883304000,
        "interestIncome": 0,
        "interestExpense": 0,
        "depreciationAndAmortization": 0,
        "ebitda": 20883304000,
        "ebitdaratio": 1,
        "operatingIncome": 20883304000,
        "operatingIncomeRatio": 1,
        "totalOtherIncomeExpensesNet": -20883304000,
        "incomeBeforeTax": 0,
        "incomeBeforeTaxRatio": 0,
        "incomeTaxExpense": 0,
        "netIncome": 1946261000,
        "netIncomeRatio": 0.0931969865,
        "eps": 1.06,
        "epsdiluted": 1.06,
        "weightedAverageShsOut": 1841771680,
        "weightedAverageShsOutDil": 1841771680,
        "link": "",
        "finalLink": ""
    },
    {
        "date": "2006-06-30",
        "symbol": "E",
        "reportedCurrency": "EUR",
        "cik": "0001002242",
        "fillingDate": "2006-06-30",
        "acceptedDate": "2006-06-29 20:00:00",
        "calendarYear": "2006",
        "period": "Q2",
        "revenue": 22363578000,
        "costOfRevenue": 14701924000,
        "grossProfit": 7661654000,
        "grossProfitRatio": 0.3425951848,
        "researchAndDevelopmentExpenses": 0,
        "generalAndAdministrativeExpenses": 0,
        "sellingAndMarketingExpenses": 0,
        "sellingGeneralAndAdministrativeExpenses": 868686000,
        "otherExpenses": 1518244000,
        "operatingExpenses": 2386930000,
        "costAndExpenses": 17088854000,
        "interestIncome": 0,
        "interestExpense": 0,
        "depreciationAndAmortization": 1518244000,
        "ebitda": 6792968000,
        "ebitdaratio": 0.3037513998,
        "operatingIncome": 5274724000,
        "operatingIncomeRatio": 0.235862262,
        "totalOtherIncomeExpensesNet": 309127000,
        "incomeBeforeTax": 5583851000,
        "incomeBeforeTaxRatio": 0.2496850504,
        "incomeTaxExpense": 2775100000,
        "netIncome": 2639710000,
        "netIncomeRatio": 0.1180361142,
        "eps": 1.42,
        "epsdiluted": 1.42,
        "weightedAverageShsOut": 1856668748,
        "weightedAverageShsOutDil": 1856668748,
        "link": "",
        "finalLink": ""
    },
    {
        "date": "2006-03-31",
        "symbol": "E",
        "reportedCurrency": "EUR",
        "cik": "0001002242",
        "fillingDate": "2006-03-31",
        "acceptedDate": "2006-03-30 19:00:00",
        "calendarYear": "2006",
        "period": "Q1",
        "revenue": 23572186000,
        "costOfRevenue": 0,
        "grossProfit": 0,
        "grossProfitRatio": 0,
        "researchAndDevelopmentExpenses": 0,
        "generalAndAdministrativeExpenses": 0,
        "sellingAndMarketingExpenses": 0,
        "sellingGeneralAndAdministrativeExpenses": 0,
        "otherExpenses": 23572186000,
        "operatingExpenses": 23572186000,
        "costAndExpenses": 23572186000,
        "interestIncome": 0,
        "interestExpense": 0,
        "depreciationAndAmortization": 0,
        "ebitda": 23572186000,
        "ebitdaratio": 1,
        "operatingIncome": 23572186000,
        "operatingIncomeRatio": 1,
        "totalOtherIncomeExpensesNet": -23572186000,
        "incomeBeforeTax": 0,
        "incomeBeforeTaxRatio": 0,
        "incomeTaxExpense": 0,
        "netIncome": 2972511000,
        "netIncomeRatio": 0.1261024752,
        "eps": 1.6,
        "epsdiluted": 1.6,
        "weightedAverageShsOut": 1863672450,
        "weightedAverageShsOutDil": 1863672450,
        "link": "",
        "finalLink": ""
    },
    {
        "date": "2005-12-31",
        "symbol": "E",
        "reportedCurrency": "EUR",
        "cik": "0001002242",
        "fillingDate": "2005-12-31",
        "acceptedDate": "2005-12-30 19:00:00",
        "calendarYear": "2005",
        "period": "Q4",
        "revenue": 21887920000,
        "costOfRevenue": 0,
        "grossProfit": 0,
        "grossProfitRatio": 0,
        "researchAndDevelopmentExpenses": 0,
        "generalAndAdministrativeExpenses": 0,
        "sellingAndMarketingExpenses": 0,
        "sellingGeneralAndAdministrativeExpenses": 0,
        "otherExpenses": 21887920000,
        "operatingExpenses": 21887920000,
        "costAndExpenses": 21887920000,
        "interestIncome": 0,
        "interestExpense": 0,
        "depreciationAndAmortization": 0,
        "ebitda": -35767477000,
        "ebitdaratio": -1.6341195052,
        "operatingIncome": -35767477000,
        "operatingIncomeRatio": -1.6341195052,
        "totalOtherIncomeExpensesNet": 35767477000,
        "incomeBeforeTax": 0,
        "incomeBeforeTaxRatio": 0,
        "incomeTaxExpense": 0,
        "netIncome": 2052354000,
        "netIncomeRatio": 0.093766516,
        "eps": 1.2,
        "epsdiluted": 1.2,
        "weightedAverageShsOut": 1696681574,
        "weightedAverageShsOutDil": 1696681574,
        "link": "",
        "finalLink": ""
    },
    {
        "date": "2005-09-30",
        "symbol": "E",
        "reportedCurrency": "EUR",
        "cik": "0001002242",
        "fillingDate": "2005-09-30",
        "acceptedDate": "2005-09-29 20:00:00",
        "calendarYear": "2005",
        "period": "Q3",
        "revenue": 19946066000,
        "costOfRevenue": 0,
        "grossProfit": 0,
        "grossProfitRatio": 0,
        "researchAndDevelopmentExpenses": 0,
        "generalAndAdministrativeExpenses": 0,
        "sellingAndMarketingExpenses": 0,
        "sellingGeneralAndAdministrativeExpenses": 0,
        "otherExpenses": 19946066000,
        "operatingExpenses": 19946066000,
        "costAndExpenses": 19946066000,
        "interestIncome": 0,
        "interestExpense": 0,
        "depreciationAndAmortization": 0,
        "ebitda": 19946066000,
        "ebitdaratio": 1,
        "operatingIncome": 19946066000,
        "operatingIncomeRatio": 1,
        "totalOtherIncomeExpensesNet": -19946066000,
        "incomeBeforeTax": 0,
        "incomeBeforeTaxRatio": 0,
        "incomeTaxExpense": 0,
        "netIncome": 2367229000,
        "netIncomeRatio": 0.1186814984,
        "eps": 1.14,
        "epsdiluted": 1.14,
        "weightedAverageShsOut": 2063917675,
        "weightedAverageShsOutDil": 2063917675,
        "link": "",
        "finalLink": ""
    },
    {
        "date": "2005-06-30",
        "symbol": "E",
        "reportedCurrency": "EUR",
        "cik": "0001002242",
        "fillingDate": "2005-06-30",
        "acceptedDate": "2005-06-29 20:00:00",
        "calendarYear": "2005",
        "period": "Q2",
        "revenue": 17174388000,
        "costOfRevenue": 10974132000,
        "grossProfit": 6200257000,
        "grossProfitRatio": 0.3610176386,
        "researchAndDevelopmentExpenses": 0,
        "generalAndAdministrativeExpenses": 0,
        "sellingAndMarketingExpenses": 0,
        "sellingGeneralAndAdministrativeExpenses": 815193000,
        "otherExpenses": 1313229000,
        "operatingExpenses": 2128422000,
        "costAndExpenses": 13102554000,
        "interestIncome": 0,
        "interestExpense": 0,
        "depreciationAndAmortization": 1312403000,
        "ebitda": 5384238000,
        "ebitdaratio": 0.3135039222,
        "operatingIncome": 4071835000,
        "operatingIncomeRatio": 0.237087633,
        "totalOtherIncomeExpensesNet": 102415000,
        "incomeBeforeTax": 4174250000,
        "incomeBeforeTaxRatio": 0.2430508732,
        "incomeTaxExpense": 1891380000,
        "netIncome": 2167240000,
        "netIncomeRatio": 0.1261902316,
        "eps": 0.94,
        "epsdiluted": 0.94,
        "weightedAverageShsOut": 1882851715,
        "weightedAverageShsOutDil": 1882851715,
        "link": "",
        "finalLink": ""
    },
    {
        "date": "2005-03-31",
        "symbol": "E",
        "reportedCurrency": "EUR",
        "cik": "0001002242",
        "fillingDate": "2005-03-31",
        "acceptedDate": "2005-03-30 19:00:00",
        "calendarYear": "2005",
        "period": "Q1",
        "revenue": 16241687000,
        "costOfRevenue": 0,
        "grossProfit": 0,
        "grossProfitRatio": 0,
        "researchAndDevelopmentExpenses": 0,
        "generalAndAdministrativeExpenses": 0,
        "sellingAndMarketingExpenses": 0,
        "sellingGeneralAndAdministrativeExpenses": 0,
        "otherExpenses": 16241687000,
        "operatingExpenses": 16241687000,
        "costAndExpenses": 16241687000,
        "interestIncome": 0,
        "interestExpense": 0,
        "depreciationAndAmortization": 0,
        "ebitda": 16241687000,
        "ebitdaratio": 1,
        "operatingIncome": 16241687000,
        "operatingIncomeRatio": 1,
        "totalOtherIncomeExpensesNet": -16241687000,
        "incomeBeforeTax": 0,
        "incomeBeforeTaxRatio": 0,
        "incomeTaxExpense": 0,
        "netIncome": 2170804000,
        "netIncomeRatio": 0.1336563129,
        "eps": 1.14,
        "epsdiluted": 1.14,
        "weightedAverageShsOut": 1888387824,
        "weightedAverageShsOutDil": 1888387824,
        "link": "",
        "finalLink": ""
    },
    {
        "date": "2004-12-31",
        "symbol": "E",
        "reportedCurrency": "EUR",
        "cik": "0001002242",
        "fillingDate": "2004-12-31",
        "acceptedDate": "2004-12-30 19:00:00",
        "calendarYear": "2004",
        "period": "Q4",
        "revenue": 8376223000,
        "costOfRevenue": 0,
        "grossProfit": 0,
        "grossProfitRatio": 0,
        "researchAndDevelopmentExpenses": 0,
        "generalAndAdministrativeExpenses": 0,
        "sellingAndMarketingExpenses": 0,
        "sellingGeneralAndAdministrativeExpenses": 0,
        "otherExpenses": 8376223000,
        "operatingExpenses": 8376223000,
        "costAndExpenses": 8376223000,
        "interestIncome": 0,
        "interestExpense": 0,
        "depreciationAndAmortization": 0,
        "ebitda": -38750464000,
        "ebitdaratio": -4.6262455047,
        "operatingIncome": -38750464000,
        "operatingIncomeRatio": -4.6262455047,
        "totalOtherIncomeExpensesNet": 38750464000,
        "incomeBeforeTax": 0,
        "incomeBeforeTaxRatio": 0,
        "incomeTaxExpense": 0,
        "netIncome": 1629384000,
        "netIncomeRatio": 0.194524907,
        "eps": 0.76,
        "epsdiluted": 0.76,
        "weightedAverageShsOut": 1869746455,
        "weightedAverageShsOutDil": 1869746455,
        "link": "",
        "finalLink": ""
    },
    {
        "date": "2004-09-30",
        "symbol": "E",
        "reportedCurrency": "EUR",
        "cik": "0001002242",
        "fillingDate": "2004-09-30",
        "acceptedDate": "2004-09-29 20:00:00",
        "calendarYear": "2004",
        "period": "Q3",
        "revenue": 13753086000,
        "costOfRevenue": 0,
        "grossProfit": 0,
        "grossProfitRatio": 0,
        "researchAndDevelopmentExpenses": 0,
        "generalAndAdministrativeExpenses": 0,
        "sellingAndMarketingExpenses": 0,
        "sellingGeneralAndAdministrativeExpenses": 0,
        "otherExpenses": 13753086000,
        "operatingExpenses": 13753086000,
        "costAndExpenses": 13753086000,
        "interestIncome": 0,
        "interestExpense": 0,
        "depreciationAndAmortization": 0,
        "ebitda": 13753086000,
        "ebitdaratio": 1,
        "operatingIncome": 13753086000,
        "operatingIncomeRatio": 1,
        "totalOtherIncomeExpensesNet": -13753086000,
        "incomeBeforeTax": 0,
        "incomeBeforeTaxRatio": 0,
        "incomeTaxExpense": 0,
        "netIncome": 2284675000,
        "netIncomeRatio": 0.1661208982,
        "eps": 1.22,
        "epsdiluted": 1.22,
        "weightedAverageShsOut": 1884252135,
        "weightedAverageShsOutDil": 1884252135,
        "link": "",
        "finalLink": ""
    },
    {
        "date": "2004-06-30",
        "symbol": "E",
        "reportedCurrency": "EUR",
        "cik": "0001002242",
        "fillingDate": "2004-06-30",
        "acceptedDate": "2004-06-29 20:00:00",
        "calendarYear": "2004",
        "period": "Q2",
        "revenue": 19118669000,
        "costOfRevenue": 7401516000,
        "grossProfit": 11717153000,
        "grossProfitRatio": 0.612864494,
        "researchAndDevelopmentExpenses": 0,
        "generalAndAdministrativeExpenses": 0,
        "sellingAndMarketingExpenses": 0,
        "sellingGeneralAndAdministrativeExpenses": 3733551000,
        "otherExpenses": 941996000,
        "operatingExpenses": 4675548000,
        "costAndExpenses": 12077063000,
        "interestIncome": 0,
        "interestExpense": 0,
        "depreciationAndAmortization": 1114982000,
        "ebitda": 7983602000,
        "ebitdaratio": 0.4175814751,
        "operatingIncome": 7041606000,
        "operatingIncomeRatio": 0.3683104631,
        "totalOtherIncomeExpensesNet": -3927034000,
        "incomeBeforeTax": 3114572000,
        "incomeBeforeTaxRatio": 0.1629073756,
        "incomeTaxExpense": 1243697000,
        "netIncome": 1710186000,
        "netIncomeRatio": 0.0894511149,
        "eps": 0.9,
        "epsdiluted": 0.9,
        "weightedAverageShsOut": 1885859465,
        "weightedAverageShsOutDil": 1885859465,
        "link": "",
        "finalLink": ""
    },
    {
        "date": "2004-03-31",
        "symbol": "E",
        "reportedCurrency": "EUR",
        "cik": "0001002242",
        "fillingDate": "2004-03-31",
        "acceptedDate": "2004-03-30 19:00:00",
        "calendarYear": "2004",
        "period": "Q1",
        "revenue": 19114593000,
        "costOfRevenue": 0,
        "grossProfit": 0,
        "grossProfitRatio": 0,
        "researchAndDevelopmentExpenses": 0,
        "generalAndAdministrativeExpenses": 0,
        "sellingAndMarketingExpenses": 0,
        "sellingGeneralAndAdministrativeExpenses": 0,
        "otherExpenses": 19114593000,
        "operatingExpenses": 19114593000,
        "costAndExpenses": 19114593000,
        "interestIncome": 0,
        "interestExpense": 0,
        "depreciationAndAmortization": 0,
        "ebitda": 19114593000,
        "ebitdaratio": 1,
        "operatingIncome": 19114593000,
        "operatingIncomeRatio": 1,
        "totalOtherIncomeExpensesNet": -19114593000,
        "incomeBeforeTax": 0,
        "incomeBeforeTaxRatio": 0,
        "incomeTaxExpense": 0,
        "netIncome": 1710168000,
        "netIncomeRatio": 0.0894692343,
        "eps": 0.9,
        "epsdiluted": 0.9,
        "weightedAverageShsOut": 1885859465,
        "weightedAverageShsOutDil": 1885859465,
        "link": "",
        "finalLink": ""
    },
    {
        "date": "2003-12-31",
        "symbol": "E",
        "reportedCurrency": "EUR",
        "cik": "0001002242",
        "fillingDate": "2003-12-31",
        "acceptedDate": "2003-12-30 19:00:00",
        "calendarYear": "2003",
        "period": "Q4",
        "revenue": 11768039000,
        "costOfRevenue": 0,
        "grossProfit": 0,
        "grossProfitRatio": 0,
        "researchAndDevelopmentExpenses": 0,
        "generalAndAdministrativeExpenses": 0,
        "sellingAndMarketingExpenses": 0,
        "sellingGeneralAndAdministrativeExpenses": 0,
        "otherExpenses": 11768039000,
        "operatingExpenses": 11768039000,
        "costAndExpenses": 11768039000,
        "interestIncome": 0,
        "interestExpense": 0,
        "depreciationAndAmortization": 0,
        "ebitda": -31088936000,
        "ebitdaratio": -2.6418110953,
        "operatingIncome": -31088936000,
        "operatingIncomeRatio": -2.6418110953,
        "totalOtherIncomeExpensesNet": 31088936000,
        "incomeBeforeTax": 0,
        "incomeBeforeTaxRatio": 0,
        "incomeTaxExpense": 0,
        "netIncome": 1041147000,
        "netIncomeRatio": 0.0884724294,
        "eps": 0.56,
        "epsdiluted": 0.56,
        "weightedAverageShsOut": 1859539579,
        "weightedAverageShsOutDil": 1887473036,
        "link": "",
        "finalLink": ""
    },
    {
        "date": "2003-09-30",
        "symbol": "E",
        "reportedCurrency": "EUR",
        "cik": "0001002242",
        "fillingDate": "2003-09-30",
        "acceptedDate": "2003-09-29 20:00:00",
        "calendarYear": "2003",
        "period": "Q3",
        "revenue": 14988355000,
        "costOfRevenue": 0,
        "grossProfit": 0,
        "grossProfitRatio": 0,
        "researchAndDevelopmentExpenses": 0,
        "generalAndAdministrativeExpenses": 0,
        "sellingAndMarketingExpenses": 0,
        "sellingGeneralAndAdministrativeExpenses": 0,
        "otherExpenses": 14988355000,
        "operatingExpenses": 14988355000,
        "costAndExpenses": 14988355000,
        "interestIncome": 0,
        "interestExpense": 0,
        "depreciationAndAmortization": 0,
        "ebitda": 14988355000,
        "ebitdaratio": 1,
        "operatingIncome": 14988355000,
        "operatingIncomeRatio": 1,
        "totalOtherIncomeExpensesNet": -14988355000,
        "incomeBeforeTax": 0,
        "incomeBeforeTaxRatio": 0,
        "incomeTaxExpense": 0,
        "netIncome": 1489228000,
        "netIncomeRatio": 0.0993590024,
        "eps": 0.8,
        "epsdiluted": 0.8,
        "weightedAverageShsOut": 1884416656,
        "weightedAverageShsOutDil": 1884416656,
        "link": "",
        "finalLink": ""
    },
    {
        "date": "2003-06-30",
        "symbol": "E",
        "reportedCurrency": "EUR",
        "cik": "0001002242",
        "fillingDate": "2003-06-30",
        "acceptedDate": "2003-06-29 20:00:00",
        "calendarYear": "2003",
        "period": "Q2",
        "revenue": 13150503000,
        "costOfRevenue": 8519885000,
        "grossProfit": 4630618000,
        "grossProfitRatio": 0.3521247769,
        "researchAndDevelopmentExpenses": 0,
        "generalAndAdministrativeExpenses": 0,
        "sellingAndMarketingExpenses": 0,
        "sellingGeneralAndAdministrativeExpenses": 785675000,
        "otherExpenses": 1294105000,
        "operatingExpenses": 2079780000,
        "costAndExpenses": 10599666000,
        "interestIncome": 0,
        "interestExpense": 0,
        "depreciationAndAmortization": 1293236000,
        "ebitda": 3766723000,
        "ebitdaratio": 0.2864318287,
        "operatingIncome": 2550838000,
        "operatingIncomeRatio": 0.193972639,
        "totalOtherIncomeExpensesNet": -40848000,
        "incomeBeforeTax": 2509990000,
        "incomeBeforeTaxRatio": 0.1908664332,
        "incomeTaxExpense": 968189000,
        "netIncome": 1541801000,
        "netIncomeRatio": 0.1172427467,
        "eps": 0.82,
        "epsdiluted": 0.82,
        "weightedAverageShsOut": 2000923663,
        "weightedAverageShsOutDil": 2000923663,
        "link": "",
        "finalLink": ""
    },
    {
        "date": "2003-03-31",
        "symbol": "E",
        "reportedCurrency": "EUR",
        "cik": "0001002242",
        "fillingDate": "2003-03-31",
        "acceptedDate": "2003-03-30 19:00:00",
        "calendarYear": "2003",
        "period": "Q1",
        "revenue": 13139329000,
        "costOfRevenue": 0,
        "grossProfit": 0,
        "grossProfitRatio": 0,
        "researchAndDevelopmentExpenses": 0,
        "generalAndAdministrativeExpenses": 0,
        "sellingAndMarketingExpenses": 0,
        "sellingGeneralAndAdministrativeExpenses": 0,
        "otherExpenses": 13139329000,
        "operatingExpenses": 13139329000,
        "costAndExpenses": 13139329000,
        "interestIncome": 0,
        "interestExpense": 0,
        "depreciationAndAmortization": 0,
        "ebitda": 13139329000,
        "ebitdaratio": 1,
        "operatingIncome": 13139329000,
        "operatingIncomeRatio": 1,
        "totalOtherIncomeExpensesNet": -13139329000,
        "incomeBeforeTax": 0,
        "incomeBeforeTaxRatio": 0,
        "incomeTaxExpense": 0,
        "netIncome": 1540366000,
        "netIncomeRatio": 0.1172332316,
        "eps": 0.82,
        "epsdiluted": 0.82,
        "weightedAverageShsOut": 1888295485,
        "weightedAverageShsOutDil": 1888295485,
        "link": "",
        "finalLink": ""
    },
    {
        "date": "2002-12-31",
        "symbol": "E",
        "reportedCurrency": "EUR",
        "cik": "0001002242",
        "fillingDate": "2002-12-31",
        "acceptedDate": "2002-12-30 19:00:00",
        "calendarYear": "2002",
        "period": "Q4",
        "revenue": 12379101000,
        "costOfRevenue": 0,
        "grossProfit": 0,
        "grossProfitRatio": 0,
        "researchAndDevelopmentExpenses": 0,
        "generalAndAdministrativeExpenses": 0,
        "sellingAndMarketingExpenses": 0,
        "sellingGeneralAndAdministrativeExpenses": 0,
        "otherExpenses": 12379101000,
        "operatingExpenses": 12379101000,
        "costAndExpenses": 12379101000,
        "interestIncome": 0,
        "interestExpense": 0,
        "depreciationAndAmortization": 0,
        "ebitda": -28128795000,
        "ebitdaratio": -2.2722809193,
        "operatingIncome": -28128795000,
        "operatingIncomeRatio": -2.2722809193,
        "totalOtherIncomeExpensesNet": 28128795000,
        "incomeBeforeTax": 0,
        "incomeBeforeTaxRatio": 0,
        "incomeTaxExpense": 0,
        "netIncome": 1175349000,
        "netIncomeRatio": 0.0949462324,
        "eps": 0.62,
        "epsdiluted": 0.62,
        "weightedAverageShsOut": 1913524984,
        "weightedAverageShsOutDil": 1916010796,
        "link": "",
        "finalLink": ""
    },
    {
        "date": "2002-09-30",
        "symbol": "E",
        "reportedCurrency": "EUR",
        "cik": "0001002242",
        "fillingDate": "2002-09-30",
        "acceptedDate": "2002-09-29 20:00:00",
        "calendarYear": "2002",
        "period": "Q3",
        "revenue": 12275465000,
        "costOfRevenue": 0,
        "grossProfit": 0,
        "grossProfitRatio": 0,
        "researchAndDevelopmentExpenses": 0,
        "generalAndAdministrativeExpenses": 0,
        "sellingAndMarketingExpenses": 0,
        "sellingGeneralAndAdministrativeExpenses": 0,
        "otherExpenses": 12275465000,
        "operatingExpenses": 12275465000,
        "costAndExpenses": 12275465000,
        "interestIncome": 0,
        "interestExpense": 0,
        "depreciationAndAmortization": 0,
        "ebitda": 12275465000,
        "ebitdaratio": 1,
        "operatingIncome": 12275465000,
        "operatingIncomeRatio": 1,
        "totalOtherIncomeExpensesNet": -12275465000,
        "incomeBeforeTax": 0,
        "incomeBeforeTaxRatio": 0,
        "incomeTaxExpense": 0,
        "netIncome": 1165572000,
        "netIncomeRatio": 0.0949513521,
        "eps": 0.62,
        "epsdiluted": 0.62,
        "weightedAverageShsOut": 1907018357,
        "weightedAverageShsOutDil": 1907018357,
        "link": "",
        "finalLink": ""
    },
    {
        "date": "2002-06-30",
        "symbol": "E",
        "reportedCurrency": "EUR",
        "cik": "0001002242",
        "fillingDate": "2002-06-30",
        "acceptedDate": "2002-06-29 20:00:00",
        "calendarYear": "2002",
        "period": "Q2",
        "revenue": 12123490000,
        "costOfRevenue": 7866579000,
        "grossProfit": 4256911000,
        "grossProfitRatio": 0.351129193,
        "researchAndDevelopmentExpenses": 0,
        "generalAndAdministrativeExpenses": 0,
        "sellingAndMarketingExpenses": 0,
        "sellingGeneralAndAdministrativeExpenses": 727772000,
        "otherExpenses": 1259257000,
        "operatingExpenses": 1987028000,
        "costAndExpenses": 9853607000,
        "interestIncome": 0,
        "interestExpense": 0,
        "depreciationAndAmortization": 1260263000,
        "ebitda": 4303215000,
        "ebitdaratio": 0.3549485221,
        "operatingIncome": 2269883000,
        "operatingIncomeRatio": 0.1872301561,
        "totalOtherIncomeExpensesNet": -244604000,
        "incomeBeforeTax": 2025279000,
        "incomeBeforeTaxRatio": 0.1670541348,
        "incomeTaxExpense": 903927000,
        "netIncome": 1121352000,
        "netIncomeRatio": 0.092494188,
        "eps": 0.58,
        "epsdiluted": 0.58,
        "weightedAverageShsOut": 1920888195,
        "weightedAverageShsOutDil": 1920888195,
        "link": "",
        "finalLink": ""
    },
    {
        "date": "2002-03-31",
        "symbol": "E",
        "reportedCurrency": "EUR",
        "cik": "0001002242",
        "fillingDate": "2002-03-31",
        "acceptedDate": "2002-03-30 19:00:00",
        "calendarYear": "2002",
        "period": "Q1",
        "revenue": 13818081000,
        "costOfRevenue": 0,
        "grossProfit": 0,
        "grossProfitRatio": 0,
        "researchAndDevelopmentExpenses": 0,
        "generalAndAdministrativeExpenses": 0,
        "sellingAndMarketingExpenses": 0,
        "sellingGeneralAndAdministrativeExpenses": 0,
        "otherExpenses": 13818081000,
        "operatingExpenses": 13818081000,
        "costAndExpenses": 13818081000,
        "interestIncome": 0,
        "interestExpense": 0,
        "depreciationAndAmortization": 0,
        "ebitda": 13818081000,
        "ebitdaratio": 1,
        "operatingIncome": 13818081000,
        "operatingIncomeRatio": 1,
        "totalOtherIncomeExpensesNet": -13818081000,
        "incomeBeforeTax": 0,
        "incomeBeforeTaxRatio": 0,
        "incomeTaxExpense": 0,
        "netIncome": 1278092000,
        "netIncomeRatio": 0.0924941748,
        "eps": 0.66,
        "epsdiluted": 0.66,
        "weightedAverageShsOut": 1920689655,
        "weightedAverageShsOutDil": 1920689655,
        "link": "",
        "finalLink": ""
    },
    {
        "date": "2001-12-31",
        "symbol": "E",
        "reportedCurrency": "EUR",
        "cik": "0001002242",
        "fillingDate": "2001-12-31",
        "acceptedDate": "2001-12-30 19:00:00",
        "calendarYear": "2001",
        "period": "Q4",
        "revenue": 13637623000,
        "costOfRevenue": 0,
        "grossProfit": 0,
        "grossProfitRatio": 0,
        "researchAndDevelopmentExpenses": 0,
        "generalAndAdministrativeExpenses": 0,
        "sellingAndMarketingExpenses": 0,
        "sellingGeneralAndAdministrativeExpenses": 0,
        "otherExpenses": 13637623000,
        "operatingExpenses": 13637623000,
        "costAndExpenses": 13637623000,
        "interestIncome": 0,
        "interestExpense": 0,
        "depreciationAndAmortization": 0,
        "ebitda": -24864162000,
        "ebitdaratio": -1.8232035011,
        "operatingIncome": -24864162000,
        "operatingIncomeRatio": -1.8232035011,
        "totalOtherIncomeExpensesNet": 24864162000,
        "incomeBeforeTax": 0,
        "incomeBeforeTaxRatio": 0,
        "incomeTaxExpense": 0,
        "netIncome": 2328160000,
        "netIncomeRatio": 0.1707159671,
        "eps": 1.18,
        "epsdiluted": 1.18,
        "weightedAverageShsOut": 1957020853,
        "weightedAverageShsOutDil": 1959884116,
        "link": "",
        "finalLink": ""
    },
    {
        "date": "2001-09-30",
        "symbol": "E",
        "reportedCurrency": "EUR",
        "cik": "0001002242",
        "fillingDate": "2001-09-30",
        "acceptedDate": "2001-09-29 20:00:00",
        "calendarYear": "2001",
        "period": "Q3",
        "revenue": 12135074000,
        "costOfRevenue": 0,
        "grossProfit": 0,
        "grossProfitRatio": 0,
        "researchAndDevelopmentExpenses": 0,
        "generalAndAdministrativeExpenses": 0,
        "sellingAndMarketingExpenses": 0,
        "sellingGeneralAndAdministrativeExpenses": 0,
        "otherExpenses": 12135074000,
        "operatingExpenses": 12135074000,
        "costAndExpenses": 12135074000,
        "interestIncome": 0,
        "interestExpense": 0,
        "depreciationAndAmortization": 0,
        "ebitda": 12135074000,
        "ebitdaratio": 1,
        "operatingIncome": 12135074000,
        "operatingIncomeRatio": 1,
        "totalOtherIncomeExpensesNet": -12135073000,
        "incomeBeforeTax": 0,
        "incomeBeforeTaxRatio": 0,
        "incomeTaxExpense": 0,
        "netIncome": 2138320000,
        "netIncomeRatio": 0.1762098855,
        "eps": 1.1,
        "epsdiluted": 1.1,
        "weightedAverageShsOut": 1945432029,
        "weightedAverageShsOutDil": 1945432029,
        "link": "",
        "finalLink": ""
    },
    {
        "date": "2001-06-30",
        "symbol": "E",
        "reportedCurrency": "EUR",
        "cik": "0001002242",
        "fillingDate": "2001-06-30",
        "acceptedDate": "2001-06-29 20:00:00",
        "calendarYear": "2001",
        "period": "Q2",
        "revenue": 13094381000,
        "costOfRevenue": 8191489000,
        "grossProfit": 4902892000,
        "grossProfitRatio": 0.3744271684,
        "researchAndDevelopmentExpenses": 0,
        "generalAndAdministrativeExpenses": 0,
        "sellingAndMarketingExpenses": 0,
        "sellingGeneralAndAdministrativeExpenses": 724786000,
        "otherExpenses": 1111887000,
        "operatingExpenses": 1836673000,
        "costAndExpenses": 10028162000,
        "interestIncome": 0,
        "interestExpense": 0,
        "depreciationAndAmortization": 1113064000,
        "ebitda": 4678162000,
        "ebitdaratio": 0.3572648451,
        "operatingIncome": 3066220000,
        "operatingIncomeRatio": 0.2341630353,
        "totalOtherIncomeExpensesNet": 71773000,
        "incomeBeforeTax": 3137992000,
        "incomeBeforeTaxRatio": 0.2396441649,
        "incomeTaxExpense": 1370739000,
        "netIncome": 1767253000,
        "netIncomeRatio": 0.1349626989,
        "eps": 0.9,
        "epsdiluted": 0.9,
        "weightedAverageShsOut": 1970160068,
        "weightedAverageShsOutDil": 1970160068,
        "link": "",
        "finalLink": ""
    },
    {
        "date": "2001-03-31",
        "symbol": "E",
        "reportedCurrency": "EUR",
        "cik": "0001002242",
        "fillingDate": "2001-03-31",
        "acceptedDate": "2001-03-30 19:00:00",
        "calendarYear": "2001",
        "period": "Q1",
        "revenue": 12920063000,
        "costOfRevenue": 0,
        "grossProfit": 0,
        "grossProfitRatio": 0,
        "researchAndDevelopmentExpenses": 0,
        "generalAndAdministrativeExpenses": 0,
        "sellingAndMarketingExpenses": 0,
        "sellingGeneralAndAdministrativeExpenses": 0,
        "otherExpenses": 12920063000,
        "operatingExpenses": 12920063000,
        "costAndExpenses": 12920063000,
        "interestIncome": 0,
        "interestExpense": 0,
        "depreciationAndAmortization": 0,
        "ebitda": 12920063000,
        "ebitdaratio": 1,
        "operatingIncome": 12920063000,
        "operatingIncomeRatio": 1,
        "totalOtherIncomeExpensesNet": -12920063000,
        "incomeBeforeTax": 0,
        "incomeBeforeTaxRatio": 0,
        "incomeTaxExpense": 0,
        "netIncome": 1769403000,
        "netIncomeRatio": 0.1369500288,
        "eps": 0.86,
        "epsdiluted": 0.86,
        "weightedAverageShsOut": 2039473684,
        "weightedAverageShsOutDil": 2039473684,
        "link": "",
        "finalLink": ""
    },
    {
        "date": "2000-12-31",
        "symbol": "E",
        "reportedCurrency": "EUR",
        "cik": "0001002242",
        "fillingDate": "2000-12-31",
        "acceptedDate": "2000-12-30 19:00:00",
        "calendarYear": "2000",
        "period": "Q4",
        "revenue": 12329080000,
        "costOfRevenue": 0,
        "grossProfit": 0,
        "grossProfitRatio": 0,
        "researchAndDevelopmentExpenses": 0,
        "generalAndAdministrativeExpenses": 0,
        "sellingAndMarketingExpenses": 0,
        "sellingGeneralAndAdministrativeExpenses": 0,
        "otherExpenses": 12329080000,
        "operatingExpenses": 12329080000,
        "costAndExpenses": 12329080000,
        "interestIncome": 0,
        "interestExpense": 0,
        "depreciationAndAmortization": 0,
        "ebitda": -25847173000,
        "ebitdaratio": -2.0964397181,
        "operatingIncome": -25847173000,
        "operatingIncomeRatio": -2.0964397181,
        "totalOtherIncomeExpensesNet": 25847173000,
        "incomeBeforeTax": 0,
        "incomeBeforeTaxRatio": 0,
        "incomeTaxExpense": 0,
        "netIncome": 1490291000,
        "netIncomeRatio": 0.1208760913,
        "eps": 0.72,
        "epsdiluted": 0.72,
        "weightedAverageShsOut": 2043491939,
        "weightedAverageShsOutDil": 2043491939,
        "link": "",
        "finalLink": ""
    },
    {
        "date": "2000-09-30",
        "symbol": "E",
        "reportedCurrency": "EUR",
        "cik": "0001002242",
        "fillingDate": "2000-09-30",
        "acceptedDate": "2000-09-29 20:00:00",
        "calendarYear": "2000",
        "period": "Q3",
        "revenue": 12223122000,
        "costOfRevenue": 0,
        "grossProfit": 0,
        "grossProfitRatio": 0,
        "researchAndDevelopmentExpenses": 0,
        "generalAndAdministrativeExpenses": 0,
        "sellingAndMarketingExpenses": 0,
        "sellingGeneralAndAdministrativeExpenses": 0,
        "otherExpenses": 12223122000,
        "operatingExpenses": 12223122000,
        "costAndExpenses": 12223122000,
        "interestIncome": 0,
        "interestExpense": 0,
        "depreciationAndAmortization": 0,
        "ebitda": 12223122000,
        "ebitdaratio": 1,
        "operatingIncome": 12223122000,
        "operatingIncomeRatio": 1,
        "totalOtherIncomeExpensesNet": -12223122000,
        "incomeBeforeTax": 0,
        "incomeBeforeTaxRatio": 0,
        "incomeTaxExpense": 0,
        "netIncome": 1477159000,
        "netIncomeRatio": 0.1208495669,
        "eps": 0.74,
        "epsdiluted": 0.74,
        "weightedAverageShsOut": 1998466257,
        "weightedAverageShsOutDil": 1998466257,
        "link": "",
        "finalLink": ""
    },
    {
        "date": "2000-06-30",
        "symbol": "E",
        "reportedCurrency": "EUR",
        "cik": "0001002242",
        "fillingDate": "2000-06-30",
        "acceptedDate": "2000-06-29 20:00:00",
        "calendarYear": "2000",
        "period": "Q2",
        "revenue": 11309603000,
        "costOfRevenue": 7249988000,
        "grossProfit": 4059615000,
        "grossProfitRatio": 0.3589529379,
        "researchAndDevelopmentExpenses": 0,
        "generalAndAdministrativeExpenses": 0,
        "sellingAndMarketingExpenses": 0,
        "sellingGeneralAndAdministrativeExpenses": 699173000,
        "otherExpenses": 1165289000,
        "operatingExpenses": 1864463000,
        "costAndExpenses": 9114450000,
        "interestIncome": 0,
        "interestExpense": 0,
        "depreciationAndAmortization": 1018316000,
        "ebitda": 3360442000,
        "ebitdaratio": 0.2971317182,
        "operatingIncome": 2195153000,
        "operatingIncomeRatio": 0.194096352,
        "totalOtherIncomeExpensesNet": 173219000,
        "incomeBeforeTax": 2368371000,
        "incomeBeforeTaxRatio": 0.2094124199,
        "incomeTaxExpense": 1062408000,
        "netIncome": 1305964000,
        "netIncomeRatio": 0.1154738699,
        "eps": 0.66,
        "epsdiluted": 0.66,
        "weightedAverageShsOut": 2000532413,
        "weightedAverageShsOutDil": 2000532413,
        "link": "",
        "finalLink": ""
    },
    {
        "date": "2000-03-31",
        "symbol": "E",
        "reportedCurrency": "EUR",
        "cik": "0001002242",
        "fillingDate": "2000-03-31",
        "acceptedDate": "2000-03-30 19:00:00",
        "calendarYear": "2000",
        "period": "Q1",
        "revenue": 11271790000,
        "costOfRevenue": 0,
        "grossProfit": 0,
        "grossProfitRatio": 0,
        "researchAndDevelopmentExpenses": 0,
        "generalAndAdministrativeExpenses": 0,
        "sellingAndMarketingExpenses": 0,
        "sellingGeneralAndAdministrativeExpenses": 0,
        "otherExpenses": 11271790000,
        "operatingExpenses": 11271790000,
        "costAndExpenses": 11271790000,
        "interestIncome": 0,
        "interestExpense": 0,
        "depreciationAndAmortization": 0,
        "ebitda": 11271790000,
        "ebitdaratio": 1,
        "operatingIncome": 11271790000,
        "operatingIncomeRatio": 1,
        "totalOtherIncomeExpensesNet": -11271790000,
        "incomeBeforeTax": 0,
        "incomeBeforeTaxRatio": 0,
        "incomeTaxExpense": 0,
        "netIncome": 1301597000,
        "netIncomeRatio": 0.1154738511,
        "eps": 0.66,
        "epsdiluted": 0.66,
        "weightedAverageShsOut": 1993589743,
        "weightedAverageShsOutDil": 1993589743,
        "link": "",
        "finalLink": ""
    },
    {
        "date": "1999-12-31",
        "symbol": "E",
        "reportedCurrency": "EUR",
        "cik": "0001002242",
        "fillingDate": "1999-12-31",
        "acceptedDate": "1999-12-30 19:00:00",
        "calendarYear": "1999",
        "period": "Q4",
        "revenue": 9662751000,
        "costOfRevenue": 0,
        "grossProfit": 0,
        "grossProfitRatio": 0,
        "researchAndDevelopmentExpenses": 0,
        "generalAndAdministrativeExpenses": 0,
        "sellingAndMarketingExpenses": 0,
        "sellingGeneralAndAdministrativeExpenses": 0,
        "otherExpenses": 9662751000,
        "operatingExpenses": 9662751000,
        "costAndExpenses": 9662751000,
        "interestIncome": 0,
        "interestExpense": 0,
        "depreciationAndAmortization": 0,
        "ebitda": -16836660000,
        "ebitdaratio": -1.7424292523,
        "operatingIncome": -16836660000,
        "operatingIncomeRatio": -1.7424292523,
        "totalOtherIncomeExpensesNet": 16836660000,
        "incomeBeforeTax": 0,
        "incomeBeforeTaxRatio": 0,
        "incomeTaxExpense": 0,
        "netIncome": 939939000,
        "netIncomeRatio": 0.0972744718,
        "eps": 0.46,
        "epsdiluted": 0.46,
        "weightedAverageShsOut": 1970522043,
        "weightedAverageShsOutDil": 1970522043,
        "link": "",
        "finalLink": ""
    },
    {
        "date": "1999-09-30",
        "symbol": "E",
        "reportedCurrency": "EUR",
        "cik": "0001002242",
        "fillingDate": "1999-09-30",
        "acceptedDate": "1999-09-29 20:00:00",
        "calendarYear": "1999",
        "period": "Q3",
        "revenue": 7835776000,
        "costOfRevenue": 0,
        "grossProfit": 0,
        "grossProfitRatio": 0,
        "researchAndDevelopmentExpenses": 0,
        "generalAndAdministrativeExpenses": 0,
        "sellingAndMarketingExpenses": 0,
        "sellingGeneralAndAdministrativeExpenses": 0,
        "otherExpenses": 7835776000,
        "operatingExpenses": 7835776000,
        "costAndExpenses": 7835776000,
        "interestIncome": 0,
        "interestExpense": 0,
        "depreciationAndAmortization": 0,
        "ebitda": 7835776000,
        "ebitdaratio": 1,
        "operatingIncome": 7835776000,
        "operatingIncomeRatio": 1,
        "totalOtherIncomeExpensesNet": -7835776000,
        "incomeBeforeTax": 0,
        "incomeBeforeTaxRatio": 0,
        "incomeTaxExpense": 0,
        "netIncome": 772541000,
        "netIncomeRatio": 0.0985915115,
        "eps": 0.38,
        "epsdiluted": 0.38,
        "weightedAverageShsOut": 2004854369,
        "weightedAverageShsOutDil": 2004854369,
        "link": "",
        "finalLink": ""
    },
    {
        "date": "1999-06-30",
        "symbol": "E",
        "reportedCurrency": "EUR",
        "cik": "0001002242",
        "fillingDate": "1999-06-30",
        "acceptedDate": "1999-06-29 20:00:00",
        "calendarYear": "1999",
        "period": "Q2",
        "revenue": 6987803550,
        "costOfRevenue": 4434446900,
        "grossProfit": 2553356650,
        "grossProfitRatio": 0.3654018937,
        "researchAndDevelopmentExpenses": 0,
        "generalAndAdministrativeExpenses": 0,
        "sellingAndMarketingExpenses": 0,
        "sellingGeneralAndAdministrativeExpenses": 704624050,
        "otherExpenses": 944167250,
        "operatingExpenses": 1648791300,
        "costAndExpenses": 6083238200,
        "interestIncome": 0,
        "interestExpense": 0,
        "depreciationAndAmortization": 867861150,
        "ebitda": 1848732600,
        "ebitdaratio": 0.2645656231,
        "operatingIncome": 904565350,
        "operatingIncomeRatio": 0.1294491672,
        "totalOtherIncomeExpensesNet": 146333850,
        "incomeBeforeTax": 1050899200,
        "incomeBeforeTaxRatio": 0.15039049,
        "incomeTaxExpense": 458802500,
        "netIncome": 592096700,
        "netIncomeRatio": 0.0847328772,
        "eps": 0.3,
        "epsdiluted": 0.3,
        "weightedAverageShsOut": 1990259740,
        "weightedAverageShsOutDil": 1990259740,
        "link": "",
        "finalLink": ""
    },
    {
        "date": "1999-03-31",
        "symbol": "E",
        "reportedCurrency": "EUR",
        "cik": "0001002242",
        "fillingDate": "1999-03-31",
        "acceptedDate": "1999-03-30 19:00:00",
        "calendarYear": "1999",
        "period": "Q1",
        "revenue": 6720416000,
        "costOfRevenue": 0,
        "grossProfit": 0,
        "grossProfitRatio": 0,
        "researchAndDevelopmentExpenses": 0,
        "generalAndAdministrativeExpenses": 0,
        "sellingAndMarketingExpenses": 0,
        "sellingGeneralAndAdministrativeExpenses": 0,
        "otherExpenses": 6720416000,
        "operatingExpenses": 6720416000,
        "costAndExpenses": 6720416000,
        "interestIncome": 0,
        "interestExpense": 0,
        "depreciationAndAmortization": 0,
        "ebitda": 6720416000,
        "ebitdaratio": 1,
        "operatingIncome": 6720416000,
        "operatingIncomeRatio": 1,
        "totalOtherIncomeExpensesNet": -6720416000,
        "incomeBeforeTax": 0,
        "incomeBeforeTaxRatio": 0,
        "incomeTaxExpense": 0,
        "netIncome": 569440000,
        "netIncomeRatio": 0.0847328499,
        "eps": 0.28,
        "epsdiluted": 0.28,
        "weightedAverageShsOut": 1990259740,
        "weightedAverageShsOutDil": 1990259740,
        "link": "",
        "finalLink": ""
    },
    {
        "date": "1998-12-31",
        "symbol": "E",
        "reportedCurrency": "EUR",
        "cik": "0001002242",
        "fillingDate": "1998-12-31",
        "acceptedDate": "1998-12-30 19:00:00",
        "calendarYear": "1998",
        "period": "Q4",
        "revenue": 7174565000,
        "costOfRevenue": 0,
        "grossProfit": 0,
        "grossProfitRatio": 0,
        "researchAndDevelopmentExpenses": 0,
        "generalAndAdministrativeExpenses": 0,
        "sellingAndMarketingExpenses": 0,
        "sellingGeneralAndAdministrativeExpenses": 0,
        "otherExpenses": 7174565000,
        "operatingExpenses": 7174565000,
        "costAndExpenses": 7174565000,
        "interestIncome": 0,
        "interestExpense": 0,
        "depreciationAndAmortization": 0,
        "ebitda": -18036886000,
        "ebitdaratio": -2.5140041243,
        "operatingIncome": -18036886000,
        "operatingIncomeRatio": -2.5140041243,
        "totalOtherIncomeExpensesNet": 18036886000,
        "incomeBeforeTax": 0,
        "incomeBeforeTaxRatio": 0,
        "incomeTaxExpense": 0,
        "netIncome": 589168000,
        "netIncomeRatio": 0.0821189856,
        "eps": 0.3,
        "epsdiluted": 0.3,
        "weightedAverageShsOut": 1979731758,
        "weightedAverageShsOutDil": 1979731758,
        "link": "",
        "finalLink": ""
    },
    {
        "date": "1998-09-30",
        "symbol": "E",
        "reportedCurrency": "EUR",
        "cik": "0001002242",
        "fillingDate": "1998-09-30",
        "acceptedDate": "1998-09-29 20:00:00",
        "calendarYear": "1998",
        "period": "Q3",
        "revenue": 7038045000,
        "costOfRevenue": 0,
        "grossProfit": 0,
        "grossProfitRatio": 0,
        "researchAndDevelopmentExpenses": 0,
        "generalAndAdministrativeExpenses": 0,
        "sellingAndMarketingExpenses": 0,
        "sellingGeneralAndAdministrativeExpenses": 0,
        "otherExpenses": 7038045000,
        "operatingExpenses": 7038045000,
        "costAndExpenses": 7038045000,
        "interestIncome": 0,
        "interestExpense": 0,
        "depreciationAndAmortization": 0,
        "ebitda": 7038045000,
        "ebitdaratio": 1,
        "operatingIncome": 7038045000,
        "operatingIncomeRatio": 1,
        "totalOtherIncomeExpensesNet": -7038045000,
        "incomeBeforeTax": 0,
        "incomeBeforeTaxRatio": 0,
        "incomeTaxExpense": 0,
        "netIncome": 578110000,
        "netIncomeRatio": 0.0821407081,
        "eps": 0.28,
        "epsdiluted": 0.28,
        "weightedAverageShsOut": 2003823529,
        "weightedAverageShsOutDil": 2003823529,
        "link": "",
        "finalLink": ""
    },
    {
        "date": "1998-06-30",
        "symbol": "E",
        "reportedCurrency": "EUR",
        "cik": "0001002242",
        "fillingDate": "1998-06-30",
        "acceptedDate": "1998-06-29 20:00:00",
        "calendarYear": "1998",
        "period": "Q2",
        "revenue": 7554034000,
        "costOfRevenue": 0,
        "grossProfit": 0,
        "grossProfitRatio": 0,
        "researchAndDevelopmentExpenses": 0,
        "generalAndAdministrativeExpenses": 0,
        "sellingAndMarketingExpenses": 0,
        "sellingGeneralAndAdministrativeExpenses": 0,
        "otherExpenses": 7554034000,
        "operatingExpenses": 7554034000,
        "costAndExpenses": 7554034000,
        "interestIncome": 0,
        "interestExpense": 0,
        "depreciationAndAmortization": 0,
        "ebitda": 7554034000,
        "ebitdaratio": 1,
        "operatingIncome": 7554034000,
        "operatingIncomeRatio": 1,
        "totalOtherIncomeExpensesNet": -7554034000,
        "incomeBeforeTax": 0,
        "incomeBeforeTaxRatio": 0,
        "incomeTaxExpense": 0,
        "netIncome": 620494000,
        "netIncomeRatio": 0.0821407476,
        "eps": 0.3,
        "epsdiluted": 0.3,
        "weightedAverageShsOut": 2003823529,
        "weightedAverageShsOutDil": 2003823529,
        "link": "",
        "finalLink": ""
    },
    {
        "date": "1998-03-31",
        "symbol": "E",
        "reportedCurrency": "EUR",
        "cik": "0001002242",
        "fillingDate": "1998-03-31",
        "acceptedDate": "1998-03-30 19:00:00",
        "calendarYear": "1998",
        "period": "Q1",
        "revenue": 7701340000,
        "costOfRevenue": 0,
        "grossProfit": 0,
        "grossProfitRatio": 0,
        "researchAndDevelopmentExpenses": 0,
        "generalAndAdministrativeExpenses": 0,
        "sellingAndMarketingExpenses": 0,
        "sellingGeneralAndAdministrativeExpenses": 0,
        "otherExpenses": 7701340000,
        "operatingExpenses": 7701340000,
        "costAndExpenses": 7701340000,
        "interestIncome": 0,
        "interestExpense": 0,
        "depreciationAndAmortization": 0,
        "ebitda": 7701340000,
        "ebitdaratio": 1,
        "operatingIncome": 7701340000,
        "operatingIncomeRatio": 1,
        "totalOtherIncomeExpensesNet": -7701340000,
        "incomeBeforeTax": 0,
        "incomeBeforeTaxRatio": 0,
        "incomeTaxExpense": 0,
        "netIncome": 632594000,
        "netIncomeRatio": 0.0821407703,
        "eps": 0.32,
        "epsdiluted": 0.32,
        "weightedAverageShsOut": 2003823529,
        "weightedAverageShsOutDil": 2003823529,
        "link": "",
        "finalLink": ""
    },
    {
        "date": "1997-12-31",
        "symbol": "E",
        "reportedCurrency": "EUR",
        "cik": "0001002242",
        "fillingDate": "1997-12-31",
        "acceptedDate": "1997-12-30 19:00:00",
        "calendarYear": "1997",
        "period": "Q4",
        "revenue": 7986140000,
        "costOfRevenue": 0,
        "grossProfit": 0,
        "grossProfitRatio": 0,
        "researchAndDevelopmentExpenses": 0,
        "generalAndAdministrativeExpenses": 0,
        "sellingAndMarketingExpenses": 0,
        "sellingGeneralAndAdministrativeExpenses": 0,
        "otherExpenses": 7986140000,
        "operatingExpenses": 7986140000,
        "costAndExpenses": 7986140000,
        "interestIncome": 0,
        "interestExpense": 0,
        "depreciationAndAmortization": 0,
        "ebitda": -18512015000,
        "ebitdaratio": -2.3180178409,
        "operatingIncome": -18512015000,
        "operatingIncomeRatio": -2.3180178409,
        "totalOtherIncomeExpensesNet": 18512015000,
        "incomeBeforeTax": 0,
        "incomeBeforeTaxRatio": 0,
        "incomeTaxExpense": 0,
        "netIncome": 673008000,
        "netIncomeRatio": 0.0842720012,
        "eps": 0.34,
        "epsdiluted": 0.34,
        "weightedAverageShsOut": 1964212707,
        "weightedAverageShsOutDil": 1964212707,
        "link": "",
        "finalLink": ""
    },
    {
        "date": "1997-09-30",
        "symbol": "E",
        "reportedCurrency": "EUR",
        "cik": "0001002242",
        "fillingDate": "1997-09-30",
        "acceptedDate": "1997-09-29 20:00:00",
        "calendarYear": "1997",
        "period": "Q3",
        "revenue": 7738852000,
        "costOfRevenue": 0,
        "grossProfit": 0,
        "grossProfitRatio": 0,
        "researchAndDevelopmentExpenses": 0,
        "generalAndAdministrativeExpenses": 0,
        "sellingAndMarketingExpenses": 0,
        "sellingGeneralAndAdministrativeExpenses": 0,
        "otherExpenses": 7738852000,
        "operatingExpenses": 7738852000,
        "costAndExpenses": 7738852000,
        "interestIncome": 0,
        "interestExpense": 0,
        "depreciationAndAmortization": 0,
        "ebitda": 7738852000,
        "ebitdaratio": 1,
        "operatingIncome": 7738852000,
        "operatingIncomeRatio": 1,
        "totalOtherIncomeExpensesNet": -7738852000,
        "incomeBeforeTax": 0,
        "incomeBeforeTaxRatio": 0,
        "incomeTaxExpense": 0,
        "netIncome": 652330000,
        "netIncomeRatio": 0.0842928641,
        "eps": 0.32,
        "epsdiluted": 0.32,
        "weightedAverageShsOut": 2009166666,
        "weightedAverageShsOutDil": 2009166666,
        "link": "",
        "finalLink": ""
    },
    {
        "date": "1997-06-30",
        "symbol": "E",
        "reportedCurrency": "EUR",
        "cik": "0001002242",
        "fillingDate": "1997-06-30",
        "acceptedDate": "1997-06-29 20:00:00",
        "calendarYear": "1997",
        "period": "Q2",
        "revenue": 7617262000,
        "costOfRevenue": 0,
        "grossProfit": 0,
        "grossProfitRatio": 0,
        "researchAndDevelopmentExpenses": 0,
        "generalAndAdministrativeExpenses": 0,
        "sellingAndMarketingExpenses": 0,
        "sellingGeneralAndAdministrativeExpenses": 0,
        "otherExpenses": 7617262000,
        "operatingExpenses": 7617262000,
        "costAndExpenses": 7617262000,
        "interestIncome": 0,
        "interestExpense": 0,
        "depreciationAndAmortization": 0,
        "ebitda": 7617262000,
        "ebitdaratio": 1,
        "operatingIncome": 7617262000,
        "operatingIncomeRatio": 1,
        "totalOtherIncomeExpensesNet": -7617262000,
        "incomeBeforeTax": 0,
        "incomeBeforeTaxRatio": 0,
        "incomeTaxExpense": 0,
        "netIncome": 642081000,
        "netIncomeRatio": 0.0842928863,
        "eps": 0.32,
        "epsdiluted": 0.32,
        "weightedAverageShsOut": 2009166666,
        "weightedAverageShsOutDil": 2009166666,
        "link": "",
        "finalLink": ""
    },
    {
        "date": "1997-03-31",
        "symbol": "E",
        "reportedCurrency": "EUR",
        "cik": "0001002242",
        "fillingDate": "1997-03-31",
        "acceptedDate": "1997-03-30 19:00:00",
        "calendarYear": "1997",
        "period": "Q1",
        "revenue": 7397250000,
        "costOfRevenue": 0,
        "grossProfit": 0,
        "grossProfitRatio": 0,
        "researchAndDevelopmentExpenses": 0,
        "generalAndAdministrativeExpenses": 0,
        "sellingAndMarketingExpenses": 0,
        "sellingGeneralAndAdministrativeExpenses": 0,
        "otherExpenses": 7397250000,
        "operatingExpenses": 7397250000,
        "costAndExpenses": 7397250000,
        "interestIncome": 0,
        "interestExpense": 0,
        "depreciationAndAmortization": 0,
        "ebitda": 7397250000,
        "ebitdaratio": 1,
        "operatingIncome": 7397250000,
        "operatingIncomeRatio": 1,
        "totalOtherIncomeExpensesNet": -7397250000,
        "incomeBeforeTax": 0,
        "incomeBeforeTaxRatio": 0,
        "incomeTaxExpense": 0,
        "netIncome": 623535000,
        "netIncomeRatio": 0.0842928115,
        "eps": 0.32,
        "epsdiluted": 0.32,
        "weightedAverageShsOut": 2009166666,
        "weightedAverageShsOutDil": 2009166666,
        "link": "",
        "finalLink": ""
    },
    {
        "date": "1996-12-31",
        "symbol": "E",
        "reportedCurrency": "EUR",
        "cik": "0001002242",
        "fillingDate": "1996-12-31",
        "acceptedDate": "1996-12-30 19:00:00",
        "calendarYear": "1996",
        "period": "Q4",
        "revenue": 7700614000,
        "costOfRevenue": 0,
        "grossProfit": 0,
        "grossProfitRatio": 0,
        "researchAndDevelopmentExpenses": 0,
        "generalAndAdministrativeExpenses": 0,
        "sellingAndMarketingExpenses": 0,
        "sellingGeneralAndAdministrativeExpenses": 0,
        "otherExpenses": 7700614000,
        "operatingExpenses": 7700614000,
        "costAndExpenses": 7700614000,
        "interestIncome": 0,
        "interestExpense": 0,
        "depreciationAndAmortization": 0,
        "ebitda": -17987928000,
        "ebitdaratio": -2.3359082795,
        "operatingIncome": -17987928000,
        "operatingIncomeRatio": -2.3359082795,
        "totalOtherIncomeExpensesNet": 17987928000,
        "incomeBeforeTax": 0,
        "incomeBeforeTaxRatio": 0,
        "incomeTaxExpense": 0,
        "netIncome": 594189000,
        "netIncomeRatio": 0.0771612497,
        "eps": 0.28,
        "epsdiluted": 0.28,
        "weightedAverageShsOut": 2098206416,
        "weightedAverageShsOutDil": 2098206416,
        "link": "",
        "finalLink": ""
    },
    {
        "date": "1996-09-30",
        "symbol": "E",
        "reportedCurrency": "EUR",
        "cik": "0001002242",
        "fillingDate": "1996-09-30",
        "acceptedDate": "1996-09-29 20:00:00",
        "calendarYear": "1996",
        "period": "Q3",
        "revenue": 7603184000,
        "costOfRevenue": 0,
        "grossProfit": 0,
        "grossProfitRatio": 0,
        "researchAndDevelopmentExpenses": 0,
        "generalAndAdministrativeExpenses": 0,
        "sellingAndMarketingExpenses": 0,
        "sellingGeneralAndAdministrativeExpenses": 0,
        "otherExpenses": 7603184000,
        "operatingExpenses": 7603184000,
        "costAndExpenses": 7603184000,
        "interestIncome": 0,
        "interestExpense": 0,
        "depreciationAndAmortization": 0,
        "ebitda": 7603184000,
        "ebitdaratio": 1,
        "operatingIncome": 7603184000,
        "operatingIncomeRatio": 1,
        "totalOtherIncomeExpensesNet": -7603184000,
        "incomeBeforeTax": 0,
        "incomeBeforeTaxRatio": 0,
        "incomeTaxExpense": 0,
        "netIncome": 586659000,
        "netIncomeRatio": 0.0771596479,
        "eps": 0.3,
        "epsdiluted": 0.3,
        "weightedAverageShsOut": 1969086021,
        "weightedAverageShsOutDil": 1969086021,
        "link": "",
        "finalLink": ""
    },
    {
        "date": "1996-06-30",
        "symbol": "E",
        "reportedCurrency": "EUR",
        "cik": "0001002242",
        "fillingDate": "1996-06-30",
        "acceptedDate": "1996-06-29 20:00:00",
        "calendarYear": "1996",
        "period": "Q2",
        "revenue": 7617804000,
        "costOfRevenue": 0,
        "grossProfit": 0,
        "grossProfitRatio": 0,
        "researchAndDevelopmentExpenses": 0,
        "generalAndAdministrativeExpenses": 0,
        "sellingAndMarketingExpenses": 0,
        "sellingGeneralAndAdministrativeExpenses": 0,
        "otherExpenses": 7617804000,
        "operatingExpenses": 7617804000,
        "costAndExpenses": 7617804000,
        "interestIncome": 0,
        "interestExpense": 0,
        "depreciationAndAmortization": 0,
        "ebitda": 7617804000,
        "ebitdaratio": 1,
        "operatingIncome": 7617804000,
        "operatingIncomeRatio": 1,
        "totalOtherIncomeExpensesNet": -7617804000,
        "incomeBeforeTax": 0,
        "incomeBeforeTaxRatio": 0,
        "incomeTaxExpense": 0,
        "netIncome": 587787000,
        "netIncomeRatio": 0.0771596381,
        "eps": 0.3,
        "epsdiluted": 0.3,
        "weightedAverageShsOut": 1969086021,
        "weightedAverageShsOutDil": 1969086021,
        "link": "",
        "finalLink": ""
    },
    {
        "date": "1996-03-31",
        "symbol": "E",
        "reportedCurrency": "EUR",
        "cik": "0001002242",
        "fillingDate": "1996-03-31",
        "acceptedDate": "1996-03-30 19:00:00",
        "calendarYear": "1996",
        "period": "Q1",
        "revenue": 7556002000,
        "costOfRevenue": 0,
        "grossProfit": 0,
        "grossProfitRatio": 0,
        "researchAndDevelopmentExpenses": 0,
        "generalAndAdministrativeExpenses": 0,
        "sellingAndMarketingExpenses": 0,
        "sellingGeneralAndAdministrativeExpenses": 0,
        "otherExpenses": 7556002000,
        "operatingExpenses": 7556002000,
        "costAndExpenses": 7556002000,
        "interestIncome": 0,
        "interestExpense": 0,
        "depreciationAndAmortization": 0,
        "ebitda": 7556002000,
        "ebitdaratio": 1,
        "operatingIncome": 7556002000,
        "operatingIncomeRatio": 1,
        "totalOtherIncomeExpensesNet": -7556002000,
        "incomeBeforeTax": 0,
        "incomeBeforeTaxRatio": 0,
        "incomeTaxExpense": 0,
        "netIncome": 583019000,
        "netIncomeRatio": 0.0771597202,
        "eps": 0.3,
        "epsdiluted": 0.3,
        "weightedAverageShsOut": 1969086021,
        "weightedAverageShsOutDil": 1969086021,
        "link": "",
        "finalLink": ""
    },
    {
        "date": "1995-12-31",
        "symbol": "E",
        "reportedCurrency": "EUR",
        "cik": "0001002242",
        "fillingDate": "1995-12-31",
        "acceptedDate": "1995-12-30 19:00:00",
        "calendarYear": "1995",
        "period": "Q4",
        "revenue": 7385343000,
        "costOfRevenue": 0,
        "grossProfit": 0,
        "grossProfitRatio": 0,
        "researchAndDevelopmentExpenses": 0,
        "generalAndAdministrativeExpenses": 0,
        "sellingAndMarketingExpenses": 0,
        "sellingGeneralAndAdministrativeExpenses": 0,
        "otherExpenses": 7385343000,
        "operatingExpenses": 7385343000,
        "costAndExpenses": 7385343000,
        "interestIncome": 0,
        "interestExpense": 0,
        "depreciationAndAmortization": 0,
        "ebitda": -16194456000,
        "ebitdaratio": -2.1927831923,
        "operatingIncome": -16194456000,
        "operatingIncomeRatio": -2.1927831923,
        "totalOtherIncomeExpensesNet": 16194456000,
        "incomeBeforeTax": 0,
        "incomeBeforeTaxRatio": 0,
        "incomeTaxExpense": 0,
        "netIncome": 561795000,
        "netIncomeRatio": 0.0760689111,
        "eps": 0.28,
        "epsdiluted": 0.28,
        "weightedAverageShsOut": 2008800518,
        "weightedAverageShsOutDil": 2008800518,
        "link": "",
        "finalLink": ""
    },
    {
        "date": "1995-09-30",
        "symbol": "E",
        "reportedCurrency": "EUR",
        "cik": "0001002242",
        "fillingDate": "1995-09-30",
        "acceptedDate": "1995-09-29 20:00:00",
        "calendarYear": "1995",
        "period": "Q3",
        "revenue": 6875067000,
        "costOfRevenue": 0,
        "grossProfit": 0,
        "grossProfitRatio": 0,
        "researchAndDevelopmentExpenses": 0,
        "generalAndAdministrativeExpenses": 0,
        "sellingAndMarketingExpenses": 0,
        "sellingGeneralAndAdministrativeExpenses": 0,
        "otherExpenses": 6875067000,
        "operatingExpenses": 6875067000,
        "costAndExpenses": 6875067000,
        "interestIncome": 0,
        "interestExpense": 0,
        "depreciationAndAmortization": 0,
        "ebitda": 6875067000,
        "ebitdaratio": 1,
        "operatingIncome": 6875067000,
        "operatingIncomeRatio": 1,
        "totalOtherIncomeExpensesNet": -6875067000,
        "incomeBeforeTax": 0,
        "incomeBeforeTaxRatio": 0,
        "incomeTaxExpense": 0,
        "netIncome": 522973000,
        "netIncomeRatio": 0.0760680587,
        "eps": 0.26,
        "epsdiluted": 0.26,
        "weightedAverageShsOut": 2008823529,
        "weightedAverageShsOutDil": 2008823529,
        "link": "",
        "finalLink": ""
    },
    {
        "date": "1995-06-30",
        "symbol": "E",
        "reportedCurrency": "EUR",
        "cik": "0001002242",
        "fillingDate": "1995-06-30",
        "acceptedDate": "1995-06-29 20:00:00",
        "calendarYear": "1995",
        "period": "Q2",
        "revenue": 6750980000,
        "costOfRevenue": 0,
        "grossProfit": 0,
        "grossProfitRatio": 0,
        "researchAndDevelopmentExpenses": 0,
        "generalAndAdministrativeExpenses": 0,
        "sellingAndMarketingExpenses": 0,
        "sellingGeneralAndAdministrativeExpenses": 0,
        "otherExpenses": 6750980000,
        "operatingExpenses": 6750980000,
        "costAndExpenses": 6750980000,
        "interestIncome": 0,
        "interestExpense": 0,
        "depreciationAndAmortization": 0,
        "ebitda": 6750980000,
        "ebitdaratio": 1,
        "operatingIncome": 6750980000,
        "operatingIncomeRatio": 1,
        "totalOtherIncomeExpensesNet": -6750980000,
        "incomeBeforeTax": 0,
        "incomeBeforeTaxRatio": 0,
        "incomeTaxExpense": 0,
        "netIncome": 513534000,
        "netIncomeRatio": 0.0760680672,
        "eps": 0.26,
        "epsdiluted": 0.26,
        "weightedAverageShsOut": 2008823529,
        "weightedAverageShsOutDil": 2008823529,
        "link": "",
        "finalLink": ""
    },
    {
        "date": "1995-03-31",
        "symbol": "E",
        "reportedCurrency": "EUR",
        "cik": "0001002242",
        "fillingDate": "1995-03-31",
        "acceptedDate": "1995-03-30 19:00:00",
        "calendarYear": "1995",
        "period": "Q1",
        "revenue": 6783663000,
        "costOfRevenue": 0,
        "grossProfit": 0,
        "grossProfitRatio": 0,
        "researchAndDevelopmentExpenses": 0,
        "generalAndAdministrativeExpenses": 0,
        "sellingAndMarketingExpenses": 0,
        "sellingGeneralAndAdministrativeExpenses": 0,
        "otherExpenses": 6783663000,
        "operatingExpenses": 6783663000,
        "costAndExpenses": 6783663000,
        "interestIncome": 0,
        "interestExpense": 0,
        "depreciationAndAmortization": 0,
        "ebitda": 6783663000,
        "ebitdaratio": 1,
        "operatingIncome": 6783663000,
        "operatingIncomeRatio": 1,
        "totalOtherIncomeExpensesNet": -6783663000,
        "incomeBeforeTax": 0,
        "incomeBeforeTaxRatio": 0,
        "incomeTaxExpense": 0,
        "netIncome": 516020000,
        "netIncomeRatio": 0.0760680476,
        "eps": 0.26,
        "epsdiluted": 0.26,
        "weightedAverageShsOut": 2008823529,
        "weightedAverageShsOutDil": 2008823529,
        "link": "",
        "finalLink": ""
    }
]