[
    {
        "date": "2025-06-30",
        "symbol": "EC",
        "reportedCurrency": "COP",
        "cik": "0001444406",
        "fillingDate": "2025-08-13",
        "acceptedDate": "2025-08-12 19:54:26",
        "calendarYear": "2025",
        "period": "Q2",
        "revenue": 29669000000000,
        "costOfRevenue": 21161000000000,
        "grossProfit": 8508000000000,
        "grossProfitRatio": 0.2867639624,
        "researchAndDevelopmentExpenses": 0,
        "generalAndAdministrativeExpenses": 2584000000000,
        "sellingAndMarketingExpenses": 0,
        "sellingGeneralAndAdministrativeExpenses": 2584000000000,
        "otherExpenses": 287000000000,
        "operatingExpenses": 2871000000000,
        "costAndExpenses": 24032000000000,
        "interestIncome": 0,
        "interestExpense": 2235605863000,
        "depreciationAndAmortization": 4494000000000,
        "ebitda": 10131000000000,
        "ebitdaratio": 0.341467525,
        "operatingIncome": 5637000000000,
        "operatingIncomeRatio": 0.1899962924,
        "totalOtherIncomeExpensesNet": -1896000000000,
        "incomeBeforeTax": 3741000000000,
        "incomeBeforeTaxRatio": 0.1260912063,
        "incomeTaxExpense": 1285000000000,
        "netIncome": 1811000000000,
        "netIncomeRatio": 0.0610401429,
        "eps": 880.91,
        "epsdiluted": 880.91,
        "weightedAverageShsOut": 2055834750,
        "weightedAverageShsOutDil": 2055834750,
        "link": "https://www.sec.gov/Archives/edgar/data/1444406/000129281425003039/0001292814-25-003039-index.htm",
        "finalLink": "https://www.sec.gov/Archives/edgar/data/1444406/000129281425003039/ex99-1.htm"
    },
    {
        "date": "2025-03-31",
        "symbol": "EC",
        "reportedCurrency": "COP",
        "cik": "0001444406",
        "fillingDate": "2025-03-31",
        "acceptedDate": "2025-03-31 00:00:00",
        "calendarYear": "2025",
        "period": "Q1",
        "revenue": 31365000000000,
        "costOfRevenue": 20705000000000,
        "grossProfit": 10660000000000,
        "grossProfitRatio": 0.339869281,
        "researchAndDevelopmentExpenses": 0,
        "generalAndAdministrativeExpenses": 0,
        "sellingAndMarketingExpenses": 0,
        "sellingGeneralAndAdministrativeExpenses": 0,
        "otherExpenses": 2280000000000,
        "operatingExpenses": 2280000000000,
        "costAndExpenses": 22985000000000,
        "interestIncome": 0,
        "interestExpense": 2334735143000,
        "depreciationAndAmortization": 0,
        "ebitda": 8380000000000,
        "ebitdaratio": 0.2671767894,
        "operatingIncome": 8380000000000,
        "operatingIncomeRatio": 0.2671767894,
        "totalOtherIncomeExpensesNet": -2209000000000,
        "incomeBeforeTax": 6171000000000,
        "incomeBeforeTaxRatio": 0.1967479675,
        "incomeTaxExpense": 1939000000000,
        "netIncome": 3127000000000,
        "netIncomeRatio": 0.0996971146,
        "eps": 1521.04,
        "epsdiluted": 1521.04,
        "weightedAverageShsOut": 2055834750,
        "weightedAverageShsOutDil": 2055834750,
        "link": null,
        "finalLink": null
    },
    {
        "date": "2024-12-31",
        "symbol": "EC",
        "reportedCurrency": "COP",
        "cik": "0001444406",
        "fillingDate": "2025-04-23",
        "acceptedDate": "2025-04-23 17:06:10",
        "calendarYear": "2024",
        "period": "Q4",
        "revenue": 34794428000000,
        "costOfRevenue": 24193154000000,
        "grossProfit": 10601274000000,
        "grossProfitRatio": 0.3046830947,
        "researchAndDevelopmentExpenses": 0,
        "generalAndAdministrativeExpenses": 0,
        "sellingAndMarketingExpenses": 0,
        "sellingGeneralAndAdministrativeExpenses": 0,
        "otherExpenses": 781277000000,
        "operatingExpenses": 781277000000,
        "costAndExpenses": 24974431000000,
        "interestIncome": 417316893000,
        "interestExpense": 2200543619000,
        "depreciationAndAmortization": 0,
        "ebitda": 11907101000000,
        "ebitdaratio": 0.3422128681,
        "operatingIncome": 9819997000000,
        "operatingIncomeRatio": 0.2822290109,
        "totalOtherIncomeExpensesNet": -2114582000000,
        "incomeBeforeTax": 7705415000000,
        "incomeBeforeTaxRatio": 0.2214554296,
        "incomeTaxExpense": 3790540000000,
        "netIncome": 2804153000000,
        "netIncomeRatio": 0.0805920132,
        "eps": 1896.07,
        "epsdiluted": 1896.07,
        "weightedAverageShsOut": 2055834750,
        "weightedAverageShsOutDil": 2055834750,
        "link": "https://www.sec.gov/Archives/edgar/data/1444406/000141057825000839/0001410578-25-000839-index.htm",
        "finalLink": "https://www.sec.gov/Archives/edgar/data/1444406/000141057825000839/ec-20241231x20f.htm"
    },
    {
        "date": "2024-09-30",
        "symbol": "EC",
        "reportedCurrency": "COP",
        "cik": "0001444406",
        "fillingDate": "2024-09-30",
        "acceptedDate": "2024-09-30 00:00:00",
        "calendarYear": "2024",
        "period": "Q3",
        "revenue": 34607000000000,
        "costOfRevenue": 22644000000000,
        "grossProfit": 11963000000000,
        "grossProfitRatio": 0.3456815095,
        "researchAndDevelopmentExpenses": 0,
        "generalAndAdministrativeExpenses": 0,
        "sellingAndMarketingExpenses": 0,
        "sellingGeneralAndAdministrativeExpenses": 0,
        "otherExpenses": 2657000000000,
        "operatingExpenses": 2657000000000,
        "costAndExpenses": 25301000000000,
        "interestIncome": 480967201000,
        "interestExpense": 1991950722000,
        "depreciationAndAmortization": 0,
        "ebitda": 9306000000000,
        "ebitdaratio": 0.2689051348,
        "operatingIncome": 9306000000000,
        "operatingIncomeRatio": 0.2689051348,
        "totalOtherIncomeExpensesNet": -1935000000000,
        "incomeBeforeTax": 7371000000000,
        "incomeBeforeTaxRatio": 0.2129915913,
        "incomeTaxExpense": 2264000000000,
        "netIncome": 3649000000000,
        "netIncomeRatio": 0.1054410957,
        "eps": 1774.95,
        "epsdiluted": 1774.95,
        "weightedAverageShsOut": 2054715100,
        "weightedAverageShsOutDil": 2054715100,
        "link": null,
        "finalLink": null
    },
    {
        "date": "2024-06-30",
        "symbol": "EC",
        "reportedCurrency": "COP",
        "cik": "0001444406",
        "fillingDate": "2024-06-30",
        "acceptedDate": "2024-06-29 20:00:00",
        "calendarYear": "2024",
        "period": "Q2",
        "revenue": 32627000000000,
        "costOfRevenue": 20580000000000,
        "grossProfit": 12047000000000,
        "grossProfitRatio": 0.3692340699,
        "researchAndDevelopmentExpenses": 0,
        "generalAndAdministrativeExpenses": 2044000000000,
        "sellingAndMarketingExpenses": 0,
        "sellingGeneralAndAdministrativeExpenses": 2044000000000,
        "otherExpenses": 468000000000,
        "operatingExpenses": 2512000000000,
        "costAndExpenses": 23092000000000,
        "interestIncome": 454862841000,
        "interestExpense": 2018942562000,
        "depreciationAndAmortization": 3714000000000,
        "ebitda": 13249000000000,
        "ebitdaratio": 0.4060747234,
        "operatingIncome": 9535000000000,
        "operatingIncomeRatio": 0.2922426211,
        "totalOtherIncomeExpensesNet": -1901000000000,
        "incomeBeforeTax": 7634000000000,
        "incomeBeforeTaxRatio": 0.2339779937,
        "incomeTaxExpense": 3234000000000,
        "netIncome": 3376000000000,
        "netIncomeRatio": 0.1034725841,
        "eps": 1642.16,
        "epsdiluted": 1642.16,
        "weightedAverageShsOut": 2055979293,
        "weightedAverageShsOutDil": 2055979293,
        "link": null,
        "finalLink": null
    },
    {
        "date": "2024-03-31",
        "symbol": "EC",
        "reportedCurrency": "COP",
        "cik": "0001444406",
        "fillingDate": "2024-03-31",
        "acceptedDate": "2024-03-29 20:00:00",
        "calendarYear": "2024",
        "period": "Q1",
        "revenue": 31302000000000,
        "costOfRevenue": 19063000000000,
        "grossProfit": 12239000000000,
        "grossProfitRatio": 0.3909973804,
        "researchAndDevelopmentExpenses": 0,
        "generalAndAdministrativeExpenses": 0,
        "sellingAndMarketingExpenses": 0,
        "sellingGeneralAndAdministrativeExpenses": 0,
        "otherExpenses": 2437000000000,
        "operatingExpenses": 2437000000000,
        "costAndExpenses": 21500000000000,
        "interestIncome": 0,
        "interestExpense": 2024696202000,
        "depreciationAndAmortization": 0,
        "ebitda": 9802000000000,
        "ebitdaratio": 0.3131429302,
        "operatingIncome": 9802000000000,
        "operatingIncomeRatio": 0.3131429302,
        "totalOtherIncomeExpensesNet": -1805000000000,
        "incomeBeforeTax": 7997000000000,
        "incomeBeforeTaxRatio": 0.2554788831,
        "incomeTaxExpense": 2921000000000,
        "netIncome": 4012000000000,
        "netIncomeRatio": 0.1281707239,
        "eps": 1951.52,
        "epsdiluted": 1951.52,
        "weightedAverageShsOut": 2055834734,
        "weightedAverageShsOutDil": 2055834734,
        "link": null,
        "finalLink": null
    },
    {
        "date": "2023-12-31",
        "symbol": "EC",
        "reportedCurrency": "COP",
        "cik": "0001444406",
        "fillingDate": "2024-04-18",
        "acceptedDate": "2024-04-18 17:10:39",
        "calendarYear": "2023",
        "period": "Q4",
        "revenue": 34798256000000,
        "costOfRevenue": 23307025000000,
        "grossProfit": 11491231000000,
        "grossProfitRatio": 0.3302243365,
        "researchAndDevelopmentExpenses": 0,
        "generalAndAdministrativeExpenses": 1558357000000,
        "sellingAndMarketingExpenses": 450513000000,
        "sellingGeneralAndAdministrativeExpenses": 2008870000000,
        "otherExpenses": 3865879000000,
        "operatingExpenses": 5874749000000,
        "costAndExpenses": 29181774000000,
        "interestIncome": 504920970000,
        "interestExpense": 2037352666000,
        "depreciationAndAmortization": 209368000000,
        "ebitda": 6850867000000,
        "ebitdaratio": 0.1968738606,
        "operatingIncome": 5616482000000,
        "operatingIncomeRatio": 0.1614012495,
        "totalOtherIncomeExpensesNet": -1286841000000,
        "incomeBeforeTax": 4329641000000,
        "incomeBeforeTaxRatio": 0.1244212066,
        "incomeTaxExpense": 39003000000,
        "netIncome": 3423120000000,
        "netIncomeRatio": 0.0983704471,
        "eps": 2056.59,
        "epsdiluted": 2056.59,
        "weightedAverageShsOut": 2055834735,
        "weightedAverageShsOutDil": 2055834735,
        "link": "https://www.sec.gov/Archives/edgar/data/1444406/000141057824000515/0001410578-24-000515-index.htm",
        "finalLink": "https://www.sec.gov/Archives/edgar/data/1444406/000141057824000515/ec-20231231x20f.htm"
    },
    {
        "date": "2023-09-30",
        "symbol": "EC",
        "reportedCurrency": "COP",
        "cik": "0001444406",
        "fillingDate": "2023-09-30",
        "acceptedDate": "2023-09-29 20:00:00",
        "calendarYear": "2023",
        "period": "Q3",
        "revenue": 35130000000000,
        "costOfRevenue": 20605000000000,
        "grossProfit": 14525000000000,
        "grossProfitRatio": 0.4134642755,
        "researchAndDevelopmentExpenses": 0,
        "generalAndAdministrativeExpenses": 0,
        "sellingAndMarketingExpenses": 0,
        "sellingGeneralAndAdministrativeExpenses": 0,
        "otherExpenses": 2709000000000,
        "operatingExpenses": 2709000000000,
        "costAndExpenses": 23314000000000,
        "interestIncome": 385859716000,
        "interestExpense": 1913025491000,
        "depreciationAndAmortization": 0,
        "ebitda": 11816000000000,
        "ebitdaratio": 0.3363506974,
        "operatingIncome": 11816000000000,
        "operatingIncomeRatio": 0.3363506974,
        "totalOtherIncomeExpensesNet": -521000000000,
        "incomeBeforeTax": 11295000000000,
        "incomeBeforeTaxRatio": 0.3215200683,
        "incomeTaxExpense": 5307000000000,
        "netIncome": 5086000000000,
        "netIncomeRatio": 0.1447765443,
        "eps": 2473.93,
        "epsdiluted": 2473.93,
        "weightedAverageShsOut": 2055834735,
        "weightedAverageShsOutDil": 2055834735,
        "link": null,
        "finalLink": null
    },
    {
        "date": "2023-06-30",
        "symbol": "EC",
        "reportedCurrency": "COP",
        "cik": "0001444406",
        "fillingDate": "2023-06-30",
        "acceptedDate": "2023-06-29 20:00:00",
        "calendarYear": "2023",
        "period": "Q2",
        "revenue": 34300000000000,
        "costOfRevenue": 21487000000000,
        "grossProfit": 12813000000000,
        "grossProfitRatio": 0.3735568513,
        "researchAndDevelopmentExpenses": 0,
        "generalAndAdministrativeExpenses": 0,
        "sellingAndMarketingExpenses": 0,
        "sellingGeneralAndAdministrativeExpenses": 0,
        "otherExpenses": 2314000000000,
        "operatingExpenses": 2314000000000,
        "costAndExpenses": 23801000000000,
        "interestIncome": 642598625000,
        "interestExpense": 2273594476000,
        "depreciationAndAmortization": 3361531000000,
        "ebitda": 13860531000000,
        "ebitdaratio": 0.4040971137,
        "operatingIncome": 10499000000000,
        "operatingIncomeRatio": 0.3060932945,
        "totalOtherIncomeExpensesNet": -1889000000000,
        "incomeBeforeTax": 8610000000000,
        "incomeBeforeTaxRatio": 0.2510204082,
        "incomeTaxExpense": 3336000000000,
        "netIncome": 4087000000000,
        "netIncomeRatio": 0.119154519,
        "eps": 1988,
        "epsdiluted": 1988,
        "weightedAverageShsOut": 2055834735,
        "weightedAverageShsOutDil": 2055834735,
        "link": null,
        "finalLink": null
    },
    {
        "date": "2023-03-31",
        "symbol": "EC",
        "reportedCurrency": "COP",
        "cik": "0001444406",
        "fillingDate": "2023-03-31",
        "acceptedDate": "2023-03-31 00:00:00",
        "calendarYear": "2023",
        "period": "Q1",
        "revenue": 38854000000000,
        "costOfRevenue": 22779000000000,
        "grossProfit": 16075000000000,
        "grossProfitRatio": 0.4137283163,
        "researchAndDevelopmentExpenses": 0,
        "generalAndAdministrativeExpenses": 1019815000000,
        "sellingAndMarketingExpenses": 406668000000,
        "sellingGeneralAndAdministrativeExpenses": 1426483000000,
        "otherExpenses": 927517000000,
        "operatingExpenses": 2354000000000,
        "costAndExpenses": 25133000000000,
        "interestIncome": 0,
        "interestExpense": 1154111120000,
        "depreciationAndAmortization": 3162768000000,
        "ebitda": 16883768000000,
        "ebitdaratio": 0.4345438822,
        "operatingIncome": 13721000000000,
        "operatingIncomeRatio": 0.3531425336,
        "totalOtherIncomeExpensesNet": -1164000000000,
        "incomeBeforeTax": 12557000000000,
        "incomeBeforeTaxRatio": 0.3231842281,
        "incomeTaxExpense": 5593000000000,
        "netIncome": 5660000000000,
        "netIncomeRatio": 0.1456735471,
        "eps": 2753.14,
        "epsdiluted": 2753.14,
        "weightedAverageShsOut": 2055834735,
        "weightedAverageShsOutDil": 2055834735,
        "link": null,
        "finalLink": null
    },
    {
        "date": "2022-12-31",
        "symbol": "EC",
        "reportedCurrency": "COP",
        "cik": "0001444406",
        "fillingDate": "2023-03-29",
        "acceptedDate": "2023-03-29 17:13:22",
        "calendarYear": "2022",
        "period": "Q4",
        "revenue": 39712284000000,
        "costOfRevenue": 23999907000000,
        "grossProfit": 15712377000000,
        "grossProfitRatio": 0.3956553343,
        "researchAndDevelopmentExpenses": 0,
        "generalAndAdministrativeExpenses": 1319096000000,
        "sellingAndMarketingExpenses": 430071000000,
        "sellingGeneralAndAdministrativeExpenses": 1749167000000,
        "otherExpenses": 2187673000000,
        "operatingExpenses": 3936840000000,
        "costAndExpenses": 27936747000000,
        "interestIncome": 0,
        "interestExpense": 1420903737000,
        "depreciationAndAmortization": 3372165000000,
        "ebitda": 15261000000000,
        "ebitdaratio": 0.3842891535,
        "operatingIncome": 11775537000000,
        "operatingIncomeRatio": 0.2965212729,
        "totalOtherIncomeExpensesNet": -1962351000000,
        "incomeBeforeTax": 9813186000000,
        "incomeBeforeTaxRatio": 0.2471070664,
        "incomeTaxExpense": 2144531000000,
        "netIncome": 6833872000000,
        "netIncomeRatio": 0.1720845872,
        "eps": 3332.47,
        "epsdiluted": 3332.47,
        "weightedAverageShsOut": 2055834735,
        "weightedAverageShsOutDil": 2055834735,
        "link": "https://www.sec.gov/Archives/edgar/data/1444406/000141057823000400/0001410578-23-000400-index.htm",
        "finalLink": "https://www.sec.gov/Archives/edgar/data/1444406/000141057823000400/ec-20221231x20f.htm"
    },
    {
        "date": "2022-09-30",
        "symbol": "EC",
        "reportedCurrency": "COP",
        "cik": "0001444406",
        "fillingDate": "2022-11-08",
        "acceptedDate": "2022-11-08 16:42:47",
        "calendarYear": "2022",
        "period": "Q3",
        "revenue": 43438000000000,
        "costOfRevenue": 24435000000000,
        "grossProfit": 19003000000000,
        "grossProfitRatio": 0.437474101,
        "researchAndDevelopmentExpenses": 0,
        "generalAndAdministrativeExpenses": -912021000000,
        "sellingAndMarketingExpenses": 0,
        "sellingGeneralAndAdministrativeExpenses": -912021000000,
        "otherExpenses": 2693021000000,
        "operatingExpenses": 1781000000000,
        "costAndExpenses": 26216000000000,
        "interestIncome": 0,
        "interestExpense": 1218641448000,
        "depreciationAndAmortization": 3191826000000,
        "ebitda": 20413826000000,
        "ebitdaratio": 0.4699531746,
        "operatingIncome": 17222000000000,
        "operatingIncomeRatio": 0.3964731341,
        "totalOtherIncomeExpensesNet": -1635000000000,
        "incomeBeforeTax": 15587000000000,
        "incomeBeforeTaxRatio": 0.3588332796,
        "incomeTaxExpense": 5115000000000,
        "netIncome": 9513000000000,
        "netIncomeRatio": 0.2190017957,
        "eps": 4627.32,
        "epsdiluted": 4627.32,
        "weightedAverageShsOut": 2055834735,
        "weightedAverageShsOutDil": 2055834735,
        "link": "https://www.sec.gov/Archives/edgar/data/1444406/000129281422004347/0001292814-22-004347-index.htm",
        "finalLink": "https://www.sec.gov/Archives/edgar/data/1444406/000129281422004347/ex99-1.htm"
    },
    {
        "date": "2022-06-30",
        "symbol": "EC",
        "reportedCurrency": "COP",
        "cik": "0001444406",
        "fillingDate": "2022-06-30",
        "acceptedDate": "2022-06-30 00:00:00",
        "calendarYear": "2022",
        "period": "Q2",
        "revenue": 43885000000000,
        "costOfRevenue": 23078000000000,
        "grossProfit": 20807000000000,
        "grossProfitRatio": 0.4741255554,
        "researchAndDevelopmentExpenses": 0,
        "generalAndAdministrativeExpenses": 1752000000000,
        "sellingAndMarketingExpenses": 0,
        "sellingGeneralAndAdministrativeExpenses": 1752000000000,
        "otherExpenses": 447000000000,
        "operatingExpenses": 2199000000000,
        "costAndExpenses": 25277000000000,
        "interestIncome": 186595218000,
        "interestExpense": 1393190819000,
        "depreciationAndAmortization": 2856000000000,
        "ebitda": 21466000000000,
        "ebitdaratio": 0.4891420759,
        "operatingIncome": 18608000000000,
        "operatingIncomeRatio": 0.424017318,
        "totalOtherIncomeExpensesNet": -1754000000000,
        "incomeBeforeTax": 16854000000000,
        "incomeBeforeTaxRatio": 0.3840492196,
        "incomeTaxExpense": 5309000000000,
        "netIncome": 10470000000000,
        "netIncomeRatio": 0.2385781019,
        "eps": 5092.82,
        "epsdiluted": 5092.82,
        "weightedAverageShsOut": 2055834735,
        "weightedAverageShsOutDil": 2055834735,
        "link": null,
        "finalLink": null
    },
    {
        "date": "2022-03-31",
        "symbol": "EC",
        "reportedCurrency": "COP",
        "cik": "0001444406",
        "fillingDate": "2022-03-31",
        "acceptedDate": "2022-03-30 20:00:00",
        "calendarYear": "2022",
        "period": "Q1",
        "revenue": 32472744000000,
        "costOfRevenue": 17937758000000,
        "grossProfit": 14534986000000,
        "grossProfitRatio": 0.4476057213,
        "researchAndDevelopmentExpenses": 0,
        "generalAndAdministrativeExpenses": 841381000000,
        "sellingAndMarketingExpenses": 269844000000,
        "sellingGeneralAndAdministrativeExpenses": 1111225000000,
        "otherExpenses": 894116000000,
        "operatingExpenses": 2005341000000,
        "costAndExpenses": 19943099000000,
        "interestIncome": 151989298000,
        "interestExpense": 1249477091000,
        "depreciationAndAmortization": 2709438000000,
        "ebitda": 15467522000000,
        "ebitdaratio": 0.4763232205,
        "operatingIncome": 12529645000000,
        "operatingIncomeRatio": 0.385851131,
        "totalOtherIncomeExpensesNet": -1321876000000,
        "incomeBeforeTax": 11207769000000,
        "incomeBeforeTaxRatio": 0.3451438844,
        "incomeTaxExpense": 3883866000000,
        "netIncome": 6572640000000,
        "netIncomeRatio": 0.2024048229,
        "eps": 31.98,
        "epsdiluted": 31.98,
        "weightedAverageShsOut": 2055834734,
        "weightedAverageShsOutDil": 2055834734,
        "link": "",
        "finalLink": ""
    },
    {
        "date": "2021-12-31",
        "symbol": "EC",
        "reportedCurrency": "COP",
        "cik": "0001444406",
        "fillingDate": "2022-04-26",
        "acceptedDate": "2022-04-25 17:59:16",
        "calendarYear": "2021",
        "period": "Q4",
        "revenue": 31898204000000,
        "costOfRevenue": 19132776000000,
        "grossProfit": 12765428000000,
        "grossProfitRatio": 0.400192688,
        "researchAndDevelopmentExpenses": 0,
        "generalAndAdministrativeExpenses": -612761000000,
        "sellingAndMarketingExpenses": 686156000000,
        "sellingGeneralAndAdministrativeExpenses": 73395000000,
        "otherExpenses": 2164326000000,
        "operatingExpenses": 2237721000000,
        "costAndExpenses": 21370497000000,
        "interestIncome": 162997300000,
        "interestExpense": 1365666367000,
        "depreciationAndAmortization": 2775922000000,
        "ebitda": 14170691000000,
        "ebitdaratio": 0.4442472999,
        "operatingIncome": 10527707000000,
        "operatingIncomeRatio": 0.3300407446,
        "totalOtherIncomeExpensesNet": -1317890000000,
        "incomeBeforeTax": 9209817000000,
        "incomeBeforeTaxRatio": 0.2887252524,
        "incomeTaxExpense": 3296263000000,
        "netIncome": 5032143000000,
        "netIncomeRatio": 0.1577563113,
        "eps": 2955.98,
        "epsdiluted": 2955.98,
        "weightedAverageShsOut": 2055834735,
        "weightedAverageShsOutDil": 2055834735,
        "link": "https://www.sec.gov/Archives/edgar/data/1444406/000141057822001007/0001410578-22-001007-index.htm",
        "finalLink": "https://www.sec.gov/Archives/edgar/data/1444406/000141057822001007/ec-20211231x20f.htm"
    },
    {
        "date": "2021-09-30",
        "symbol": "EC",
        "reportedCurrency": "COP",
        "cik": "0001444406",
        "fillingDate": "2021-09-30",
        "acceptedDate": "2021-09-29 20:00:00",
        "calendarYear": "2021",
        "period": "Q3",
        "revenue": 23333000000000,
        "costOfRevenue": 14506000000000,
        "grossProfit": 8827000000000,
        "grossProfitRatio": 0.3783054044,
        "researchAndDevelopmentExpenses": 0,
        "generalAndAdministrativeExpenses": 1422000000000,
        "sellingAndMarketingExpenses": 0,
        "sellingGeneralAndAdministrativeExpenses": 1422000000000,
        "otherExpenses": 303000000000,
        "operatingExpenses": 1725000000000,
        "costAndExpenses": 16231000000000,
        "interestIncome": 61922685000,
        "interestExpense": 777818185000,
        "depreciationAndAmortization": 2687000000000,
        "ebitda": 9791000000000,
        "ebitdaratio": 0.4196202803,
        "operatingIncome": 7102000000000,
        "operatingIncomeRatio": 0.3043757768,
        "totalOtherIncomeExpensesNet": -586000000000,
        "incomeBeforeTax": 6516000000000,
        "incomeBeforeTaxRatio": 0.2792611323,
        "incomeTaxExpense": 2193000000000,
        "netIncome": 3807000000000,
        "netIncomeRatio": 0.1631594737,
        "eps": 1851.8,
        "epsdiluted": 1851.8,
        "weightedAverageShsOut": 2055834735,
        "weightedAverageShsOutDil": 2055834735,
        "link": "",
        "finalLink": ""
    },
    {
        "date": "2021-06-30",
        "symbol": "EC",
        "reportedCurrency": "COP",
        "cik": "0001444406",
        "fillingDate": "2021-06-30",
        "acceptedDate": "2021-06-30 00:00:00",
        "calendarYear": "2021",
        "period": "Q2",
        "revenue": 19444000000000,
        "costOfRevenue": 11431000000000,
        "grossProfit": 8013000000000,
        "grossProfitRatio": 0.4121065624,
        "researchAndDevelopmentExpenses": 0,
        "generalAndAdministrativeExpenses": 1391000000000,
        "sellingAndMarketingExpenses": 0,
        "sellingGeneralAndAdministrativeExpenses": 1391000000000,
        "otherExpenses": 66000000000,
        "operatingExpenses": 1457000000000,
        "costAndExpenses": 12888000000000,
        "interestIncome": 44660361000,
        "interestExpense": 650716878000,
        "depreciationAndAmortization": 2396000000000,
        "ebitda": 8951000000000,
        "ebitdaratio": 0.4603476651,
        "operatingIncome": 6556000000000,
        "operatingIncomeRatio": 0.3371734211,
        "totalOtherIncomeExpensesNet": -769000000000,
        "incomeBeforeTax": 5787000000000,
        "incomeBeforeTaxRatio": 0.2976239457,
        "incomeTaxExpense": 1768000000000,
        "netIncome": 3724000000000,
        "netIncomeRatio": 0.1915243777,
        "eps": 1811.43,
        "epsdiluted": 1811.43,
        "weightedAverageShsOut": 2055834735,
        "weightedAverageShsOutDil": 2055834735,
        "link": null,
        "finalLink": null
    },
    {
        "date": "2021-03-31",
        "symbol": "EC",
        "reportedCurrency": "COP",
        "cik": "0001444406",
        "fillingDate": "2021-05-04",
        "acceptedDate": "2021-05-04 17:23:09",
        "calendarYear": "2021",
        "period": "Q1",
        "revenue": 17206000000000,
        "costOfRevenue": 10512000000000,
        "grossProfit": 6694000000000,
        "grossProfitRatio": 0.3890503313,
        "researchAndDevelopmentExpenses": 0,
        "generalAndAdministrativeExpenses": 1015000000000,
        "sellingAndMarketingExpenses": 0,
        "sellingGeneralAndAdministrativeExpenses": 1015000000000,
        "otherExpenses": 166000000000,
        "operatingExpenses": 1181000000000,
        "costAndExpenses": 11693000000000,
        "interestIncome": 24597703000,
        "interestExpense": 591936199000,
        "depreciationAndAmortization": 2302000000000,
        "ebitda": 7813000000000,
        "ebitdaratio": 0.454085784,
        "operatingIncome": 5513000000000,
        "operatingIncomeRatio": 0.3204114844,
        "totalOtherIncomeExpensesNet": -598000000000,
        "incomeBeforeTax": 4915000000000,
        "incomeBeforeTaxRatio": 0.2856561665,
        "incomeTaxExpense": 1537000000000,
        "netIncome": 3086000000000,
        "netIncomeRatio": 0.1793560386,
        "eps": 1501.09,
        "epsdiluted": 1501.09,
        "weightedAverageShsOut": 2055834735,
        "weightedAverageShsOutDil": 2055834735,
        "link": "https://www.sec.gov/Archives/edgar/data/1444406/000129281421002050/0001292814-21-002050-index.htm",
        "finalLink": "https://www.sec.gov/Archives/edgar/data/1444406/000129281421002050/ex99-1.htm"
    },
    {
        "date": "2020-12-31",
        "symbol": "EC",
        "reportedCurrency": "COP",
        "cik": "0001444406",
        "fillingDate": "2021-04-09",
        "acceptedDate": "2021-04-08 21:50:54",
        "calendarYear": "2020",
        "period": "Q4",
        "revenue": 14387393000000,
        "costOfRevenue": 10322472000000,
        "grossProfit": 4064921000000,
        "grossProfitRatio": 0.2825335347,
        "researchAndDevelopmentExpenses": 0,
        "generalAndAdministrativeExpenses": 1287933000000,
        "sellingAndMarketingExpenses": 656432000000,
        "sellingGeneralAndAdministrativeExpenses": 1944365000000,
        "otherExpenses": 1147791000000,
        "operatingExpenses": 3092156000000,
        "costAndExpenses": 13414628000000,
        "interestIncome": 39598083000,
        "interestExpense": 565029279000,
        "depreciationAndAmortization": 2506538000000,
        "ebitda": 4331381000000,
        "ebitdaratio": 0.3010539157,
        "operatingIncome": 972765000000,
        "operatingIncomeRatio": 0.0676123186,
        "totalOtherIncomeExpensesNet": -276251000000,
        "incomeBeforeTax": 696514000000,
        "incomeBeforeTaxRatio": 0.0484114113,
        "incomeTaxExpense": 829661000000,
        "netIncome": 573677000000,
        "netIncomeRatio": 0.0398735893,
        "eps": 328.33,
        "epsdiluted": 328.33,
        "weightedAverageShsOut": 2055834735,
        "weightedAverageShsOutDil": 2055834735,
        "link": "https://www.sec.gov/Archives/edgar/data/1444406/000110465921048256/0001104659-21-048256-index.htm",
        "finalLink": "https://www.sec.gov/Archives/edgar/data/1444406/000110465921048256/tm214046d1_20f.htm"
    },
    {
        "date": "2020-09-30",
        "symbol": "EC",
        "reportedCurrency": "COP",
        "cik": "0001444406",
        "fillingDate": "2020-09-30",
        "acceptedDate": "2020-09-29 20:00:00",
        "calendarYear": "2020",
        "period": "Q3",
        "revenue": 12323000000000,
        "costOfRevenue": 8344000000000,
        "grossProfit": 3979000000000,
        "grossProfitRatio": 0.3228921529,
        "researchAndDevelopmentExpenses": 0,
        "generalAndAdministrativeExpenses": 1202000000000,
        "sellingAndMarketingExpenses": 0,
        "sellingGeneralAndAdministrativeExpenses": 1202000000000,
        "otherExpenses": 99000000000,
        "operatingExpenses": 1301000000000,
        "costAndExpenses": 9645000000000,
        "interestIncome": 79977632000,
        "interestExpense": 724537977000,
        "depreciationAndAmortization": 2299000000000,
        "ebitda": 4977000000000,
        "ebitdaratio": 0.4038789256,
        "operatingIncome": 2678000000000,
        "operatingIncomeRatio": 0.2173172117,
        "totalOtherIncomeExpensesNet": -941000000000,
        "incomeBeforeTax": 1737000000000,
        "incomeBeforeTaxRatio": 0.1409559361,
        "incomeTaxExpense": 576000000000,
        "netIncome": 855000000000,
        "netIncomeRatio": 0.0693824556,
        "eps": 415.89,
        "epsdiluted": 415.89,
        "weightedAverageShsOut": 2055834735,
        "weightedAverageShsOutDil": 2055834735,
        "link": "",
        "finalLink": ""
    },
    {
        "date": "2020-06-30",
        "symbol": "EC",
        "reportedCurrency": "COP",
        "cik": "0001444406",
        "fillingDate": "2020-06-30",
        "acceptedDate": "2020-06-30 00:00:00",
        "calendarYear": "2020",
        "period": "Q2",
        "revenue": 8442000000000,
        "costOfRevenue": 7616000000000,
        "grossProfit": 826000000000,
        "grossProfitRatio": 0.0978441128,
        "researchAndDevelopmentExpenses": 0,
        "generalAndAdministrativeExpenses": -138000000000,
        "sellingAndMarketingExpenses": 0,
        "sellingGeneralAndAdministrativeExpenses": -138000000000,
        "otherExpenses": 140000000000,
        "operatingExpenses": 2000000000,
        "costAndExpenses": 7618000000000,
        "interestIncome": 87462532000,
        "interestExpense": 721903872000,
        "depreciationAndAmortization": 2289000000000,
        "ebitda": 3113000000000,
        "ebitdaratio": 0.3687514807,
        "operatingIncome": 824000000000,
        "operatingIncomeRatio": 0.0976072021,
        "totalOtherIncomeExpensesNet": -522000000000,
        "incomeBeforeTax": 302000000000,
        "incomeBeforeTaxRatio": 0.0357735134,
        "incomeTaxExpense": 3000000000,
        "netIncome": 25000000000,
        "netIncomeRatio": 0.0029613836,
        "eps": 12.16,
        "epsdiluted": 12.16,
        "weightedAverageShsOut": 2055834735,
        "weightedAverageShsOutDil": 2055834735,
        "link": null,
        "finalLink": null
    },
    {
        "date": "2020-03-31",
        "symbol": "EC",
        "reportedCurrency": "COP",
        "cik": "0001444406",
        "fillingDate": "2020-05-12",
        "acceptedDate": "2020-05-11 18:25:48",
        "calendarYear": "2020",
        "period": "Q1",
        "revenue": 15071966000000,
        "costOfRevenue": 11286823000000,
        "grossProfit": 3785143000000,
        "grossProfitRatio": 0.2511379736,
        "researchAndDevelopmentExpenses": 0,
        "generalAndAdministrativeExpenses": 580584000000,
        "sellingAndMarketingExpenses": 161110000000,
        "sellingGeneralAndAdministrativeExpenses": 741694000000,
        "otherExpenses": 1545178000000,
        "operatingExpenses": 2286872000000,
        "costAndExpenses": 13573695000000,
        "interestIncome": 99842980000,
        "interestExpense": 593964062000,
        "depreciationAndAmortization": 2229611000000,
        "ebitda": 3760841000000,
        "ebitdaratio": 0.2495255762,
        "operatingIncome": 1498271000000,
        "operatingIncomeRatio": 0.0994078012,
        "totalOtherIncomeExpensesNet": -666205000000,
        "incomeBeforeTax": 832066000000,
        "incomeBeforeTaxRatio": 0.055206202,
        "incomeTaxExpense": 351918000000,
        "netIncome": 132894000000,
        "netIncomeRatio": 0.008817297,
        "eps": 64,
        "epsdiluted": 64,
        "weightedAverageShsOut": 2076468750,
        "weightedAverageShsOutDil": 2076468750,
        "link": "https://www.sec.gov/Archives/edgar/data/1444406/000129281420001791/0001292814-20-001791-index.htm",
        "finalLink": "https://www.sec.gov/Archives/edgar/data/1444406/000129281420001791/exhibit99_1.htm"
    },
    {
        "date": "2019-12-31",
        "symbol": "EC",
        "reportedCurrency": "COP",
        "cik": "0001444406",
        "fillingDate": "2020-04-01",
        "acceptedDate": "2020-03-31 21:51:38",
        "calendarYear": "2019",
        "period": "Q4",
        "revenue": 19222512000000,
        "costOfRevenue": 12284360000000,
        "grossProfit": 6938152000000,
        "grossProfitRatio": 0.3609388825,
        "researchAndDevelopmentExpenses": 0,
        "generalAndAdministrativeExpenses": -286170000000,
        "sellingAndMarketingExpenses": 558370000000,
        "sellingGeneralAndAdministrativeExpenses": 272200000000,
        "otherExpenses": 2264794000000,
        "operatingExpenses": 2536994000000,
        "costAndExpenses": 14821354000000,
        "interestIncome": 119295278000,
        "interestExpense": 480242744000,
        "depreciationAndAmortization": 2292783000000,
        "ebitda": 8126350000000,
        "ebitdaratio": 0.4227517194,
        "operatingIncome": 4401158000000,
        "operatingIncomeRatio": 0.2289585253,
        "totalOtherIncomeExpensesNet": -167590000000,
        "incomeBeforeTax": 4233568000000,
        "incomeBeforeTaxRatio": 0.2202401018,
        "incomeTaxExpense": -596587000000,
        "netIncome": 4501011000000,
        "netIncomeRatio": 0.2341531117,
        "eps": 2572.68,
        "epsdiluted": 2572.68,
        "weightedAverageShsOut": 2055834735,
        "weightedAverageShsOutDil": 2055834735,
        "link": "https://www.sec.gov/Archives/edgar/data/1444406/000110465920041416/0001104659-20-041416-index.htm",
        "finalLink": "https://www.sec.gov/Archives/edgar/data/1444406/000110465920041416/tm206789d1_20f.htm"
    },
    {
        "date": "2019-09-30",
        "symbol": "EC",
        "reportedCurrency": "COP",
        "cik": "0001444406",
        "fillingDate": "2019-09-30",
        "acceptedDate": "2019-09-30 00:00:00",
        "calendarYear": "2019",
        "period": "Q3",
        "revenue": 18014000000000,
        "costOfRevenue": 11240000000000,
        "grossProfit": 6774000000000,
        "grossProfitRatio": 0.3760408571,
        "researchAndDevelopmentExpenses": 0,
        "generalAndAdministrativeExpenses": 1005000000000,
        "sellingAndMarketingExpenses": 0,
        "sellingGeneralAndAdministrativeExpenses": 1005000000000,
        "otherExpenses": 58000000000,
        "operatingExpenses": 1063000000000,
        "costAndExpenses": 12303000000000,
        "interestIncome": 109439896000,
        "interestExpense": 495670992000,
        "depreciationAndAmortization": 2206000000000,
        "ebitda": 7917000000000,
        "ebitdaratio": 0.4394915066,
        "operatingIncome": 5711000000000,
        "operatingIncomeRatio": 0.317031198,
        "totalOtherIncomeExpensesNet": -592000000000,
        "incomeBeforeTax": 5119000000000,
        "incomeBeforeTaxRatio": 0.2841678694,
        "incomeTaxExpense": 1770000000000,
        "netIncome": 3011000000000,
        "netIncomeRatio": 0.167147774,
        "eps": 1464.61,
        "epsdiluted": 1464.61,
        "weightedAverageShsOut": 2055834735,
        "weightedAverageShsOutDil": 2055834735,
        "link": null,
        "finalLink": null
    },
    {
        "date": "2019-06-30",
        "symbol": "EC",
        "reportedCurrency": "COP",
        "cik": "0001444406",
        "fillingDate": "2019-08-13",
        "acceptedDate": "2019-08-12 18:05:51",
        "calendarYear": "2019",
        "period": "Q2",
        "revenue": 18309000000000,
        "costOfRevenue": 11214000000000,
        "grossProfit": 7095000000000,
        "grossProfitRatio": 0.3875143372,
        "researchAndDevelopmentExpenses": 0,
        "generalAndAdministrativeExpenses": 890000000000,
        "sellingAndMarketingExpenses": 0,
        "sellingGeneralAndAdministrativeExpenses": 890000000000,
        "otherExpenses": 248000000000,
        "operatingExpenses": 1138000000000,
        "costAndExpenses": 12352000000000,
        "interestIncome": 119562026000,
        "interestExpense": 485022853000,
        "depreciationAndAmortization": 2094000000000,
        "ebitda": 8051000000000,
        "ebitdaratio": 0.439729095,
        "operatingIncome": 5957000000000,
        "operatingIncomeRatio": 0.325359113,
        "totalOtherIncomeExpensesNet": -319000000000,
        "incomeBeforeTax": 5638000000000,
        "incomeBeforeTaxRatio": 0.3079359878,
        "incomeTaxExpense": 1872000000000,
        "netIncome": 3486000000000,
        "netIncomeRatio": 0.1903981648,
        "eps": 1695.66,
        "epsdiluted": 1695.66,
        "weightedAverageShsOut": 2055834735,
        "weightedAverageShsOutDil": 2055834735,
        "link": "https://www.sec.gov/Archives/edgar/data/1444406/000114420419039251/0001144204-19-039251-index.htm",
        "finalLink": "https://www.sec.gov/Archives/edgar/data/1444406/000114420419039251/tv527357_ex99-1.htm"
    },
    {
        "date": "2019-03-31",
        "symbol": "EC",
        "reportedCurrency": "COP",
        "cik": "0001444406",
        "fillingDate": "2019-05-07",
        "acceptedDate": "2019-05-07 06:02:50",
        "calendarYear": "2019",
        "period": "Q1",
        "revenue": 15943000000000,
        "costOfRevenue": 10235000000000,
        "grossProfit": 5708000000000,
        "grossProfitRatio": 0.3580254657,
        "researchAndDevelopmentExpenses": 0,
        "generalAndAdministrativeExpenses": 690000000000,
        "sellingAndMarketingExpenses": 0,
        "sellingGeneralAndAdministrativeExpenses": 690000000000,
        "otherExpenses": 61000000000,
        "operatingExpenses": 751000000000,
        "costAndExpenses": 10986000000000,
        "interestIncome": 129908386000,
        "interestExpense": 464352871000,
        "depreciationAndAmortization": 1991000000000,
        "ebitda": 6948000000000,
        "ebitdaratio": 0.4358025466,
        "operatingIncome": 4957000000000,
        "operatingIncomeRatio": 0.310920153,
        "totalOtherIncomeExpensesNet": -225000000000,
        "incomeBeforeTax": 4732000000000,
        "incomeBeforeTaxRatio": 0.2968073763,
        "incomeTaxExpense": 1674000000000,
        "netIncome": 2745000000000,
        "netIncomeRatio": 0.1721758766,
        "eps": 1335.22,
        "epsdiluted": 1335.22,
        "weightedAverageShsOut": 2055834735,
        "weightedAverageShsOutDil": 2055834735,
        "link": "https://www.sec.gov/Archives/edgar/data/1444406/000114420419024009/0001144204-19-024009-index.htm",
        "finalLink": "https://www.sec.gov/Archives/edgar/data/1444406/000114420419024009/tv520708_ex99-1.htm"
    },
    {
        "date": "2018-12-31",
        "symbol": "EC",
        "reportedCurrency": "COP",
        "cik": "0001444406",
        "fillingDate": "2019-02-28",
        "acceptedDate": "2019-02-27 18:00:42",
        "calendarYear": "2018",
        "period": "Q4",
        "revenue": 19097872000000,
        "costOfRevenue": 11957379000000,
        "grossProfit": 7140493000000,
        "grossProfitRatio": 0.3738894574,
        "researchAndDevelopmentExpenses": 0,
        "generalAndAdministrativeExpenses": 22289000000,
        "sellingAndMarketingExpenses": 466862000000,
        "sellingGeneralAndAdministrativeExpenses": 489151000000,
        "otherExpenses": 1409928000000,
        "operatingExpenses": 1899079000000,
        "costAndExpenses": 13856458000000,
        "interestIncome": 141017576000,
        "interestExpense": 774376426000,
        "depreciationAndAmortization": 1926850000000,
        "ebitda": 8414921000000,
        "ebitdaratio": 0.4406208713,
        "operatingIncome": 5241414000000,
        "operatingIncomeRatio": 0.2744501586,
        "totalOtherIncomeExpensesNet": -373539000000,
        "incomeBeforeTax": 4867875000000,
        "incomeBeforeTaxRatio": 0.2548909638,
        "incomeTaxExpense": 2103485000000,
        "netIncome": 2472386000000,
        "netIncomeRatio": 0.1294587167,
        "eps": 1465.58,
        "epsdiluted": 1465.58,
        "weightedAverageShsOut": 2055834735,
        "weightedAverageShsOutDil": 2055834735,
        "link": "https://www.sec.gov/Archives/edgar/data/1444406/000114420419010628/0001144204-19-010628-index.htm",
        "finalLink": "https://www.sec.gov/Archives/edgar/data/1444406/000114420419010628/tv514729_ex99-1.htm"
    },
    {
        "date": "2018-09-30",
        "symbol": "EC",
        "reportedCurrency": "COP",
        "cik": "0001444406",
        "fillingDate": "2018-11-01",
        "acceptedDate": "2018-11-01 07:22:54",
        "calendarYear": "2018",
        "period": "Q3",
        "revenue": 17876000000000,
        "costOfRevenue": 10623000000000,
        "grossProfit": 7253000000000,
        "grossProfitRatio": 0.405739539,
        "researchAndDevelopmentExpenses": 0,
        "generalAndAdministrativeExpenses": 594000000000,
        "sellingAndMarketingExpenses": 0,
        "sellingGeneralAndAdministrativeExpenses": 594000000000,
        "otherExpenses": 1006000000000,
        "operatingExpenses": 1600000000000,
        "costAndExpenses": 12223000000000,
        "interestIncome": 89395662000,
        "interestExpense": 545706027000,
        "depreciationAndAmortization": 2070000000000,
        "ebitda": 7706000000000,
        "ebitdaratio": 0.4310807787,
        "operatingIncome": 5653000000000,
        "operatingIncomeRatio": 0.3162340568,
        "totalOtherIncomeExpensesNet": -464000000000,
        "incomeBeforeTax": 5189000000000,
        "incomeBeforeTaxRatio": 0.290277467,
        "incomeTaxExpense": 2182000000000,
        "netIncome": 2775000000000,
        "netIncomeRatio": 0.1552360707,
        "eps": 1349.82,
        "epsdiluted": 1349.82,
        "weightedAverageShsOut": 2055834735,
        "weightedAverageShsOutDil": 2055834735,
        "link": "https://www.sec.gov/Archives/edgar/data/1444406/000114420418056626/0001144204-18-056626-index.htm",
        "finalLink": "https://www.sec.gov/Archives/edgar/data/1444406/000114420418056626/tv505928_ex99-1.htm"
    },
    {
        "date": "2018-06-30",
        "symbol": "EC",
        "reportedCurrency": "COP",
        "cik": "0001444406",
        "fillingDate": "2018-08-15",
        "acceptedDate": "2018-08-15 17:16:25",
        "calendarYear": "2018",
        "period": "Q2",
        "revenue": 16987000000000,
        "costOfRevenue": 9757000000000,
        "grossProfit": 7230000000000,
        "grossProfitRatio": 0.4256195915,
        "researchAndDevelopmentExpenses": 0,
        "generalAndAdministrativeExpenses": 732000000000,
        "sellingAndMarketingExpenses": 0,
        "sellingGeneralAndAdministrativeExpenses": 732000000000,
        "otherExpenses": 114000000000,
        "operatingExpenses": 846000000000,
        "costAndExpenses": 10603000000000,
        "interestIncome": 76718791000,
        "interestExpense": 612612096000,
        "depreciationAndAmortization": 1917000000000,
        "ebitda": 8298000000000,
        "ebitdaratio": 0.4884911992,
        "operatingIncome": 6384000000000,
        "operatingIncomeRatio": 0.3758168011,
        "totalOtherIncomeExpensesNet": -524000000000,
        "incomeBeforeTax": 5860000000000,
        "incomeBeforeTaxRatio": 0.3449696827,
        "incomeTaxExpense": 2093000000000,
        "netIncome": 3519000000000,
        "netIncomeRatio": 0.2071584153,
        "eps": 34234.2,
        "epsdiluted": 34234.2,
        "weightedAverageShsOut": 2055834735,
        "weightedAverageShsOutDil": 2055834735,
        "link": "https://www.sec.gov/Archives/edgar/data/1444406/000114420418044959/0001144204-18-044959-index.htm",
        "finalLink": "https://www.sec.gov/Archives/edgar/data/1444406/000114420418044959/tv500961_ex99-1.htm"
    },
    {
        "date": "2018-03-31",
        "symbol": "EC",
        "reportedCurrency": "COP",
        "cik": "0001444406",
        "fillingDate": "2018-05-04",
        "acceptedDate": "2018-05-04 07:00:31",
        "calendarYear": "2018",
        "period": "Q1",
        "revenue": 14643000000000,
        "costOfRevenue": 8847000000000,
        "grossProfit": 5796000000000,
        "grossProfitRatio": 0.3958205286,
        "researchAndDevelopmentExpenses": 0,
        "generalAndAdministrativeExpenses": 691000000000,
        "sellingAndMarketingExpenses": 0,
        "sellingGeneralAndAdministrativeExpenses": 691000000000,
        "otherExpenses": -75000000000,
        "operatingExpenses": 616000000000,
        "costAndExpenses": 9463000000000,
        "interestIncome": 82211670000,
        "interestExpense": 564283541000,
        "depreciationAndAmortization": 1791000000000,
        "ebitda": 6977000000000,
        "ebitdaratio": 0.4764734003,
        "operatingIncome": 5180000000000,
        "operatingIncomeRatio": 0.3537526463,
        "totalOtherIncomeExpensesNet": -483000000000,
        "incomeBeforeTax": 4697000000000,
        "incomeBeforeTaxRatio": 0.3207676023,
        "incomeTaxExpense": 1880000000000,
        "netIncome": 2615000000000,
        "netIncomeRatio": 0.1785836236,
        "eps": 1271.99,
        "epsdiluted": 1271.99,
        "weightedAverageShsOut": 2055834735,
        "weightedAverageShsOutDil": 2055834735,
        "link": "https://www.sec.gov/Archives/edgar/data/1444406/000114420418025204/0001144204-18-025204-index.htm",
        "finalLink": "https://www.sec.gov/Archives/edgar/data/1444406/000114420418025204/tv492940_ex99-1.htm"
    },
    {
        "date": "2017-12-31",
        "symbol": "EC",
        "reportedCurrency": "COP",
        "cik": "0001444406",
        "fillingDate": "2018-02-28",
        "acceptedDate": "2018-02-28 17:28:49",
        "calendarYear": "2017",
        "period": "Q4",
        "revenue": 16107228000000,
        "costOfRevenue": 9760325000000,
        "grossProfit": 6346903000000,
        "grossProfitRatio": 0.3940406754,
        "researchAndDevelopmentExpenses": 0,
        "generalAndAdministrativeExpenses": -722288000000,
        "sellingAndMarketingExpenses": 471657000000,
        "sellingGeneralAndAdministrativeExpenses": -250631000000,
        "otherExpenses": 314679000000,
        "operatingExpenses": 64048000000,
        "costAndExpenses": 9824373000000,
        "interestIncome": 266263926000,
        "interestExpense": 667385351000,
        "depreciationAndAmortization": 1852347000000,
        "ebitda": 9334050000000,
        "ebitdaratio": 0.5794944977,
        "operatingIncome": 6282855000000,
        "operatingIncomeRatio": 0.3900643239,
        "totalOtherIncomeExpensesNet": -498193000000,
        "incomeBeforeTax": 5784662000000,
        "incomeBeforeTaxRatio": 0.3591345451,
        "incomeTaxExpense": 1594268000000,
        "netIncome": 3984539000000,
        "netIncomeRatio": 0.2473758365,
        "eps": 1666.96,
        "epsdiluted": 1666.96,
        "weightedAverageShsOut": 2055834735,
        "weightedAverageShsOutDil": 2055834735,
        "link": "https://www.sec.gov/Archives/edgar/data/1444406/000114420418011839/0001144204-18-011839-index.htm",
        "finalLink": "https://www.sec.gov/Archives/edgar/data/1444406/000114420418011839/tv487302_ex99-1.htm"
    },
    {
        "date": "2017-09-30",
        "symbol": "EC",
        "reportedCurrency": "COP",
        "cik": "0001444406",
        "fillingDate": "2017-11-07",
        "acceptedDate": "2017-11-07 17:17:30",
        "calendarYear": "2017",
        "period": "Q3",
        "revenue": 13325000000000,
        "costOfRevenue": 8777000000000,
        "grossProfit": 4548000000000,
        "grossProfitRatio": 0.3413133208,
        "researchAndDevelopmentExpenses": 0,
        "generalAndAdministrativeExpenses": 900000000000,
        "sellingAndMarketingExpenses": 0,
        "sellingGeneralAndAdministrativeExpenses": 900000000000,
        "otherExpenses": 325000000000,
        "operatingExpenses": 1225000000000,
        "costAndExpenses": 10002000000000,
        "interestIncome": 188491820000,
        "interestExpense": 613159409000,
        "depreciationAndAmortization": 2230000000000,
        "ebitda": 5264000000000,
        "ebitdaratio": 0.3950469043,
        "operatingIncome": 3323000000000,
        "operatingIncomeRatio": 0.249380863,
        "totalOtherIncomeExpensesNet": -803000000000,
        "incomeBeforeTax": 2520000000000,
        "incomeBeforeTaxRatio": 0.1891181989,
        "incomeTaxExpense": 1296000000000,
        "netIncome": 1003000000000,
        "netIncomeRatio": 0.075272045,
        "eps": 487.88,
        "epsdiluted": 487.88,
        "weightedAverageShsOut": 2055834735,
        "weightedAverageShsOutDil": 2055834735,
        "link": "https://www.sec.gov/Archives/edgar/data/1444406/000114420417056952/0001144204-17-056952-index.htm",
        "finalLink": "https://www.sec.gov/Archives/edgar/data/1444406/000114420417056952/tv478820_ex99-1.htm"
    },
    {
        "date": "2017-06-30",
        "symbol": "EC",
        "reportedCurrency": "COP",
        "cik": "0001444406",
        "fillingDate": "2017-06-30",
        "acceptedDate": "2017-06-30 00:00:00",
        "calendarYear": "2017",
        "period": "Q2",
        "revenue": 13151000000000,
        "costOfRevenue": 9226000000000,
        "grossProfit": 3925000000000,
        "grossProfitRatio": 0.2984563911,
        "researchAndDevelopmentExpenses": 0,
        "generalAndAdministrativeExpenses": 580000000000,
        "sellingAndMarketingExpenses": 0,
        "sellingGeneralAndAdministrativeExpenses": 580000000000,
        "otherExpenses": 77000000000,
        "operatingExpenses": 657000000000,
        "costAndExpenses": 9883000000000,
        "interestIncome": 172246366000,
        "interestExpense": 506808299000,
        "depreciationAndAmortization": 2136000000000,
        "ebitda": 5684000000000,
        "ebitdaratio": 0.4322104783,
        "operatingIncome": 3268000000000,
        "operatingIncomeRatio": 0.2484982131,
        "totalOtherIncomeExpensesNet": -113000000000,
        "incomeBeforeTax": 3155000000000,
        "incomeBeforeTaxRatio": 0.2399057106,
        "incomeTaxExpense": 1672000000000,
        "netIncome": 1305000000000,
        "netIncomeRatio": 0.0992319976,
        "eps": 634.78,
        "epsdiluted": 634.78,
        "weightedAverageShsOut": 2055834735,
        "weightedAverageShsOutDil": 2055834735,
        "link": null,
        "finalLink": null
    },
    {
        "date": "2017-03-31",
        "symbol": "EC",
        "reportedCurrency": "COP",
        "cik": "0001444406",
        "fillingDate": "2017-05-16",
        "acceptedDate": "2017-05-15 19:11:47",
        "calendarYear": "2017",
        "period": "Q1",
        "revenue": 13371000000000,
        "costOfRevenue": 9146000000000,
        "grossProfit": 4225000000000,
        "grossProfitRatio": 0.3159823499,
        "researchAndDevelopmentExpenses": 0,
        "generalAndAdministrativeExpenses": 899000000000,
        "sellingAndMarketingExpenses": 0,
        "sellingGeneralAndAdministrativeExpenses": 899000000000,
        "otherExpenses": 27000000000,
        "operatingExpenses": 926000000000,
        "costAndExpenses": 10072000000000,
        "interestIncome": 104354248000,
        "interestExpense": 642654527000,
        "depreciationAndAmortization": 2063000000000,
        "ebitda": 4909000000000,
        "ebitdaratio": 0.3671378356,
        "operatingIncome": 3299000000000,
        "operatingIncomeRatio": 0.2467279934,
        "totalOtherIncomeExpensesNet": -988000000000,
        "incomeBeforeTax": 2311000000000,
        "incomeBeforeTaxRatio": 0.1728367362,
        "incomeTaxExpense": 1238000000000,
        "netIncome": 886000000000,
        "netIncomeRatio": 0.0662628076,
        "eps": 430.97,
        "epsdiluted": 430.97,
        "weightedAverageShsOut": 2055834735,
        "weightedAverageShsOutDil": 2055834735,
        "link": "https://www.sec.gov/Archives/edgar/data/1444406/000114420417027707/0001144204-17-027707-index.htm",
        "finalLink": "https://www.sec.gov/Archives/edgar/data/1444406/000114420417027707/v467063_ex99-1.htm"
    },
    {
        "date": "2016-12-31",
        "symbol": "EC",
        "reportedCurrency": "COP",
        "cik": "0001444406",
        "fillingDate": "2017-05-31",
        "acceptedDate": "2017-05-30 21:35:54",
        "calendarYear": "2016",
        "period": "Q4",
        "revenue": 14066561000000,
        "costOfRevenue": 9720423000000,
        "grossProfit": 4346138000000,
        "grossProfitRatio": 0.3089694773,
        "researchAndDevelopmentExpenses": 16900000,
        "generalAndAdministrativeExpenses": -1341003000000,
        "sellingAndMarketingExpenses": 568513000000,
        "sellingGeneralAndAdministrativeExpenses": -772490000000,
        "otherExpenses": 2834080000000,
        "operatingExpenses": 2061590000000,
        "costAndExpenses": 11782013000000,
        "interestIncome": 82591675000,
        "interestExpense": 0,
        "depreciationAndAmortization": 1937000000000,
        "ebitda": 6053041000000,
        "ebitdaratio": 0.430314204,
        "operatingIncome": 2284548000000,
        "operatingIncomeRatio": 0.1624098456,
        "totalOtherIncomeExpensesNet": 275978000000,
        "incomeBeforeTax": 2560526000000,
        "incomeBeforeTaxRatio": 0.1820292821,
        "incomeTaxExpense": 1359046000000,
        "netIncome": 1068881000000,
        "netIncomeRatio": 0.0759873718,
        "eps": 90.47,
        "epsdiluted": 90.47,
        "weightedAverageShsOut": 2055834735,
        "weightedAverageShsOutDil": 2055834735,
        "link": "https://www.sec.gov/Archives/edgar/data/1444406/000114420417030262/0001144204-17-030262-index.htm",
        "finalLink": "https://www.sec.gov/Archives/edgar/data/1444406/000114420417030262/v464889_20f.htm"
    },
    {
        "date": "2016-09-30",
        "symbol": "EC",
        "reportedCurrency": "COP",
        "cik": "0001444406",
        "fillingDate": "2016-09-30",
        "acceptedDate": "2016-09-29 20:00:00",
        "calendarYear": "2016",
        "period": "Q3",
        "revenue": 12183000000000,
        "costOfRevenue": 8738000000000,
        "grossProfit": 3445000000000,
        "grossProfitRatio": 0.2827710744,
        "researchAndDevelopmentExpenses": 0,
        "generalAndAdministrativeExpenses": 811000000000,
        "sellingAndMarketingExpenses": 0,
        "sellingGeneralAndAdministrativeExpenses": 811000000000,
        "otherExpenses": 94000000000,
        "operatingExpenses": 905000000000,
        "costAndExpenses": 9643000000000,
        "interestIncome": 0,
        "interestExpense": 715186253000,
        "depreciationAndAmortization": 2094000000000,
        "ebitda": 4420000000000,
        "ebitdaratio": 0.3628006238,
        "operatingIncome": 2540000000000,
        "operatingIncomeRatio": 0.2084872363,
        "totalOtherIncomeExpensesNet": -857000000000,
        "incomeBeforeTax": 1683000000000,
        "incomeBeforeTaxRatio": 0.1381433145,
        "incomeTaxExpense": 1237000000000,
        "netIncome": 229000000000,
        "netIncomeRatio": 0.0187966839,
        "eps": 111.39,
        "epsdiluted": 111.39,
        "weightedAverageShsOut": 2055834735,
        "weightedAverageShsOutDil": 2055834735,
        "link": "",
        "finalLink": ""
    },
    {
        "date": "2016-06-30",
        "symbol": "EC",
        "reportedCurrency": "COP",
        "cik": "0001444406",
        "fillingDate": "2016-06-30",
        "acceptedDate": "2016-06-30 00:00:00",
        "calendarYear": "2016",
        "period": "Q2",
        "revenue": 11751000000000,
        "costOfRevenue": 8347000000000,
        "grossProfit": 3404000000000,
        "grossProfitRatio": 0.2896774743,
        "researchAndDevelopmentExpenses": 0,
        "generalAndAdministrativeExpenses": 666000000000,
        "sellingAndMarketingExpenses": 0,
        "sellingGeneralAndAdministrativeExpenses": 666000000000,
        "otherExpenses": 257000000000,
        "operatingExpenses": 923000000000,
        "costAndExpenses": 9270000000000,
        "interestIncome": 0,
        "interestExpense": 549000000000,
        "depreciationAndAmortization": 1863000000000,
        "ebitda": 4523000000000,
        "ebitdaratio": 0.3849034125,
        "operatingIncome": 2481000000000,
        "operatingIncomeRatio": 0.2111309676,
        "totalOtherIncomeExpensesNet": -370000000000,
        "incomeBeforeTax": 2111000000000,
        "incomeBeforeTaxRatio": 0.1796442856,
        "incomeTaxExpense": 1122000000000,
        "netIncome": 787000000000,
        "netIncomeRatio": 0.0669730236,
        "eps": 382.81,
        "epsdiluted": 382.81,
        "weightedAverageShsOut": 2055834735,
        "weightedAverageShsOutDil": 2055834735,
        "link": null,
        "finalLink": null
    },
    {
        "date": "2016-03-31",
        "symbol": "EC",
        "reportedCurrency": "COP",
        "cik": "0001444406",
        "fillingDate": "2016-06-08",
        "acceptedDate": "2016-06-08 08:36:36",
        "calendarYear": "2016",
        "period": "Q1",
        "revenue": 10485000000000,
        "costOfRevenue": 7446000000000,
        "grossProfit": 3039000000000,
        "grossProfitRatio": 0.2898426323,
        "researchAndDevelopmentExpenses": 0,
        "generalAndAdministrativeExpenses": 1356000000000,
        "sellingAndMarketingExpenses": 132431000000,
        "sellingGeneralAndAdministrativeExpenses": 1356000000000,
        "otherExpenses": 84000000000,
        "operatingExpenses": 1440000000000,
        "costAndExpenses": 8886000000000,
        "interestIncome": 68987000000,
        "interestExpense": 598000000000,
        "depreciationAndAmortization": 1713000000000,
        "ebitda": 3747000000000,
        "ebitdaratio": 0.3573676681,
        "operatingIncome": 1599000000000,
        "operatingIncomeRatio": 0.1525035765,
        "totalOtherIncomeExpensesNet": -163000000000,
        "incomeBeforeTax": 1436000000000,
        "incomeBeforeTaxRatio": 0.1369575584,
        "incomeTaxExpense": 825000000000,
        "netIncome": 363000000000,
        "netIncomeRatio": 0.034620887,
        "eps": 176.57,
        "epsdiluted": 176.57,
        "weightedAverageShsOut": 2055834735,
        "weightedAverageShsOutDil": 2055834735,
        "link": "https://www.sec.gov/Archives/edgar/data/1444406/000114420416107395/0001144204-16-107395-index.htm",
        "finalLink": "https://www.sec.gov/Archives/edgar/data/1444406/000114420416107395/v441778_ex99-1.htm"
    },
    {
        "date": "2015-12-31",
        "symbol": "EC",
        "reportedCurrency": "COP",
        "cik": "0001444406",
        "fillingDate": "2016-04-29",
        "acceptedDate": "2016-04-28 18:49:12",
        "calendarYear": "2015",
        "period": "Q4",
        "revenue": 13033427000000,
        "costOfRevenue": 9956111000000,
        "grossProfit": 3077316000000,
        "grossProfitRatio": 0.2361095052,
        "researchAndDevelopmentExpenses": 0,
        "generalAndAdministrativeExpenses": 0,
        "sellingAndMarketingExpenses": 0,
        "sellingGeneralAndAdministrativeExpenses": 0,
        "otherExpenses": 9703360000000,
        "operatingExpenses": 9703360000000,
        "costAndExpenses": 19659471000000,
        "interestIncome": 0,
        "interestExpense": 0,
        "depreciationAndAmortization": 1848915000000,
        "ebitda": -10090475000000,
        "ebitdaratio": -0.774199679,
        "operatingIncome": -6626044000000,
        "operatingIncomeRatio": -0.5083884691,
        "totalOtherIncomeExpensesNet": -4718168000000,
        "incomeBeforeTax": -11344212000000,
        "incomeBeforeTaxRatio": -0.8703936424,
        "incomeTaxExpense": -2117202000000,
        "netIncome": -9514562000000,
        "netIncomeRatio": -0.7300122984,
        "eps": -3068.55,
        "epsdiluted": -3068.55,
        "weightedAverageShsOut": 2055834735,
        "weightedAverageShsOutDil": 2055834735,
        "link": "https://www.sec.gov/Archives/edgar/data/1444406/000114420416097269/0001144204-16-097269-index.htm",
        "finalLink": "https://www.sec.gov/Archives/edgar/data/1444406/000114420416097269/v437523_20f.htm"
    },
    {
        "date": "2015-09-30",
        "symbol": "EC",
        "reportedCurrency": "COP",
        "cik": "0001444406",
        "fillingDate": "2015-09-30",
        "acceptedDate": "2015-09-29 20:00:00",
        "calendarYear": "2015",
        "period": "Q3",
        "revenue": 13003000000000,
        "costOfRevenue": 9062000000000,
        "grossProfit": 3941000000000,
        "grossProfitRatio": 0.3030839037,
        "researchAndDevelopmentExpenses": 0,
        "generalAndAdministrativeExpenses": 834000000000,
        "sellingAndMarketingExpenses": 0,
        "sellingGeneralAndAdministrativeExpenses": 834000000000,
        "otherExpenses": 257000000000,
        "operatingExpenses": 1091000000000,
        "costAndExpenses": 10153000000000,
        "interestIncome": 0,
        "interestExpense": 518000000000,
        "depreciationAndAmortization": 1673000000000,
        "ebitda": 4311000000000,
        "ebitdaratio": 0.3315388756,
        "operatingIncome": 2850000000000,
        "operatingIncomeRatio": 0.2191801892,
        "totalOtherIncomeExpensesNet": -730000000000,
        "incomeBeforeTax": 2120000000000,
        "incomeBeforeTaxRatio": 0.1630392986,
        "incomeTaxExpense": 1233000000000,
        "netIncome": 654000000000,
        "netIncomeRatio": 0.0502960855,
        "eps": 318.12,
        "epsdiluted": 318.12,
        "weightedAverageShsOut": 2055834735,
        "weightedAverageShsOutDil": 2055834735,
        "link": "",
        "finalLink": ""
    },
    {
        "date": "2015-06-30",
        "symbol": "EC",
        "reportedCurrency": "COP",
        "cik": "0001444406",
        "fillingDate": "2015-06-30",
        "acceptedDate": "2015-06-30 00:00:00",
        "calendarYear": "2015",
        "period": "Q2",
        "revenue": 14009000000000,
        "costOfRevenue": 9421000000000,
        "grossProfit": 4588000000000,
        "grossProfitRatio": 0.3275037476,
        "researchAndDevelopmentExpenses": 0,
        "generalAndAdministrativeExpenses": 787000000000,
        "sellingAndMarketingExpenses": 553833000000,
        "sellingGeneralAndAdministrativeExpenses": 787000000000,
        "otherExpenses": 252000000000,
        "operatingExpenses": 1039000000000,
        "costAndExpenses": 10460000000000,
        "interestIncome": 0,
        "interestExpense": 146000000000,
        "depreciationAndAmortization": 1661000000000,
        "ebitda": 4624000000000,
        "ebitdaratio": 0.3300735242,
        "operatingIncome": 3549000000000,
        "operatingIncomeRatio": 0.2533371404,
        "totalOtherIncomeExpensesNet": -732000000000,
        "incomeBeforeTax": 2817000000000,
        "incomeBeforeTaxRatio": 0.2010850168,
        "incomeTaxExpense": 1121000000000,
        "netIncome": 1507000000000,
        "netIncomeRatio": 0.1075737026,
        "eps": 733.04,
        "epsdiluted": 733.04,
        "weightedAverageShsOut": 2055834923,
        "weightedAverageShsOutDil": 2055834923,
        "link": null,
        "finalLink": null
    },
    {
        "date": "2015-03-31",
        "symbol": "EC",
        "reportedCurrency": "COP",
        "cik": "0001444406",
        "fillingDate": "2015-03-31",
        "acceptedDate": "2015-03-31 00:00:00",
        "calendarYear": "2015",
        "period": "Q1",
        "revenue": 12300855000000,
        "costOfRevenue": 8554637000000,
        "grossProfit": 3746218000000,
        "grossProfitRatio": 0.3045493992,
        "researchAndDevelopmentExpenses": 0,
        "generalAndAdministrativeExpenses": 258890000000,
        "sellingAndMarketingExpenses": 186027000000,
        "sellingGeneralAndAdministrativeExpenses": 444917000000,
        "otherExpenses": 943453000000,
        "operatingExpenses": 1388370000000,
        "costAndExpenses": 9943007000000,
        "interestIncome": 73690000000,
        "interestExpense": 291785000000,
        "depreciationAndAmortization": 1586918000000,
        "ebitda": 2707021000000,
        "ebitdaratio": 0.2200677107,
        "operatingIncome": 2357848000000,
        "operatingIncomeRatio": 0.1916816351,
        "totalOtherIncomeExpensesNet": -1529530000000,
        "incomeBeforeTax": 828318000000,
        "incomeBeforeTaxRatio": 0.067338246,
        "incomeTaxExpense": 472376000000,
        "netIncome": 160030000000,
        "netIncomeRatio": 0.0130096648,
        "eps": 78,
        "epsdiluted": 78,
        "weightedAverageShsOut": 2051666667,
        "weightedAverageShsOutDil": 2051666667,
        "link": null,
        "finalLink": null
    },
    {
        "date": "2014-12-31",
        "symbol": "EC",
        "reportedCurrency": "COP",
        "cik": "0001444406",
        "fillingDate": "2015-04-28",
        "acceptedDate": "2015-04-28 17:16:43",
        "calendarYear": "2014",
        "period": "Q4",
        "revenue": 14822736000000,
        "costOfRevenue": 10925763000000,
        "grossProfit": 3896973000000,
        "grossProfitRatio": 0.2629051074,
        "researchAndDevelopmentExpenses": 0,
        "generalAndAdministrativeExpenses": 1924841000000,
        "sellingAndMarketingExpenses": -1846124000000,
        "sellingGeneralAndAdministrativeExpenses": 78717000000,
        "otherExpenses": 2690208000000,
        "operatingExpenses": 2768925000000,
        "costAndExpenses": 13694688000000,
        "interestIncome": 0,
        "interestExpense": 0,
        "depreciationAndAmortization": 1411556000000,
        "ebitda": -2640463000000,
        "ebitdaratio": -0.1781360067,
        "operatingIncome": 1128048000000,
        "operatingIncomeRatio": 0.0761025495,
        "totalOtherIncomeExpensesNet": -189774000000,
        "incomeBeforeTax": 938274000000,
        "incomeBeforeTaxRatio": 0.0632996499,
        "incomeTaxExpense": 1653777000000,
        "netIncome": -844020000000,
        "netIncomeRatio": -0.0569409048,
        "eps": -410.55,
        "epsdiluted": -410.55,
        "weightedAverageShsOut": 2055834923,
        "weightedAverageShsOutDil": 2055834923,
        "link": "https://www.sec.gov/Archives/edgar/data/1444406/000114420415025616/0001144204-15-025616-index.htm",
        "finalLink": "https://www.sec.gov/Archives/edgar/data/1444406/000114420415025616/v408095_20f.htm"
    },
    {
        "date": "2014-09-30",
        "symbol": "EC",
        "reportedCurrency": "COP",
        "cik": "0001444406",
        "fillingDate": "2014-09-30",
        "acceptedDate": "2014-09-30 00:00:00",
        "calendarYear": "2014",
        "period": "Q3",
        "revenue": 16813641000000,
        "costOfRevenue": 10921446000000,
        "grossProfit": 5892195000000,
        "grossProfitRatio": 0.350441347,
        "researchAndDevelopmentExpenses": 0,
        "generalAndAdministrativeExpenses": 337507000000,
        "sellingAndMarketingExpenses": 400271000000,
        "sellingGeneralAndAdministrativeExpenses": 737778000000,
        "otherExpenses": 710872000000,
        "operatingExpenses": 1448650000000,
        "costAndExpenses": 12370096000000,
        "interestIncome": 2297292000000,
        "interestExpense": 2972405000000,
        "depreciationAndAmortization": 1575724000000,
        "ebitda": 6019269000000,
        "ebitdaratio": 0.3579991389,
        "operatingIncome": 4443545000000,
        "operatingIncomeRatio": 0.2642821385,
        "totalOtherIncomeExpensesNet": -776833000000,
        "incomeBeforeTax": 3666712000000,
        "incomeBeforeTaxRatio": 0.2180795938,
        "incomeTaxExpense": 1781672000000,
        "netIncome": 1731050000000,
        "netIncomeRatio": 0.1029550946,
        "eps": 842.02,
        "epsdiluted": 842.02,
        "weightedAverageShsOut": 2055834923,
        "weightedAverageShsOutDil": 2055834923,
        "link": null,
        "finalLink": null
    },
    {
        "date": "2014-06-30",
        "symbol": "EC",
        "reportedCurrency": "COP",
        "cik": "0001444406",
        "fillingDate": "2014-06-30",
        "acceptedDate": "2014-06-30 00:00:00",
        "calendarYear": "2014",
        "period": "Q2",
        "revenue": 16932201000000,
        "costOfRevenue": 10598481000000,
        "grossProfit": 6333720000000,
        "grossProfitRatio": 0.3740635963,
        "researchAndDevelopmentExpenses": 0,
        "generalAndAdministrativeExpenses": 226342000000,
        "sellingAndMarketingExpenses": 623137000000,
        "sellingGeneralAndAdministrativeExpenses": 849479000000,
        "otherExpenses": 572072000000,
        "operatingExpenses": 1421551000000,
        "costAndExpenses": 12020032000000,
        "interestIncome": 1190563000000,
        "interestExpense": 1084554000000,
        "depreciationAndAmortization": 1475075000000,
        "ebitda": 6508818000000,
        "ebitdaratio": 0.3844047209,
        "operatingIncome": 4912169000000,
        "operatingIncomeRatio": 0.29010812,
        "totalOtherIncomeExpensesNet": 162041000000,
        "incomeBeforeTax": 5074210000000,
        "incomeBeforeTaxRatio": 0.2996781104,
        "incomeTaxExpense": 2193911000000,
        "netIncome": 2596860000000,
        "netIncomeRatio": 0.1533681298,
        "eps": 1263.17,
        "epsdiluted": 1263.17,
        "weightedAverageShsOut": 2055834923,
        "weightedAverageShsOutDil": 2055834923,
        "link": null,
        "finalLink": null
    },
    {
        "date": "2014-03-31",
        "symbol": "EC",
        "reportedCurrency": "COP",
        "cik": "0001444406",
        "fillingDate": "2014-05-20",
        "acceptedDate": "2014-05-20 07:55:38",
        "calendarYear": "2014",
        "period": "Q1",
        "revenue": 17971324000000,
        "costOfRevenue": 10775476000000,
        "grossProfit": 7195848000000,
        "grossProfitRatio": 0.4004072265,
        "researchAndDevelopmentExpenses": 0,
        "generalAndAdministrativeExpenses": 198525000000,
        "sellingAndMarketingExpenses": 452955000000,
        "sellingGeneralAndAdministrativeExpenses": 651480000000,
        "otherExpenses": 279701000000,
        "operatingExpenses": 931181000000,
        "costAndExpenses": 11706657000000,
        "interestIncome": 1599737000000,
        "interestExpense": 1720649000000,
        "depreciationAndAmortization": 1574939000000,
        "ebitda": 9454657000000,
        "ebitdaratio": 0.526096853,
        "operatingIncome": 6264667000000,
        "operatingIncomeRatio": 0.348592402,
        "totalOtherIncomeExpensesNet": -105598000000,
        "incomeBeforeTax": 6159069000000,
        "incomeBeforeTaxRatio": 0.3427164854,
        "incomeTaxExpense": 2094230000000,
        "netIncome": 3888101000000,
        "netIncomeRatio": 0.2163502811,
        "eps": 1891.25,
        "epsdiluted": 1891.25,
        "weightedAverageShsOut": 2055834923,
        "weightedAverageShsOutDil": 2055834923,
        "link": "https://www.sec.gov/Archives/edgar/data/1444406/000114420414032267/0001144204-14-032267-index.htm",
        "finalLink": "https://www.sec.gov/Archives/edgar/data/1444406/000114420414032267/v378927_ex99-1.htm"
    },
    {
        "date": "2013-12-31",
        "symbol": "EC",
        "reportedCurrency": "COP",
        "cik": "0001444406",
        "fillingDate": "2013-12-31",
        "acceptedDate": "2013-12-31 00:00:00",
        "calendarYear": "2013",
        "period": "Q4",
        "revenue": 17960229000000,
        "costOfRevenue": 11018338000000,
        "grossProfit": 6941891000000,
        "grossProfitRatio": 0.3865146152,
        "researchAndDevelopmentExpenses": 0,
        "generalAndAdministrativeExpenses": 701340000000,
        "sellingAndMarketingExpenses": 1368228000000,
        "sellingGeneralAndAdministrativeExpenses": 2069568000000,
        "otherExpenses": 662658000000,
        "operatingExpenses": 2732226000000,
        "costAndExpenses": 13750564000000,
        "interestIncome": 861896000000,
        "interestExpense": 958079000000,
        "depreciationAndAmortization": 685147000000,
        "ebitda": 5704522000000,
        "ebitdaratio": 0.3176196695,
        "operatingIncome": 4209665000000,
        "operatingIncomeRatio": 0.2343881584,
        "totalOtherIncomeExpensesNet": -148369000000,
        "incomeBeforeTax": 4061296000000,
        "incomeBeforeTaxRatio": 0.2261271836,
        "incomeTaxExpense": 1479253000000,
        "netIncome": 2426505000000,
        "netIncomeRatio": 0.1351043464,
        "eps": 1180.3,
        "epsdiluted": 1180.3,
        "weightedAverageShsOut": 2055834923,
        "weightedAverageShsOutDil": 2055834923,
        "link": null,
        "finalLink": null
    },
    {
        "date": "2013-09-30",
        "symbol": "EC",
        "reportedCurrency": "COP",
        "cik": "0001444406",
        "fillingDate": "2013-09-30",
        "acceptedDate": "2013-09-30 00:00:00",
        "calendarYear": "2013",
        "period": "Q3",
        "revenue": 18127209000000,
        "costOfRevenue": 11223801000000,
        "grossProfit": 6903408000000,
        "grossProfitRatio": 0.3808312686,
        "researchAndDevelopmentExpenses": 0,
        "generalAndAdministrativeExpenses": 212700000000,
        "sellingAndMarketingExpenses": 289818000000,
        "sellingGeneralAndAdministrativeExpenses": 502518000000,
        "otherExpenses": 256858000000,
        "operatingExpenses": 759376000000,
        "costAndExpenses": 11983177000000,
        "interestIncome": 985500000000,
        "interestExpense": 968624000000,
        "depreciationAndAmortization": 1709340000000,
        "ebitda": 9095135000000,
        "ebitdaratio": 0.5017394018,
        "operatingIncome": 6144032000000,
        "operatingIncomeRatio": 0.3389397673,
        "totalOtherIncomeExpensesNet": 273139000000,
        "incomeBeforeTax": 6417171000000,
        "incomeBeforeTaxRatio": 0.3540076688,
        "incomeTaxExpense": 2352725000000,
        "netIncome": 3860788000000,
        "netIncomeRatio": 0.2129830356,
        "eps": 1877.97,
        "epsdiluted": 1877.97,
        "weightedAverageShsOut": 2055834923,
        "weightedAverageShsOutDil": 2055834923,
        "link": null,
        "finalLink": null
    },
    {
        "date": "2013-06-30",
        "symbol": "EC",
        "reportedCurrency": "COP",
        "cik": "0001444406",
        "fillingDate": "2013-07-26",
        "acceptedDate": "2013-07-26 16:50:33",
        "calendarYear": "2013",
        "period": "Q2",
        "revenue": 17595648000000,
        "costOfRevenue": 10492422000000,
        "grossProfit": 7103226000000,
        "grossProfitRatio": 0.4036922084,
        "researchAndDevelopmentExpenses": 0,
        "generalAndAdministrativeExpenses": 317246000000,
        "sellingAndMarketingExpenses": 575712000000,
        "sellingGeneralAndAdministrativeExpenses": 892958000000,
        "otherExpenses": 283073000000,
        "operatingExpenses": 1176031000000,
        "costAndExpenses": 11668453000000,
        "interestIncome": 1043975000000,
        "interestExpense": 1132849000000,
        "depreciationAndAmortization": 1448949000000,
        "ebitda": 8463330000000,
        "ebitdaratio": 0.4809899584,
        "operatingIncome": 5927195000000,
        "operatingIncomeRatio": 0.3368557384,
        "totalOtherIncomeExpensesNet": -45663000000,
        "incomeBeforeTax": 5881532000000,
        "incomeBeforeTaxRatio": 0.3342606081,
        "incomeTaxExpense": 2262057000000,
        "netIncome": 3407585000000,
        "netIncomeRatio": 0.1936606711,
        "eps": 1657.52,
        "epsdiluted": 1657.52,
        "weightedAverageShsOut": 2055727824,
        "weightedAverageShsOutDil": 2055727824,
        "link": "https://www.sec.gov/Archives/edgar/data/1444406/000114420413041447/0001144204-13-041447-index.htm",
        "finalLink": "https://www.sec.gov/Archives/edgar/data/1444406/000114420413041447/v350834_ex99-1.htm"
    },
    {
        "date": "2013-03-31",
        "symbol": "EC",
        "reportedCurrency": "COP",
        "cik": "0001444406",
        "fillingDate": "2013-03-31",
        "acceptedDate": "2013-03-30 20:00:00",
        "calendarYear": "2013",
        "period": "Q1",
        "revenue": 16745628000000,
        "costOfRevenue": 9819721000000,
        "grossProfit": 6925907000000,
        "grossProfitRatio": 0.4135949395,
        "researchAndDevelopmentExpenses": 0,
        "generalAndAdministrativeExpenses": 224431000000,
        "sellingAndMarketingExpenses": 995221000000,
        "sellingGeneralAndAdministrativeExpenses": 1219652000000,
        "otherExpenses": 152417000000,
        "operatingExpenses": 1372069000000,
        "costAndExpenses": 11191790000000,
        "interestIncome": 927055000000,
        "interestExpense": 833282000000,
        "depreciationAndAmortization": 1674653000000,
        "ebitda": 8030144000000,
        "ebitdaratio": 0.4795367483,
        "operatingIncome": 5553838000000,
        "operatingIncomeRatio": 0.3316589859,
        "totalOtherIncomeExpensesNet": -31629000000,
        "incomeBeforeTax": 5522209000000,
        "incomeBeforeTaxRatio": 0.3297701943,
        "incomeTaxExpense": 1994804000000,
        "netIncome": 3411625000000,
        "netIncomeRatio": 0.2037322816,
        "eps": 1659.48,
        "epsdiluted": 1659.48,
        "weightedAverageShsOut": 2055834923,
        "weightedAverageShsOutDil": 2055834923,
        "link": "",
        "finalLink": ""
    },
    {
        "date": "2012-12-31",
        "symbol": "EC",
        "reportedCurrency": "COP",
        "cik": "0001444406",
        "fillingDate": "2013-04-29",
        "acceptedDate": "2013-04-29 07:54:16",
        "calendarYear": "2012",
        "period": "Q4",
        "revenue": 17758185000000,
        "costOfRevenue": 11006004000000,
        "grossProfit": 6752181000000,
        "grossProfitRatio": 0.3802292295,
        "researchAndDevelopmentExpenses": 0,
        "generalAndAdministrativeExpenses": 190835000000,
        "sellingAndMarketingExpenses": 573227000000,
        "sellingGeneralAndAdministrativeExpenses": 764062000000,
        "otherExpenses": 573580000000,
        "operatingExpenses": 1337642000000,
        "costAndExpenses": 12343646000000,
        "interestIncome": 849442000000,
        "interestExpense": 802701000000,
        "depreciationAndAmortization": 322723000000,
        "ebitda": 6072605000000,
        "ebitdaratio": 0.3419609042,
        "operatingIncome": 5414539000000,
        "operatingIncomeRatio": 0.3049038514,
        "totalOtherIncomeExpensesNet": -467358000000,
        "incomeBeforeTax": 4947181000000,
        "incomeBeforeTaxRatio": 0.2785859591,
        "incomeTaxExpense": 1282826000000,
        "netIncome": 3620709000000,
        "netIncomeRatio": 0.2038895867,
        "eps": 1761.19,
        "epsdiluted": 1761.19,
        "weightedAverageShsOut": 2055834923,
        "weightedAverageShsOutDil": 2055834923,
        "link": "https://www.sec.gov/Archives/edgar/data/1444406/000114420413024429/0001144204-13-024429-index.htm",
        "finalLink": "https://www.sec.gov/Archives/edgar/data/1444406/000114420413024429/v342183_20f.htm"
    },
    {
        "date": "2012-09-30",
        "symbol": "EC",
        "reportedCurrency": "COP",
        "cik": "0001444406",
        "fillingDate": "2012-09-30",
        "acceptedDate": "2012-09-29 20:00:00",
        "calendarYear": "2012",
        "period": "Q3",
        "revenue": 16556674000000,
        "costOfRevenue": 10229387000000,
        "grossProfit": 6327287000000,
        "grossProfitRatio": 0.3821593033,
        "researchAndDevelopmentExpenses": 0,
        "generalAndAdministrativeExpenses": 210919000000,
        "sellingAndMarketingExpenses": 598113000000,
        "sellingGeneralAndAdministrativeExpenses": 809032000000,
        "otherExpenses": 346130000000,
        "operatingExpenses": 1155162000000,
        "costAndExpenses": 11384549000000,
        "interestIncome": 35947000000,
        "interestExpense": 137064000000,
        "depreciationAndAmortization": 1738912000000,
        "ebitda": 6861846000000,
        "ebitdaratio": 0.4144459207,
        "operatingIncome": 5172125000000,
        "operatingIncomeRatio": 0.3123891308,
        "totalOtherIncomeExpensesNet": -186255000000,
        "incomeBeforeTax": 4985870000000,
        "incomeBeforeTaxRatio": 0.3011395888,
        "incomeTaxExpense": 1595481000000,
        "netIncome": 3227155000000,
        "netIncomeRatio": 0.1949156576,
        "eps": 1569.75,
        "epsdiluted": 1569.75,
        "weightedAverageShsOut": 2055834923,
        "weightedAverageShsOutDil": 2055834923,
        "link": "",
        "finalLink": ""
    },
    {
        "date": "2012-06-30",
        "symbol": "EC",
        "reportedCurrency": "COP",
        "cik": "0001444406",
        "fillingDate": "2012-06-30",
        "acceptedDate": "2012-06-29 20:00:00",
        "calendarYear": "2012",
        "period": "Q2",
        "revenue": 16509220000000,
        "costOfRevenue": 9541042000000,
        "grossProfit": 6968178000000,
        "grossProfitRatio": 0.4220779661,
        "researchAndDevelopmentExpenses": 0,
        "generalAndAdministrativeExpenses": 218458000000,
        "sellingAndMarketingExpenses": 446819000000,
        "sellingGeneralAndAdministrativeExpenses": 665277000000,
        "otherExpenses": 309350000000,
        "operatingExpenses": 974627000000,
        "costAndExpenses": 10515669000000,
        "interestIncome": 2012010000000,
        "interestExpense": 2086697000000,
        "depreciationAndAmortization": 1823454000000,
        "ebitda": 9675960000000,
        "ebitdaratio": 0.5860943158,
        "operatingIncome": 5993551000000,
        "operatingIncomeRatio": 0.3630426513,
        "totalOtherIncomeExpensesNet": -227742000000,
        "incomeBeforeTax": 5765809000000,
        "incomeBeforeTaxRatio": 0.3492478143,
        "incomeTaxExpense": 2009931000000,
        "netIncome": 3657141000000,
        "netIncomeRatio": 0.2215211258,
        "eps": 1778.91,
        "epsdiluted": 1778.91,
        "weightedAverageShsOut": 2055834923,
        "weightedAverageShsOutDil": 2055834923,
        "link": "",
        "finalLink": ""
    },
    {
        "date": "2012-03-31",
        "symbol": "EC",
        "reportedCurrency": "COP",
        "cik": "0001444406",
        "fillingDate": "2012-03-31",
        "acceptedDate": "2012-03-30 20:00:00",
        "calendarYear": "2012",
        "period": "Q1",
        "revenue": 18027923000000,
        "costOfRevenue": 9759075000000,
        "grossProfit": 8268848000000,
        "grossProfitRatio": 0.4586689215,
        "researchAndDevelopmentExpenses": 0,
        "generalAndAdministrativeExpenses": 254768000000,
        "sellingAndMarketingExpenses": 417833000000,
        "sellingGeneralAndAdministrativeExpenses": 672601000000,
        "otherExpenses": 230199000000,
        "operatingExpenses": 902800000000,
        "costAndExpenses": 10661875000000,
        "interestIncome": 1936070000000,
        "interestExpense": 2041679000000,
        "depreciationAndAmortization": 1583761000000,
        "ebitda": 10258281000000,
        "ebitdaratio": 0.5690217891,
        "operatingIncome": 7366048000000,
        "operatingIncomeRatio": 0.4085910507,
        "totalOtherIncomeExpensesNet": -733207000000,
        "incomeBeforeTax": 6632841000000,
        "incomeBeforeTaxRatio": 0.3679204199,
        "incomeTaxExpense": 2245157000000,
        "netIncome": 4273942000000,
        "netIncomeRatio": 0.2370734554,
        "eps": 2078.93,
        "epsdiluted": 2078.93,
        "weightedAverageShsOut": 2055834923,
        "weightedAverageShsOutDil": 2055834923,
        "link": "",
        "finalLink": ""
    },
    {
        "date": "2011-12-31",
        "symbol": "EC",
        "reportedCurrency": "COP",
        "cik": "0001444406",
        "fillingDate": "2012-04-30",
        "acceptedDate": "2012-04-30 16:50:54",
        "calendarYear": "2011",
        "period": "Q4",
        "revenue": 18851704000000,
        "costOfRevenue": 10675140000000,
        "grossProfit": 8176564000000,
        "grossProfitRatio": 0.4337307651,
        "researchAndDevelopmentExpenses": 0,
        "generalAndAdministrativeExpenses": -446480000000,
        "sellingAndMarketingExpenses": -545695000000,
        "sellingGeneralAndAdministrativeExpenses": -992175000000,
        "otherExpenses": 1770769000000,
        "operatingExpenses": 778594000000,
        "costAndExpenses": 11453734000000,
        "interestIncome": 0,
        "interestExpense": 0,
        "depreciationAndAmortization": -2323235000000,
        "ebitda": -235969000000,
        "ebitdaratio": -0.0125171178,
        "operatingIncome": 7397970000000,
        "operatingIncomeRatio": 0.3924297772,
        "totalOtherIncomeExpensesNet": -607264000000,
        "incomeBeforeTax": 6790706000000,
        "incomeBeforeTaxRatio": 0.3602170923,
        "incomeTaxExpense": 2239731000000,
        "netIncome": 4437761000000,
        "netIncomeRatio": 0.2354037067,
        "eps": 0,
        "epsdiluted": 0,
        "weightedAverageShsOut": 2055834922,
        "weightedAverageShsOutDil": 2055834922,
        "link": "https://www.sec.gov/Archives/edgar/data/1444406/000114420412024958/0001144204-12-024958-index.htm",
        "finalLink": "https://www.sec.gov/Archives/edgar/data/1444406/000114420412024958/v310367_20f.htm"
    },
    {
        "date": "2011-09-30",
        "symbol": "EC",
        "reportedCurrency": "COP",
        "cik": "0001444406",
        "fillingDate": "2011-09-30",
        "acceptedDate": "2011-09-29 20:00:00",
        "calendarYear": "2011",
        "period": "Q3",
        "revenue": 16360290000000,
        "costOfRevenue": 8884745000000,
        "grossProfit": 7475545000000,
        "grossProfitRatio": 0.4569323038,
        "researchAndDevelopmentExpenses": 0,
        "generalAndAdministrativeExpenses": 227910000000,
        "sellingAndMarketingExpenses": 246962000000,
        "sellingGeneralAndAdministrativeExpenses": 474872000000,
        "otherExpenses": 311640000000,
        "operatingExpenses": 786512000000,
        "costAndExpenses": 9671257000000,
        "interestIncome": 4191432000000,
        "interestExpense": 4348811000000,
        "depreciationAndAmortization": 1389785000000,
        "ebitda": 12159706000000,
        "ebitdaratio": 0.7432451381,
        "operatingIncome": 6689033000000,
        "operatingIncomeRatio": 0.4088578503,
        "totalOtherIncomeExpensesNet": -267923000000,
        "incomeBeforeTax": 6421110000000,
        "incomeBeforeTaxRatio": 0.3924814291,
        "incomeTaxExpense": 2191670000000,
        "netIncome": 4152956000000,
        "netIncomeRatio": 0.2538436666,
        "eps": 2052.24,
        "epsdiluted": 2052.24,
        "weightedAverageShsOut": 2023625629,
        "weightedAverageShsOutDil": 2023625629,
        "link": "",
        "finalLink": ""
    },
    {
        "date": "2011-06-30",
        "symbol": "EC",
        "reportedCurrency": "COP",
        "cik": "0001444406",
        "fillingDate": "2011-06-30",
        "acceptedDate": "2011-06-29 20:00:00",
        "calendarYear": "2011",
        "period": "Q2",
        "revenue": 16264700000000,
        "costOfRevenue": 9343389000000,
        "grossProfit": 6921311000000,
        "grossProfitRatio": 0.425541879,
        "researchAndDevelopmentExpenses": 0,
        "generalAndAdministrativeExpenses": 324507000000,
        "sellingAndMarketingExpenses": 200998000000,
        "sellingGeneralAndAdministrativeExpenses": 525505000000,
        "otherExpenses": 336049000000,
        "operatingExpenses": 861554000000,
        "costAndExpenses": 10204943000000,
        "interestIncome": 1334302000000,
        "interestExpense": 1857046000000,
        "depreciationAndAmortization": 1732731000000,
        "ebitda": 8968750000000,
        "ebitdaratio": 0.5514242501,
        "operatingIncome": 6059757000000,
        "operatingIncomeRatio": 0.3725710895,
        "totalOtherIncomeExpensesNet": -680784000000,
        "incomeBeforeTax": 5378973000000,
        "incomeBeforeTaxRatio": 0.3307145536,
        "incomeTaxExpense": 1700145000000,
        "netIncome": 3751299000000,
        "netIncomeRatio": 0.2306405283,
        "eps": 1853.75,
        "epsdiluted": 1853.75,
        "weightedAverageShsOut": 2023625629,
        "weightedAverageShsOutDil": 2023625629,
        "link": "",
        "finalLink": ""
    },
    {
        "date": "2011-03-31",
        "symbol": "EC",
        "reportedCurrency": "COP",
        "cik": "0001444406",
        "fillingDate": "2011-03-31",
        "acceptedDate": "2011-03-30 20:00:00",
        "calendarYear": "2011",
        "period": "Q1",
        "revenue": 14387683000000,
        "costOfRevenue": 7784144000000,
        "grossProfit": 6603539000000,
        "grossProfitRatio": 0.4589716774,
        "researchAndDevelopmentExpenses": 0,
        "generalAndAdministrativeExpenses": 220775000000,
        "sellingAndMarketingExpenses": 187009000000,
        "sellingGeneralAndAdministrativeExpenses": 407784000000,
        "otherExpenses": 516912000000,
        "operatingExpenses": 924696000000,
        "costAndExpenses": 8708840000000,
        "interestIncome": 1143247000000,
        "interestExpense": 1236040000000,
        "depreciationAndAmortization": 1456396000000,
        "ebitda": 7743079000000,
        "ebitdaratio": 0.5381741452,
        "operatingIncome": 5678843000000,
        "operatingIncomeRatio": 0.3947017042,
        "totalOtherIncomeExpensesNet": -628200000000,
        "incomeBeforeTax": 5050643000000,
        "incomeBeforeTaxRatio": 0.3510393578,
        "incomeTaxExpense": 1824175000000,
        "netIncome": 3110317000000,
        "netIncomeRatio": 0.2161791443,
        "eps": 1537,
        "epsdiluted": 1537,
        "weightedAverageShsOut": 2023625629,
        "weightedAverageShsOutDil": 2023625629,
        "link": "",
        "finalLink": ""
    },
    {
        "date": "2010-12-31",
        "symbol": "EC",
        "reportedCurrency": "COP",
        "cik": "0001444406",
        "fillingDate": "2011-07-15",
        "acceptedDate": "2011-07-15 17:26:46",
        "calendarYear": "2010",
        "period": "Q4",
        "revenue": 11644066000000,
        "costOfRevenue": 6835399000000,
        "grossProfit": 4808667000000,
        "grossProfitRatio": 0.4129714655,
        "researchAndDevelopmentExpenses": 0,
        "generalAndAdministrativeExpenses": 176028000000,
        "sellingAndMarketingExpenses": 1671634000000,
        "sellingGeneralAndAdministrativeExpenses": 1847662000000,
        "otherExpenses": -990579000000,
        "operatingExpenses": 857083000000,
        "costAndExpenses": 7692482000000,
        "interestIncome": 0,
        "interestExpense": 0,
        "depreciationAndAmortization": -1558717000000,
        "ebitda": -2427529000000,
        "ebitdaratio": -0.2084777774,
        "operatingIncome": 3951584000000,
        "operatingIncomeRatio": 0.3393646171,
        "totalOtherIncomeExpensesNet": -147542000000,
        "incomeBeforeTax": 3804042000000,
        "incomeBeforeTaxRatio": 0.3266936137,
        "incomeTaxExpense": 1107502000000,
        "netIncome": 2701604000000,
        "netIncomeRatio": 0.2320155176,
        "eps": 1335.03,
        "epsdiluted": 1335.03,
        "weightedAverageShsOut": 2023625629,
        "weightedAverageShsOutDil": 2023625629,
        "link": "https://www.sec.gov/Archives/edgar/data/1444406/000114420411040868/0001144204-11-040868-index.htm",
        "finalLink": "https://www.sec.gov/Archives/edgar/data/1444406/000114420411040868/v228285_20f.htm"
    },
    {
        "date": "2010-09-30",
        "symbol": "EC",
        "reportedCurrency": "COP",
        "cik": "0001444406",
        "fillingDate": "2010-09-30",
        "acceptedDate": "2010-09-29 20:00:00",
        "calendarYear": "2010",
        "period": "Q3",
        "revenue": 9892131000000,
        "costOfRevenue": 6454435000000,
        "grossProfit": 3437696000000,
        "grossProfitRatio": 0.3475182446,
        "researchAndDevelopmentExpenses": 0,
        "generalAndAdministrativeExpenses": 145654000000,
        "sellingAndMarketingExpenses": 143882000000,
        "sellingGeneralAndAdministrativeExpenses": 289536000000,
        "otherExpenses": 380893000000,
        "operatingExpenses": 670429000000,
        "costAndExpenses": 7124864000000,
        "interestIncome": 916345000000,
        "interestExpense": 1063051000000,
        "depreciationAndAmortization": 1402387000000,
        "ebitda": 4797156000000,
        "ebitdaratio": 0.4849466712,
        "operatingIncome": 2767267000000,
        "operatingIncomeRatio": 0.2797442735,
        "totalOtherIncomeExpensesNet": -435549000000,
        "incomeBeforeTax": 2331718000000,
        "incomeBeforeTaxRatio": 0.235714428,
        "incomeTaxExpense": 599658000000,
        "netIncome": 1723470000000,
        "netIncomeRatio": 0.1742263623,
        "eps": 851.67,
        "epsdiluted": 851.67,
        "weightedAverageShsOut": 2023625629,
        "weightedAverageShsOutDil": 2023625629,
        "link": "",
        "finalLink": ""
    },
    {
        "date": "2010-06-30",
        "symbol": "EC",
        "reportedCurrency": "COP",
        "cik": "0001444406",
        "fillingDate": "2010-06-30",
        "acceptedDate": "2010-06-29 20:00:00",
        "calendarYear": "2010",
        "period": "Q2",
        "revenue": 10214343000000,
        "costOfRevenue": 6803510000000,
        "grossProfit": 3410833000000,
        "grossProfitRatio": 0.3339258335,
        "researchAndDevelopmentExpenses": 0,
        "generalAndAdministrativeExpenses": 154387000000,
        "sellingAndMarketingExpenses": 321795000000,
        "sellingGeneralAndAdministrativeExpenses": 476182000000,
        "otherExpenses": 391249000000,
        "operatingExpenses": 867431000000,
        "costAndExpenses": 7670941000000,
        "interestIncome": 2410906000000,
        "interestExpense": 2268341000000,
        "depreciationAndAmortization": 933961000000,
        "ebitda": 5585894000000,
        "ebitdaratio": 0.5468676742,
        "operatingIncome": 2543402000000,
        "operatingIncomeRatio": 0.2490029951,
        "totalOtherIncomeExpensesNet": -159810000000,
        "incomeBeforeTax": 2383592000000,
        "incomeBeforeTaxRatio": 0.2333573486,
        "incomeTaxExpense": 618731000000,
        "netIncome": 1767066000000,
        "netIncomeRatio": 0.1729984983,
        "eps": 17464.4,
        "epsdiluted": 17464.4,
        "weightedAverageShsOut": 2023625629,
        "weightedAverageShsOutDil": 2023625629,
        "link": "",
        "finalLink": ""
    },
    {
        "date": "2010-03-31",
        "symbol": "EC",
        "reportedCurrency": "COP",
        "cik": "0001444406",
        "fillingDate": "2010-03-31",
        "acceptedDate": "2010-03-31 00:00:00",
        "calendarYear": "2010",
        "period": "Q1",
        "revenue": 10217771000000,
        "costOfRevenue": 6105387000000,
        "grossProfit": 4112384000000,
        "grossProfitRatio": 0.4024736902,
        "researchAndDevelopmentExpenses": 0,
        "generalAndAdministrativeExpenses": 125104000000,
        "sellingAndMarketingExpenses": 152256000000,
        "sellingGeneralAndAdministrativeExpenses": 277360000000,
        "otherExpenses": 218437000000,
        "operatingExpenses": 495797000000,
        "costAndExpenses": 6601184000000,
        "interestIncome": 1042652000000,
        "interestExpense": 1148697000000,
        "depreciationAndAmortization": 1141825000000,
        "ebitda": 5263786000000,
        "ebitdaratio": 0.5151599111,
        "operatingIncome": 3616587000000,
        "operatingIncomeRatio": 0.3539506806,
        "totalOtherIncomeExpensesNet": -643323000000,
        "incomeBeforeTax": 2973264000000,
        "incomeBeforeTaxRatio": 0.2909894927,
        "incomeTaxExpense": 912759000000,
        "netIncome": 1954330000000,
        "netIncomeRatio": 0.1912677432,
        "eps": 965.76,
        "epsdiluted": 965.76,
        "weightedAverageShsOut": 2023625629,
        "weightedAverageShsOutDil": 2023625629,
        "link": null,
        "finalLink": null
    },
    {
        "date": "2009-12-31",
        "symbol": "EC",
        "reportedCurrency": "COP",
        "cik": "0001444406",
        "fillingDate": "2010-07-15",
        "acceptedDate": "2010-07-15 06:03:54",
        "calendarYear": "2009",
        "period": "Q4",
        "revenue": 9467840000000,
        "costOfRevenue": 6487721000000,
        "grossProfit": 2980119000000,
        "grossProfitRatio": 0.31476229,
        "researchAndDevelopmentExpenses": 0,
        "generalAndAdministrativeExpenses": -1460290000000,
        "sellingAndMarketingExpenses": 1019764000000,
        "sellingGeneralAndAdministrativeExpenses": -440526000000,
        "otherExpenses": 0,
        "operatingExpenses": -440526000000,
        "costAndExpenses": 6047195000000,
        "interestIncome": 0,
        "interestExpense": 0,
        "depreciationAndAmortization": 1006685000000,
        "ebitda": 3943636000000,
        "ebitdaratio": 0.4165296414,
        "operatingIncome": 3420645000000,
        "operatingIncomeRatio": 0.3612909597,
        "totalOtherIncomeExpensesNet": -2470529000000,
        "incomeBeforeTax": 950116000000,
        "incomeBeforeTaxRatio": 0.1003519282,
        "incomeTaxExpense": 540034000000,
        "netIncome": 316985000000,
        "netIncomeRatio": 0.0334801813,
        "eps": 0,
        "epsdiluted": 0,
        "weightedAverageShsOut": 2023491536,
        "weightedAverageShsOutDil": 2023625629,
        "link": "https://www.sec.gov/Archives/edgar/data/1444406/000114420410037939/0001144204-10-037939-index.htm",
        "finalLink": "https://www.sec.gov/Archives/edgar/data/1444406/000114420410037939/v190357_20f.htm"
    },
    {
        "date": "2009-09-30",
        "symbol": "EC",
        "reportedCurrency": "COP",
        "cik": "0001444406",
        "fillingDate": "2009-09-30",
        "acceptedDate": "2009-09-29 20:00:00",
        "calendarYear": "2009",
        "period": "Q3",
        "revenue": 8901806000000,
        "costOfRevenue": 6071605000000,
        "grossProfit": 2830201000000,
        "grossProfitRatio": 0.3179355964,
        "researchAndDevelopmentExpenses": 0,
        "generalAndAdministrativeExpenses": 167060000000,
        "sellingAndMarketingExpenses": 123736000000,
        "sellingGeneralAndAdministrativeExpenses": 290796000000,
        "otherExpenses": 209087000000,
        "operatingExpenses": 499883000000,
        "costAndExpenses": 6571488000000,
        "interestIncome": 3513002000000,
        "interestExpense": 3789805000000,
        "depreciationAndAmortization": 1074965000000,
        "ebitda": 6505629000000,
        "ebitdaratio": 0.7308212513,
        "operatingIncome": 2330318000000,
        "operatingIncomeRatio": 0.2617803623,
        "totalOtherIncomeExpensesNet": -689459000000,
        "incomeBeforeTax": 1640859000000,
        "incomeBeforeTaxRatio": 0.1843287755,
        "incomeTaxExpense": 532408000000,
        "netIncome": 1109865000000,
        "netIncomeRatio": 0.1246786326,
        "eps": 548.45,
        "epsdiluted": 548.45,
        "weightedAverageShsOut": 2023670327,
        "weightedAverageShsOutDil": 2023670327,
        "link": "",
        "finalLink": ""
    },
    {
        "date": "2009-06-30",
        "symbol": "EC",
        "reportedCurrency": "COP",
        "cik": "0001444406",
        "fillingDate": "2009-06-30",
        "acceptedDate": "2009-06-29 20:00:00",
        "calendarYear": "2009",
        "period": "Q2",
        "revenue": 7276489000000,
        "costOfRevenue": 4684761000000,
        "grossProfit": 2591728000000,
        "grossProfitRatio": 0.3561783712,
        "researchAndDevelopmentExpenses": 0,
        "generalAndAdministrativeExpenses": 186084000000,
        "sellingAndMarketingExpenses": 44570000000,
        "sellingGeneralAndAdministrativeExpenses": 230654000000,
        "otherExpenses": 260131000000,
        "operatingExpenses": 490785000000,
        "costAndExpenses": 5175546000000,
        "interestIncome": 6981821000000,
        "interestExpense": 7757423000000,
        "depreciationAndAmortization": 1117854000000,
        "ebitda": 9908968000000,
        "ebitdaratio": 1.361778737,
        "operatingIncome": 2100943000000,
        "operatingIncomeRatio": 0.2887303204,
        "totalOtherIncomeExpensesNet": -1067252000000,
        "incomeBeforeTax": 1033691000000,
        "incomeBeforeTaxRatio": 0.1420590342,
        "incomeTaxExpense": 348656000000,
        "netIncome": 692276000000,
        "netIncomeRatio": 0.0951387407,
        "eps": 342.1,
        "epsdiluted": 342.1,
        "weightedAverageShsOut": 2023696527,
        "weightedAverageShsOutDil": 2023696527,
        "link": "",
        "finalLink": ""
    },
    {
        "date": "2009-03-31",
        "symbol": "EC",
        "reportedCurrency": "COP",
        "cik": "0001444406",
        "fillingDate": "2009-03-31",
        "acceptedDate": "2009-03-30 20:00:00",
        "calendarYear": "2009",
        "period": "Q1",
        "revenue": 5240119000000,
        "costOfRevenue": 3757941000000,
        "grossProfit": 1482178000000,
        "grossProfitRatio": 0.2828519734,
        "researchAndDevelopmentExpenses": 0,
        "generalAndAdministrativeExpenses": 100428000000,
        "sellingAndMarketingExpenses": 237256000000,
        "sellingGeneralAndAdministrativeExpenses": 337684000000,
        "otherExpenses": 81943000000,
        "operatingExpenses": 419627000000,
        "costAndExpenses": 4177568000000,
        "interestIncome": 3200927000000,
        "interestExpense": 1874833000000,
        "depreciationAndAmortization": 608318000000,
        "ebitda": 4718290000000,
        "ebitdaratio": 0.9004165745,
        "operatingIncome": 1062551000000,
        "operatingIncomeRatio": 0.2027723035,
        "totalOtherIncomeExpensesNet": 1172588000000,
        "incomeBeforeTax": 2235139000000,
        "incomeBeforeTaxRatio": 0.4265435575,
        "incomeTaxExpense": 626655000000,
        "netIncome": 1608434000000,
        "netIncomeRatio": 0.3069460827,
        "eps": 794.83,
        "epsdiluted": 794.83,
        "weightedAverageShsOut": 2023625629,
        "weightedAverageShsOutDil": 2023625629,
        "link": "",
        "finalLink": ""
    },
    {
        "date": "2008-12-31",
        "symbol": "EC",
        "reportedCurrency": "COP",
        "cik": "0001444406",
        "fillingDate": "2009-06-30",
        "acceptedDate": "2009-06-29 21:51:06",
        "calendarYear": "2008",
        "period": "Q4",
        "revenue": 7260663679000,
        "costOfRevenue": 5683745332000,
        "grossProfit": 1576918347000,
        "grossProfitRatio": 0.2171865296,
        "researchAndDevelopmentExpenses": 0,
        "generalAndAdministrativeExpenses": 0,
        "sellingAndMarketingExpenses": 0,
        "sellingGeneralAndAdministrativeExpenses": 925559558000,
        "otherExpenses": 2190101000,
        "operatingExpenses": 927749658000,
        "costAndExpenses": 6611494990000,
        "interestIncome": 0,
        "interestExpense": 0,
        "depreciationAndAmortization": 422341000000,
        "ebitda": 4448978789000,
        "ebitdaratio": 0.6127509806,
        "operatingIncome": 649168689000,
        "operatingIncomeRatio": 0.0894090014,
        "totalOtherIncomeExpensesNet": 2048412852000,
        "incomeBeforeTax": 2697581541000,
        "incomeBeforeTaxRatio": 0.3715337413,
        "incomeTaxExpense": 656620624000,
        "netIncome": 2043606017000,
        "netIncomeRatio": 0.2814627019,
        "eps": 0,
        "epsdiluted": 0,
        "weightedAverageShsOut": 2023625629,
        "weightedAverageShsOutDil": 2023625629,
        "link": "https://www.sec.gov/Archives/edgar/data/1444406/000114420409035059/0001144204-09-035059-index.htm",
        "finalLink": "https://www.sec.gov/Archives/edgar/data/1444406/000114420409035059/v153376_20f.htm"
    },
    {
        "date": "2008-09-30",
        "symbol": "EC",
        "reportedCurrency": "COP",
        "cik": "0001444406",
        "fillingDate": "2008-09-30",
        "acceptedDate": "2008-09-29 20:00:00",
        "calendarYear": "2008",
        "period": "Q3",
        "revenue": 9975908916000,
        "costOfRevenue": 5481822177000,
        "grossProfit": 4494086739000,
        "grossProfitRatio": 0.4504939627,
        "researchAndDevelopmentExpenses": 0,
        "generalAndAdministrativeExpenses": 0,
        "sellingAndMarketingExpenses": 0,
        "sellingGeneralAndAdministrativeExpenses": 532194482000,
        "otherExpenses": 0,
        "operatingExpenses": 532194482000,
        "costAndExpenses": 6014016660000,
        "interestIncome": 0,
        "interestExpense": 0,
        "depreciationAndAmortization": 0,
        "ebitda": 3964082358000,
        "ebitdaratio": 0.3973655324,
        "operatingIncome": 3961892257000,
        "operatingIncomeRatio": 0.3971459934,
        "totalOtherIncomeExpensesNet": 1436706092000,
        "incomeBeforeTax": 5398598349000,
        "incomeBeforeTaxRatio": 0.5411635566,
        "incomeTaxExpense": 1467367503000,
        "netIncome": 3931230846000,
        "netIncomeRatio": 0.3940724478,
        "eps": 1942.84,
        "epsdiluted": 1942.84,
        "weightedAverageShsOut": 1535108244,
        "weightedAverageShsOutDil": 1535108244,
        "link": "",
        "finalLink": ""
    },
    {
        "date": "2008-06-30",
        "symbol": "EC",
        "reportedCurrency": "COP",
        "cik": "0001444406",
        "fillingDate": "2008-06-30",
        "acceptedDate": "2008-06-29 20:00:00",
        "calendarYear": "2008",
        "period": "Q2",
        "revenue": 8307632874000,
        "costOfRevenue": 0,
        "grossProfit": 8307632874000,
        "grossProfitRatio": 1,
        "researchAndDevelopmentExpenses": 0,
        "generalAndAdministrativeExpenses": 0,
        "sellingAndMarketingExpenses": 0,
        "sellingGeneralAndAdministrativeExpenses": 0,
        "otherExpenses": 0,
        "operatingExpenses": 0,
        "costAndExpenses": 0,
        "interestIncome": 0,
        "interestExpense": 0,
        "depreciationAndAmortization": 0,
        "ebitda": 8307632874000,
        "ebitdaratio": 1,
        "operatingIncome": 8307632874000,
        "operatingIncomeRatio": 1,
        "totalOtherIncomeExpensesNet": 0,
        "incomeBeforeTax": 8307632874000,
        "incomeBeforeTaxRatio": 1,
        "incomeTaxExpense": 5487435293000,
        "netIncome": 2820197581000,
        "netIncomeRatio": 0.3394706559,
        "eps": 1393.27,
        "epsdiluted": 1393.27,
        "weightedAverageShsOut": 2024152601,
        "weightedAverageShsOutDil": 2024152601,
        "link": "",
        "finalLink": ""
    },
    {
        "date": "2008-03-31",
        "symbol": "EC",
        "reportedCurrency": "COP",
        "cik": "0001444406",
        "fillingDate": "2008-03-31",
        "acceptedDate": "2008-03-30 20:00:00",
        "calendarYear": "2008",
        "period": "Q1",
        "revenue": 7226778000000,
        "costOfRevenue": 3144017000000,
        "grossProfit": 4082761000000,
        "grossProfitRatio": 0.5649489994,
        "researchAndDevelopmentExpenses": 0,
        "generalAndAdministrativeExpenses": 73282000000,
        "sellingAndMarketingExpenses": 240058000000,
        "sellingGeneralAndAdministrativeExpenses": 313340000000,
        "otherExpenses": 0,
        "operatingExpenses": 313340000000,
        "costAndExpenses": 3457357000000,
        "interestIncome": 1511646000000,
        "interestExpense": 1792417000000,
        "depreciationAndAmortization": 0,
        "ebitda": 4921128000000,
        "ebitdaratio": 0.6809574059,
        "operatingIncome": 3769421000000,
        "operatingIncomeRatio": 0.5215908113,
        "totalOtherIncomeExpensesNet": -640710000000,
        "incomeBeforeTax": 3128711000000,
        "incomeBeforeTaxRatio": 0.4329330443,
        "incomeTaxExpense": 835366000000,
        "netIncome": 2293345000000,
        "netIncomeRatio": 0.3173398989,
        "eps": 1133.2,
        "epsdiluted": 1133.2,
        "weightedAverageShsOut": 2023777797,
        "weightedAverageShsOutDil": 2023777797,
        "link": "",
        "finalLink": ""
    }
]