[
    {
        "date": "2025-06-30",
        "symbol": "ECO",
        "reportedCurrency": "USD",
        "cik": "0001964954",
        "fillingDate": "2025-08-12",
        "acceptedDate": "2025-08-12 16:23:14",
        "calendarYear": "2025",
        "period": "Q2",
        "revenue": 93947134,
        "costOfRevenue": 50490263,
        "grossProfit": 43456871,
        "grossProfitRatio": 0.4625672881,
        "researchAndDevelopmentExpenses": 0,
        "generalAndAdministrativeExpenses": 4041931,
        "sellingAndMarketingExpenses": 0,
        "sellingGeneralAndAdministrativeExpenses": 4041931,
        "otherExpenses": 2480789,
        "operatingExpenses": 6522720,
        "costAndExpenses": 57012983,
        "interestIncome": 407470,
        "interestExpense": 11632771,
        "depreciationAndAmortization": 10343401,
        "ebitda": 48863081,
        "ebitdaratio": 0.5201125241,
        "operatingIncome": 36934151,
        "operatingIncomeRatio": 0.3931376023,
        "totalOtherIncomeExpensesNet": -10047242,
        "incomeBeforeTax": 26886909,
        "incomeBeforeTaxRatio": 0.2861919024,
        "incomeTaxExpense": 0,
        "netIncome": 26886909,
        "netIncomeRatio": 0.2861919024,
        "eps": 0.84,
        "epsdiluted": 0.84,
        "weightedAverageShsOut": 32194108,
        "weightedAverageShsOutDil": 32194108,
        "link": "https://www.sec.gov/Archives/edgar/data/1964954/000141057825001702/0001410578-25-001702-index.htm",
        "finalLink": "https://www.sec.gov/Archives/edgar/data/1964954/000141057825001702/eco-20250630xex99d1.htm"
    },
    {
        "date": "2025-03-31",
        "symbol": "ECO",
        "reportedCurrency": "USD",
        "cik": "0001964954",
        "fillingDate": "2025-05-14",
        "acceptedDate": "2025-05-14 16:22:56",
        "calendarYear": "2025",
        "period": "Q1",
        "revenue": 80147652,
        "costOfRevenue": 51638269,
        "grossProfit": 28509383,
        "grossProfitRatio": 0.3557107699,
        "researchAndDevelopmentExpenses": 0,
        "generalAndAdministrativeExpenses": 4421136,
        "sellingAndMarketingExpenses": 0,
        "sellingGeneralAndAdministrativeExpenses": 4421136,
        "otherExpenses": 1808183,
        "operatingExpenses": 6229319,
        "costAndExpenses": 57867588,
        "interestIncome": 408133,
        "interestExpense": 11405292,
        "depreciationAndAmortization": 10222121,
        "ebitda": 34183346,
        "ebitdaratio": 0.4265046467,
        "operatingIncome": 22280064,
        "operatingIncomeRatio": 0.2779877319,
        "totalOtherIncomeExpensesNet": -9724131,
        "incomeBeforeTax": 12555933,
        "incomeBeforeTaxRatio": 0.1566600229,
        "incomeTaxExpense": 0,
        "netIncome": 12555933,
        "netIncomeRatio": 0.1566600229,
        "eps": 0.39,
        "epsdiluted": 0.39,
        "weightedAverageShsOut": 32194108,
        "weightedAverageShsOutDil": 32194108,
        "link": "https://www.sec.gov/Archives/edgar/data/1964954/000110465925048546/0001104659-25-048546-index.htm",
        "finalLink": "https://www.sec.gov/Archives/edgar/data/1964954/000110465925048546/tm2513909d1_ex99-1.htm"
    },
    {
        "date": "2024-12-31",
        "symbol": "ECO",
        "reportedCurrency": "USD",
        "cik": "0001964954",
        "fillingDate": "2025-03-31",
        "acceptedDate": "2025-03-31 16:15:57",
        "calendarYear": "2024",
        "period": "Q4",
        "revenue": 85189520,
        "costOfRevenue": 54886827,
        "grossProfit": 30302693,
        "grossProfitRatio": 0.3557091647,
        "researchAndDevelopmentExpenses": 0,
        "generalAndAdministrativeExpenses": 2722564,
        "sellingAndMarketingExpenses": 841567,
        "sellingGeneralAndAdministrativeExpenses": 3564131,
        "otherExpenses": 0,
        "operatingExpenses": 3564131,
        "costAndExpenses": 58450958,
        "interestIncome": 656520,
        "interestExpense": 12312194,
        "depreciationAndAmortization": 10364174,
        "ebitda": 37102736,
        "ebitdaratio": 0.4355316945,
        "operatingIncome": 26738562,
        "operatingIncomeRatio": 0.313871495,
        "totalOtherIncomeExpensesNet": -13543967,
        "incomeBeforeTax": 13194595,
        "incomeBeforeTaxRatio": 0.1548851901,
        "incomeTaxExpense": 0,
        "netIncome": 13194595,
        "netIncomeRatio": 0.1548851901,
        "eps": 0.41,
        "epsdiluted": 0.41,
        "weightedAverageShsOut": 32194109,
        "weightedAverageShsOutDil": 32194108,
        "link": "https://www.sec.gov/Archives/edgar/data/1964954/000110465925029874/0001104659-25-029874-index.htm",
        "finalLink": "https://www.sec.gov/Archives/edgar/data/1964954/000110465925029874/eco-20241231x20f.htm"
    },
    {
        "date": "2024-09-30",
        "symbol": "ECO",
        "reportedCurrency": "USD",
        "cik": "0001964954",
        "fillingDate": "2024-11-08",
        "acceptedDate": "2024-11-08 06:00:09",
        "calendarYear": "2024",
        "period": "Q3",
        "revenue": 84929328,
        "costOfRevenue": 53908817,
        "grossProfit": 31020511,
        "grossProfitRatio": 0.3652508707,
        "researchAndDevelopmentExpenses": 0,
        "generalAndAdministrativeExpenses": 1678488,
        "sellingAndMarketingExpenses": -395723,
        "sellingGeneralAndAdministrativeExpenses": 1678488,
        "otherExpenses": 1910077,
        "operatingExpenses": 3588565,
        "costAndExpenses": 57497382,
        "interestIncome": 814301,
        "interestExpense": 14228212,
        "depreciationAndAmortization": 10438617,
        "ebitda": 39213212,
        "ebitdaratio": 0.4617157927,
        "operatingIncome": 27431946,
        "operatingIncomeRatio": 0.3229973278,
        "totalOtherIncomeExpensesNet": -12885559,
        "incomeBeforeTax": 14546387,
        "incomeBeforeTaxRatio": 0.1712763699,
        "incomeTaxExpense": 0,
        "netIncome": 14546387,
        "netIncomeRatio": 0.1712763699,
        "eps": 0.45,
        "epsdiluted": 0.45,
        "weightedAverageShsOut": 32194108,
        "weightedAverageShsOutDil": 32194108,
        "link": "https://www.sec.gov/Archives/edgar/data/1964954/000110465924115465/0001104659-24-115465-index.htm",
        "finalLink": "https://www.sec.gov/Archives/edgar/data/1964954/000110465924115465/tm2426917d1_ex99-1.htm"
    },
    {
        "date": "2024-06-30",
        "symbol": "ECO",
        "reportedCurrency": "USD",
        "cik": "0001964954",
        "fillingDate": "2024-08-09",
        "acceptedDate": "2024-08-09 06:01:40",
        "calendarYear": "2024",
        "period": "Q2",
        "revenue": 111987643,
        "costOfRevenue": 52315752,
        "grossProfit": 59671891,
        "grossProfitRatio": 0.5328435299,
        "researchAndDevelopmentExpenses": 0,
        "generalAndAdministrativeExpenses": 4749020,
        "sellingAndMarketingExpenses": 1224909,
        "sellingGeneralAndAdministrativeExpenses": 5973929,
        "otherExpenses": 0,
        "operatingExpenses": 5973929,
        "costAndExpenses": 58289681,
        "interestIncome": 1295139,
        "interestExpense": 15109041,
        "depreciationAndAmortization": 10176955,
        "ebitda": 63874917,
        "ebitdaratio": 0.5703746886,
        "operatingIncome": 53697962,
        "operatingIncomeRatio": 0.4794989926,
        "totalOtherIncomeExpensesNet": -14131277,
        "incomeBeforeTax": 39566685,
        "incomeBeforeTaxRatio": 0.3533129544,
        "incomeTaxExpense": 0,
        "netIncome": 39566685,
        "netIncomeRatio": 0.3533129544,
        "eps": 1.23,
        "epsdiluted": 1.23,
        "weightedAverageShsOut": 32194108,
        "weightedAverageShsOutDil": 32194108,
        "link": "https://www.sec.gov/Archives/edgar/data/1964954/000110465924087463/0001104659-24-087463-index.htm",
        "finalLink": "https://www.sec.gov/Archives/edgar/data/1964954/000110465924087463/eco-20240630xex99d1.htm"
    },
    {
        "date": "2024-03-31",
        "symbol": "ECO",
        "reportedCurrency": "USD",
        "cik": "0001964954",
        "fillingDate": "2024-03-31",
        "acceptedDate": "2024-03-31 00:00:00",
        "calendarYear": "2024",
        "period": "Q1",
        "revenue": 111123340,
        "costOfRevenue": 49653404,
        "grossProfit": 61469936,
        "grossProfitRatio": 0.5531685423,
        "researchAndDevelopmentExpenses": 0,
        "generalAndAdministrativeExpenses": 4066590,
        "sellingAndMarketingExpenses": 2326843,
        "sellingGeneralAndAdministrativeExpenses": 6393433,
        "otherExpenses": 0,
        "operatingExpenses": 6393433,
        "costAndExpenses": 56046837,
        "interestIncome": 679243,
        "interestExpense": 15840568,
        "depreciationAndAmortization": 10154491,
        "ebitda": 67550658,
        "ebitdaratio": 0.6078890177,
        "operatingIncome": 55076500,
        "operatingIncomeRatio": 0.4956339505,
        "totalOtherIncomeExpensesNet": -13520900,
        "incomeBeforeTax": 41555603,
        "incomeBeforeTaxRatio": 0.373959269,
        "incomeTaxExpense": 0,
        "netIncome": 41555603,
        "netIncomeRatio": 0.373959269,
        "eps": 1.29,
        "epsdiluted": 1.29,
        "weightedAverageShsOut": 32194108,
        "weightedAverageShsOutDil": 32194108,
        "link": null,
        "finalLink": null
    },
    {
        "date": "2023-12-31",
        "symbol": "ECO",
        "reportedCurrency": "USD",
        "cik": "0001964954",
        "fillingDate": "2024-04-30",
        "acceptedDate": "2024-04-30 06:01:08",
        "calendarYear": "2023",
        "period": "Q4",
        "revenue": 91670520,
        "costOfRevenue": 53065654,
        "grossProfit": 38604866,
        "grossProfitRatio": 0.4211262901,
        "researchAndDevelopmentExpenses": 0,
        "generalAndAdministrativeExpenses": 3665828,
        "sellingAndMarketingExpenses": 1026026,
        "sellingGeneralAndAdministrativeExpenses": 4691854,
        "otherExpenses": 0,
        "operatingExpenses": 4691854,
        "costAndExpenses": 57757508,
        "interestIncome": 906536,
        "interestExpense": 15095290,
        "depreciationAndAmortization": 10277065,
        "ebitda": 46632787,
        "ebitdaratio": 0.5086999288,
        "operatingIncome": 33913010,
        "operatingIncomeRatio": 0.369944558,
        "totalOtherIncomeExpensesNet": -12652578,
        "incomeBeforeTax": 21260434,
        "incomeBeforeTaxRatio": 0.2319222581,
        "incomeTaxExpense": 6,
        "netIncome": 21260434,
        "netIncomeRatio": 0.2319222581,
        "eps": 0.66,
        "epsdiluted": 0.66,
        "weightedAverageShsOut": 32194108,
        "weightedAverageShsOutDil": 32194108,
        "link": "https://www.sec.gov/Archives/edgar/data/1964954/000110465924054337/0001104659-24-054337-index.htm",
        "finalLink": "https://www.sec.gov/Archives/edgar/data/1964954/000110465924054337/eco-20231231x20f.htm"
    },
    {
        "date": "2023-09-30",
        "symbol": "ECO",
        "reportedCurrency": "USD",
        "cik": "0001964954",
        "fillingDate": "2023-09-30",
        "acceptedDate": "2023-09-29 20:00:00",
        "calendarYear": "2023",
        "period": "Q3",
        "revenue": 89066153,
        "costOfRevenue": 49290647,
        "grossProfit": 39775506,
        "grossProfitRatio": 0.4465838555,
        "researchAndDevelopmentExpenses": 0,
        "generalAndAdministrativeExpenses": 3325113,
        "sellingAndMarketingExpenses": 1024720,
        "sellingGeneralAndAdministrativeExpenses": 4349833,
        "otherExpenses": 0,
        "operatingExpenses": 4349833,
        "costAndExpenses": 53640480,
        "interestIncome": 1019770,
        "interestExpense": 15649925,
        "depreciationAndAmortization": 10047424,
        "ebitda": 45473097,
        "ebitdaratio": 0.5105541832,
        "operatingIncome": 35425673,
        "operatingIncomeRatio": 0.3977456285,
        "totalOtherIncomeExpensesNet": -15976492,
        "incomeBeforeTax": 19449181,
        "incomeBeforeTaxRatio": 0.2183678125,
        "incomeTaxExpense": 0,
        "netIncome": 19449181,
        "netIncomeRatio": 0.2183678125,
        "eps": 0.6,
        "epsdiluted": 0.6,
        "weightedAverageShsOut": 32194108,
        "weightedAverageShsOutDil": 32194108,
        "link": null,
        "finalLink": null
    },
    {
        "date": "2023-06-30",
        "symbol": "ECO",
        "reportedCurrency": "USD",
        "cik": "0001964954",
        "fillingDate": "2023-06-30",
        "acceptedDate": "2023-06-29 20:00:00",
        "calendarYear": "2023",
        "period": "Q2",
        "revenue": 119807339,
        "costOfRevenue": 47066922,
        "grossProfit": 72740417,
        "grossProfitRatio": 0.6071449179,
        "researchAndDevelopmentExpenses": 0,
        "generalAndAdministrativeExpenses": 3548825,
        "sellingAndMarketingExpenses": 1816909,
        "sellingGeneralAndAdministrativeExpenses": 5365734,
        "otherExpenses": 0,
        "operatingExpenses": 5365734,
        "costAndExpenses": 52432656,
        "interestIncome": 1122265,
        "interestExpense": 15751756,
        "depreciationAndAmortization": 10072302,
        "ebitda": 77446985,
        "ebitdaratio": 0.6464293894,
        "operatingIncome": 67374683,
        "operatingIncomeRatio": 0.562358563,
        "totalOtherIncomeExpensesNet": -14437030,
        "incomeBeforeTax": 52937653,
        "incomeBeforeTaxRatio": 0.4418565126,
        "incomeTaxExpense": 0,
        "netIncome": 52937653,
        "netIncomeRatio": 0.4418565126,
        "eps": 1.64,
        "epsdiluted": 1.64,
        "weightedAverageShsOut": 32194108,
        "weightedAverageShsOutDil": 32194108,
        "link": null,
        "finalLink": null
    },
    {
        "date": "2023-03-31",
        "symbol": "ECO",
        "reportedCurrency": "USD",
        "cik": "0001964954",
        "fillingDate": "2023-03-31",
        "acceptedDate": "2023-03-30 20:00:00",
        "calendarYear": "2023",
        "period": "Q1",
        "revenue": 112552594,
        "costOfRevenue": 42260929,
        "grossProfit": 70291665,
        "grossProfitRatio": 0.6245228342,
        "researchAndDevelopmentExpenses": 0,
        "generalAndAdministrativeExpenses": 3992607,
        "sellingAndMarketingExpenses": 1889504,
        "sellingGeneralAndAdministrativeExpenses": 5882111,
        "otherExpenses": 0,
        "operatingExpenses": 5882111,
        "costAndExpenses": 48143040,
        "interestIncome": 1055993,
        "interestExpense": 14682095,
        "depreciationAndAmortization": 9985837,
        "ebitda": 76271684,
        "ebitdaratio": 0.6776537198,
        "operatingIncome": 64409554,
        "operatingIncomeRatio": 0.5722618352,
        "totalOtherIncomeExpensesNet": -12805798,
        "incomeBeforeTax": 51603756,
        "incomeBeforeTaxRatio": 0.4584857102,
        "incomeTaxExpense": 0,
        "netIncome": 51603756,
        "netIncomeRatio": 0.4584857102,
        "eps": 1.6,
        "epsdiluted": 1.6,
        "weightedAverageShsOut": 32194108,
        "weightedAverageShsOutDil": 32194108,
        "link": null,
        "finalLink": null
    },
    {
        "date": "2022-12-31",
        "symbol": "ECO",
        "reportedCurrency": "USD",
        "cik": "0001964954",
        "fillingDate": "2022-12-31",
        "acceptedDate": "2022-12-30 19:00:00",
        "calendarYear": "2022",
        "period": "Q4",
        "revenue": 110236872,
        "costOfRevenue": 46453554,
        "grossProfit": 63783318,
        "grossProfitRatio": 0.5786023936,
        "researchAndDevelopmentExpenses": 0,
        "generalAndAdministrativeExpenses": 2746844,
        "sellingAndMarketingExpenses": 1417563,
        "sellingGeneralAndAdministrativeExpenses": 4164406,
        "otherExpenses": 0,
        "operatingExpenses": 4164408,
        "costAndExpenses": 50617962,
        "interestIncome": 358067,
        "interestExpense": 13110748,
        "depreciationAndAmortization": 10166315,
        "ebitda": 71704471,
        "ebitdaratio": 0.6504581425,
        "operatingIncome": 59618911,
        "operatingIncomeRatio": 0.5408254962,
        "totalOtherIncomeExpensesNet": -11191507,
        "incomeBeforeTax": 48427404,
        "incomeBeforeTaxRatio": 0.4393031399,
        "incomeTaxExpense": 0,
        "netIncome": 48427406,
        "netIncomeRatio": 0.439303158,
        "eps": 1.5,
        "epsdiluted": 1.5,
        "weightedAverageShsOut": 32194108,
        "weightedAverageShsOutDil": 32194108,
        "link": null,
        "finalLink": null
    },
    {
        "date": "2022-09-30",
        "symbol": "ECO",
        "reportedCurrency": "USD",
        "cik": "0001964954",
        "fillingDate": "2022-09-30",
        "acceptedDate": "2022-09-28 20:00:00",
        "calendarYear": "2022",
        "period": "Q3",
        "revenue": 69213247,
        "costOfRevenue": 38262748,
        "grossProfit": 30950499,
        "grossProfitRatio": 0.4471759431,
        "researchAndDevelopmentExpenses": 0,
        "generalAndAdministrativeExpenses": 2423202,
        "sellingAndMarketingExpenses": 683176,
        "sellingGeneralAndAdministrativeExpenses": 3106378,
        "otherExpenses": 0,
        "operatingExpenses": 3106378,
        "costAndExpenses": 41369126,
        "interestIncome": 279335,
        "interestExpense": 10059081,
        "depreciationAndAmortization": 9541719,
        "ebitda": 37385840,
        "ebitdaratio": 0.5401544014,
        "operatingIncome": 27844120,
        "operatingIncomeRatio": 0.4022946648,
        "totalOtherIncomeExpensesNet": -8935716,
        "incomeBeforeTax": 18908405,
        "incomeBeforeTaxRatio": 0.2731905498,
        "incomeTaxExpense": 2,
        "netIncome": 18908405,
        "netIncomeRatio": 0.2731905498,
        "eps": 0.59,
        "epsdiluted": 0.59,
        "weightedAverageShsOut": 32194108,
        "weightedAverageShsOutDil": 32194108,
        "link": null,
        "finalLink": null
    },
    {
        "date": "2022-06-30",
        "symbol": "ECO",
        "reportedCurrency": "USD",
        "cik": "0001964954",
        "fillingDate": "2022-06-30",
        "acceptedDate": "2022-06-28 20:00:00",
        "calendarYear": "2022",
        "period": "Q2",
        "revenue": 49874718,
        "costOfRevenue": 32481898,
        "grossProfit": 17392820,
        "grossProfitRatio": 0.3487301923,
        "researchAndDevelopmentExpenses": 0,
        "generalAndAdministrativeExpenses": 1966656,
        "sellingAndMarketingExpenses": 758022,
        "sellingGeneralAndAdministrativeExpenses": 2724678,
        "otherExpenses": 0,
        "operatingExpenses": 2724678,
        "costAndExpenses": 35206576,
        "interestIncome": 83835,
        "interestExpense": 8973466,
        "depreciationAndAmortization": 10017306,
        "ebitda": 24685448,
        "ebitdaratio": 0.4949491243,
        "operatingIncome": 14668140,
        "operatingIncomeRatio": 0.294099708,
        "totalOtherIncomeExpensesNet": -6725756,
        "incomeBeforeTax": 7942386,
        "incomeBeforeTaxRatio": 0.159246735,
        "incomeTaxExpense": 5,
        "netIncome": 7942386,
        "netIncomeRatio": 0.159246735,
        "eps": 0.25,
        "epsdiluted": 0.25,
        "weightedAverageShsOut": 32194108,
        "weightedAverageShsOutDil": 32194108,
        "link": null,
        "finalLink": null
    },
    {
        "date": "2022-03-31",
        "symbol": "ECO",
        "reportedCurrency": "USD",
        "cik": "0001964954",
        "fillingDate": "2022-03-31",
        "acceptedDate": "2022-03-29 20:00:00",
        "calendarYear": "2022",
        "period": "Q1",
        "revenue": 41647584,
        "costOfRevenue": 30591405,
        "grossProfit": 11056179,
        "grossProfitRatio": 0.265469877,
        "researchAndDevelopmentExpenses": 0,
        "generalAndAdministrativeExpenses": 2541021,
        "sellingAndMarketingExpenses": 523657,
        "sellingGeneralAndAdministrativeExpenses": 3064679,
        "otherExpenses": 0,
        "operatingExpenses": 3064679,
        "costAndExpenses": 33656084,
        "interestIncome": 291.0000000029,
        "interestExpense": 5938680,
        "depreciationAndAmortization": 8237584,
        "ebitda": 16229084,
        "ebitdaratio": 0.3896764816,
        "operatingIncome": 7991500,
        "operatingIncomeRatio": 0.1918838797,
        "totalOtherIncomeExpensesNet": 1290298,
        "incomeBeforeTax": 9281798,
        "incomeBeforeTaxRatio": 0.2228652207,
        "incomeTaxExpense": -4,
        "netIncome": 9281798,
        "netIncomeRatio": 0.2228652207,
        "eps": 0.29,
        "epsdiluted": 0.29,
        "weightedAverageShsOut": 32227711,
        "weightedAverageShsOutDil": 32227711,
        "link": null,
        "finalLink": null
    },
    {
        "date": "2021-12-31",
        "symbol": "ECO",
        "reportedCurrency": "USD",
        "cik": "0001964954",
        "fillingDate": "2021-12-31",
        "acceptedDate": "2021-12-29 19:00:00",
        "calendarYear": "2021",
        "period": "Q4",
        "revenue": 34978883,
        "costOfRevenue": 29297780,
        "grossProfit": 5681103,
        "grossProfitRatio": 0.1624152206,
        "researchAndDevelopmentExpenses": 0,
        "generalAndAdministrativeExpenses": 1688228,
        "sellingAndMarketingExpenses": 506630,
        "sellingGeneralAndAdministrativeExpenses": 2194858,
        "otherExpenses": 0,
        "operatingExpenses": 2194858,
        "costAndExpenses": 31492638,
        "interestIncome": 315,
        "interestExpense": 13280255,
        "depreciationAndAmortization": 8366654,
        "ebitda": 26189290,
        "ebitdaratio": 0.7487171617,
        "operatingIncome": 3486250,
        "operatingIncomeRatio": 0.0996672764,
        "totalOtherIncomeExpensesNet": -10748611,
        "incomeBeforeTax": 4542379,
        "incomeBeforeTaxRatio": 0.1298606076,
        "incomeTaxExpense": -4,
        "netIncome": 4542379,
        "netIncomeRatio": 0.1298606076,
        "eps": 0.14,
        "epsdiluted": 0.14,
        "weightedAverageShsOut": 32361936,
        "weightedAverageShsOutDil": 32361936,
        "link": null,
        "finalLink": null
    },
    {
        "date": "2021-09-30",
        "symbol": "ECO",
        "reportedCurrency": "USD",
        "cik": "0001964954",
        "fillingDate": "2021-09-30",
        "acceptedDate": "2021-09-28 20:00:00",
        "calendarYear": "2021",
        "period": "Q3",
        "revenue": 38674899,
        "costOfRevenue": 32787835,
        "grossProfit": 5887064,
        "grossProfitRatio": 0.1522192469,
        "researchAndDevelopmentExpenses": 0,
        "generalAndAdministrativeExpenses": 2365057,
        "sellingAndMarketingExpenses": 514211,
        "sellingGeneralAndAdministrativeExpenses": 2879268,
        "otherExpenses": 0,
        "operatingExpenses": 2879268,
        "costAndExpenses": 35667103,
        "interestIncome": 591.0000000061999,
        "interestExpense": 7385345,
        "depreciationAndAmortization": 8285672,
        "ebitda": 11293468,
        "ebitdaratio": 0.2920102778,
        "operatingIncome": 3007800,
        "operatingIncomeRatio": 0.0777713731,
        "totalOtherIncomeExpensesNet": -7606495,
        "incomeBeforeTax": -4707843,
        "incomeBeforeTaxRatio": -0.1217286437,
        "incomeTaxExpense": -2,
        "netIncome": -4707843,
        "netIncomeRatio": -0.1217286437,
        "eps": -0.15,
        "epsdiluted": -0.15,
        "weightedAverageShsOut": 32375917,
        "weightedAverageShsOutDil": 32375917,
        "link": null,
        "finalLink": null
    },
    {
        "date": "2021-06-30",
        "symbol": "ECO",
        "reportedCurrency": "USD",
        "cik": "0001964954",
        "fillingDate": "2021-06-30",
        "acceptedDate": "2021-06-28 20:00:00",
        "calendarYear": "2021",
        "period": "Q2",
        "revenue": 47370822,
        "costOfRevenue": 33197390,
        "grossProfit": 14173432,
        "grossProfitRatio": 0.2992017322,
        "researchAndDevelopmentExpenses": 0,
        "generalAndAdministrativeExpenses": 2171619,
        "sellingAndMarketingExpenses": 597188,
        "sellingGeneralAndAdministrativeExpenses": 2768807,
        "otherExpenses": 0,
        "operatingExpenses": 2768807,
        "costAndExpenses": 35966197,
        "interestIncome": 1133.0000000122,
        "interestExpense": 7832749,
        "depreciationAndAmortization": 10824810,
        "ebitda": 10578242,
        "ebitdaratio": 0.2233071235,
        "operatingIncome": 11404630,
        "operatingIncomeRatio": 0.2407522082,
        "totalOtherIncomeExpensesNet": -7932132,
        "incomeBeforeTax": -8079313,
        "incomeBeforeTaxRatio": -0.1705546296,
        "incomeTaxExpense": 0,
        "netIncome": -8079313,
        "netIncomeRatio": -0.1705546296,
        "eps": -0.25,
        "epsdiluted": -0.25,
        "weightedAverageShsOut": 32375917,
        "weightedAverageShsOutDil": 32375917,
        "link": null,
        "finalLink": null
    },
    {
        "date": "2021-03-31",
        "symbol": "ECO",
        "reportedCurrency": "USD",
        "cik": "0001964954",
        "fillingDate": "2021-03-31",
        "acceptedDate": "2021-03-29 20:00:00",
        "calendarYear": "2021",
        "period": "Q1",
        "revenue": 47973621,
        "costOfRevenue": 29086020,
        "grossProfit": 18887601,
        "grossProfitRatio": 0.3937080547,
        "researchAndDevelopmentExpenses": 0,
        "generalAndAdministrativeExpenses": 4295236,
        "sellingAndMarketingExpenses": 611127,
        "sellingGeneralAndAdministrativeExpenses": 4906363,
        "otherExpenses": 0,
        "operatingExpenses": 4906363,
        "costAndExpenses": 33992383,
        "interestIncome": 1431.0000000097,
        "interestExpense": 7967074,
        "depreciationAndAmortization": 11189130,
        "ebitda": 25170368,
        "ebitdaratio": 0.5246710062,
        "operatingIncome": 13981240,
        "operatingIncomeRatio": 0.2914359956,
        "totalOtherIncomeExpensesNet": -6639360,
        "incomeBeforeTax": 7341878,
        "incomeBeforeTaxRatio": 0.1530398967,
        "incomeTaxExpense": 0,
        "netIncome": 7341878,
        "netIncomeRatio": 0.1530398967,
        "eps": 0.23,
        "epsdiluted": 0.23,
        "weightedAverageShsOut": 32375917,
        "weightedAverageShsOutDil": 32375917,
        "link": null,
        "finalLink": null
    },
    {
        "date": "2020-12-31",
        "symbol": "ECO",
        "reportedCurrency": "USD",
        "cik": "0001964954",
        "fillingDate": "2020-12-31",
        "acceptedDate": "2020-12-30 19:00:00",
        "calendarYear": "2020",
        "period": "Q4",
        "revenue": 52826055,
        "costOfRevenue": 23071963,
        "grossProfit": 29754092,
        "grossProfitRatio": 0.5632465267,
        "researchAndDevelopmentExpenses": 0,
        "generalAndAdministrativeExpenses": 1472876,
        "sellingAndMarketingExpenses": 676977,
        "sellingGeneralAndAdministrativeExpenses": 2149853,
        "otherExpenses": 0,
        "operatingExpenses": 12692021,
        "costAndExpenses": 35763984,
        "interestIncome": 1881,
        "interestExpense": 8104973,
        "depreciationAndAmortization": 8614900,
        "ebitda": 24886457,
        "ebitdaratio": 0.4711019401,
        "operatingIncome": 16271557,
        "operatingIncomeRatio": 0.30802143,
        "totalOtherIncomeExpensesNet": -8766369,
        "incomeBeforeTax": 7505188,
        "incomeBeforeTaxRatio": 0.1420736036,
        "incomeTaxExpense": 0,
        "netIncome": 7505188,
        "netIncomeRatio": 0.1420736036,
        "eps": 0.23,
        "epsdiluted": 0.23,
        "weightedAverageShsOut": 32376044,
        "weightedAverageShsOutDil": 32375917,
        "link": null,
        "finalLink": null
    },
    {
        "date": "2020-09-30",
        "symbol": "ECO",
        "reportedCurrency": "USD",
        "cik": "0001964954",
        "fillingDate": "2020-09-30",
        "acceptedDate": "2020-09-29 20:00:00",
        "calendarYear": "2020",
        "period": "Q3",
        "revenue": 58148996,
        "costOfRevenue": 20427097,
        "grossProfit": 37721899,
        "grossProfitRatio": 0.6487110973,
        "researchAndDevelopmentExpenses": 0,
        "generalAndAdministrativeExpenses": 1548598,
        "sellingAndMarketingExpenses": 719362,
        "sellingGeneralAndAdministrativeExpenses": 2267960,
        "otherExpenses": 0,
        "operatingExpenses": 14264690,
        "costAndExpenses": 34691787,
        "interestIncome": 4182,
        "interestExpense": 9171520,
        "depreciationAndAmortization": 10242498,
        "ebitda": 35453939,
        "ebitdaratio": 0.6097085322,
        "operatingIncome": 25211441,
        "operatingIncomeRatio": 0.4335662304,
        "totalOtherIncomeExpensesNet": -9599564,
        "incomeBeforeTax": 15611877,
        "incomeBeforeTaxRatio": 0.2684805942,
        "incomeTaxExpense": 0,
        "netIncome": 15611877,
        "netIncomeRatio": 0.2684805942,
        "eps": 0.48,
        "epsdiluted": 0.48,
        "weightedAverageShsOut": 32375949,
        "weightedAverageShsOutDil": 32375917,
        "link": null,
        "finalLink": null
    },
    {
        "date": "2020-06-30",
        "symbol": "ECO",
        "reportedCurrency": "USD",
        "cik": "0001964954",
        "fillingDate": "2020-06-30",
        "acceptedDate": "2020-06-29 20:00:00",
        "calendarYear": "2020",
        "period": "Q2",
        "revenue": 81382109,
        "costOfRevenue": 20320824,
        "grossProfit": 61061285,
        "grossProfitRatio": 0.7503035464,
        "researchAndDevelopmentExpenses": 0,
        "generalAndAdministrativeExpenses": 3408592,
        "sellingAndMarketingExpenses": 1005336,
        "sellingGeneralAndAdministrativeExpenses": 4413928,
        "otherExpenses": 0,
        "operatingExpenses": 14488804,
        "costAndExpenses": 34809628,
        "interestIncome": 10392,
        "interestExpense": 9492859,
        "depreciationAndAmortization": 10053549,
        "ebitda": 56647357,
        "ebitdaratio": 0.6960664659,
        "operatingIncome": 46593808,
        "operatingIncomeRatio": 0.572531341,
        "totalOtherIncomeExpensesNet": -9492935,
        "incomeBeforeTax": 37100873,
        "incomeBeforeTaxRatio": 0.4558848801,
        "incomeTaxExpense": 0,
        "netIncome": 37100873,
        "netIncomeRatio": 0.4558848801,
        "eps": 1.15,
        "epsdiluted": 1.15,
        "weightedAverageShsOut": 32389666,
        "weightedAverageShsOutDil": 32389653,
        "link": null,
        "finalLink": null
    },
    {
        "date": "2020-03-31",
        "symbol": "ECO",
        "reportedCurrency": "USD",
        "cik": "0001964954",
        "fillingDate": "2020-03-31",
        "acceptedDate": "2020-03-30 20:00:00",
        "calendarYear": "2020",
        "period": "Q1",
        "revenue": 90513170,
        "costOfRevenue": 24475091,
        "grossProfit": 66038079,
        "grossProfitRatio": 0.729596356,
        "researchAndDevelopmentExpenses": 0,
        "generalAndAdministrativeExpenses": 1407817,
        "sellingAndMarketingExpenses": 1355400,
        "sellingGeneralAndAdministrativeExpenses": 2763217,
        "otherExpenses": 0,
        "operatingExpenses": 14090727,
        "costAndExpenses": 38565818,
        "interestIncome": 34044,
        "interestExpense": 10880391,
        "depreciationAndAmortization": 9990912,
        "ebitda": 63274862,
        "ebitdaratio": 0.6990680141,
        "operatingIncome": 53283950,
        "operatingIncomeRatio": 0.5886872595,
        "totalOtherIncomeExpensesNet": -12182946,
        "incomeBeforeTax": 41101004,
        "incomeBeforeTaxRatio": 0.4540886591,
        "incomeTaxExpense": 0,
        "netIncome": 41101004,
        "netIncomeRatio": 0.4540886591,
        "eps": 1.26,
        "epsdiluted": 1.26,
        "weightedAverageShsOut": 32711071,
        "weightedAverageShsOutDil": 32711053,
        "link": null,
        "finalLink": null
    },
    {
        "date": "2019-12-31",
        "symbol": "ECO",
        "reportedCurrency": "USD",
        "cik": "0001964954",
        "fillingDate": "2019-12-31",
        "acceptedDate": "2019-12-30 19:00:00",
        "calendarYear": "2019",
        "period": "Q4",
        "revenue": 59543348,
        "costOfRevenue": 18012053,
        "grossProfit": 41531295,
        "grossProfitRatio": 0.6974968052,
        "researchAndDevelopmentExpenses": 0,
        "generalAndAdministrativeExpenses": 1775188,
        "sellingAndMarketingExpenses": 880483,
        "sellingGeneralAndAdministrativeExpenses": 2655671,
        "otherExpenses": 0,
        "operatingExpenses": 11233598,
        "costAndExpenses": 29245651,
        "interestIncome": 15766,
        "interestExpense": 11468772,
        "depreciationAndAmortization": 7539617,
        "ebitda": 37158913,
        "ebitdaratio": 0.6240648913,
        "operatingIncome": 29619296,
        "operatingIncomeRatio": 0.4974408896,
        "totalOtherIncomeExpensesNet": -11916478,
        "incomeBeforeTax": 17702818,
        "incomeBeforeTaxRatio": 0.2973097515,
        "incomeTaxExpense": 0,
        "netIncome": 17702818,
        "netIncomeRatio": 0.2973097515,
        "eps": 0.54,
        "epsdiluted": 0.54,
        "weightedAverageShsOut": 32739888,
        "weightedAverageShsOutDil": 32739851,
        "link": null,
        "finalLink": null
    },
    {
        "date": "2019-09-30",
        "symbol": "ECO",
        "reportedCurrency": "USD",
        "cik": "0001964954",
        "fillingDate": "2019-09-30",
        "acceptedDate": "2019-09-29 20:00:00",
        "calendarYear": "2019",
        "period": "Q3",
        "revenue": 29380957,
        "costOfRevenue": 13885816,
        "grossProfit": 15495141,
        "grossProfitRatio": 0.5273872121,
        "researchAndDevelopmentExpenses": 0,
        "generalAndAdministrativeExpenses": 1033196,
        "sellingAndMarketingExpenses": 356972,
        "sellingGeneralAndAdministrativeExpenses": 1390168,
        "otherExpenses": 0,
        "operatingExpenses": 10012547,
        "costAndExpenses": 23898363,
        "interestIncome": 30504,
        "interestExpense": 10241164,
        "depreciationAndAmortization": 7019108,
        "ebitda": 14104973,
        "ebitdaratio": 0.4800719391,
        "operatingIncome": 7085865,
        "operatingIncomeRatio": 0.2411720285,
        "totalOtherIncomeExpensesNet": -10272704,
        "incomeBeforeTax": -3186839,
        "incomeBeforeTaxRatio": -0.1084661402,
        "incomeTaxExpense": 0,
        "netIncome": -3186839,
        "netIncomeRatio": -0.1084661402,
        "eps": -0.097,
        "epsdiluted": -0.097,
        "weightedAverageShsOut": 32838099,
        "weightedAverageShsOutDil": 32837774,
        "link": null,
        "finalLink": null
    },
    {
        "date": "2019-06-30",
        "symbol": "ECO",
        "reportedCurrency": "USD",
        "cik": "0001964954",
        "fillingDate": "2019-06-30",
        "acceptedDate": "2019-06-29 20:00:00",
        "calendarYear": "2019",
        "period": "Q2",
        "revenue": 19569742,
        "costOfRevenue": 9984275,
        "grossProfit": 9585467,
        "grossProfitRatio": 0.4898105964,
        "researchAndDevelopmentExpenses": 0,
        "generalAndAdministrativeExpenses": 1027034,
        "sellingAndMarketingExpenses": 224331,
        "sellingGeneralAndAdministrativeExpenses": 1251366,
        "otherExpenses": 0,
        "operatingExpenses": 5791922,
        "costAndExpenses": 15776197,
        "interestIncome": 41628,
        "interestExpense": 7495067,
        "depreciationAndAmortization": 4507146,
        "ebitda": 8334101,
        "ebitdaratio": 0.4258666772,
        "operatingIncome": 3826955,
        "operatingIncomeRatio": 0.1955546987,
        "totalOtherIncomeExpensesNet": -7444782,
        "incomeBeforeTax": -3617827,
        "incomeBeforeTaxRatio": -0.1848684055,
        "incomeTaxExpense": 0,
        "netIncome": -3617827,
        "netIncomeRatio": -0.1848684055,
        "eps": -0.11,
        "epsdiluted": -0.11,
        "weightedAverageShsOut": 32100253,
        "weightedAverageShsOutDil": 32100000,
        "link": null,
        "finalLink": null
    },
    {
        "date": "2019-03-31",
        "symbol": "ECO",
        "reportedCurrency": "USD",
        "cik": "0001964954",
        "fillingDate": "2019-03-31",
        "acceptedDate": "2019-03-30 20:00:00",
        "calendarYear": "2019",
        "period": "Q1",
        "revenue": 19239560,
        "costOfRevenue": 8308452,
        "grossProfit": 10931108,
        "grossProfitRatio": 0.5681578997,
        "researchAndDevelopmentExpenses": 0,
        "generalAndAdministrativeExpenses": 1680009,
        "sellingAndMarketingExpenses": 203621,
        "sellingGeneralAndAdministrativeExpenses": 1883630,
        "otherExpenses": 0,
        "operatingExpenses": 10487026,
        "costAndExpenses": 18795478,
        "interestIncome": 42122,
        "interestExpense": 4805457,
        "depreciationAndAmortization": 3803338,
        "ebitda": 9047478,
        "ebitdaratio": 0.4702538935,
        "operatingIncome": 5244140,
        "operatingIncomeRatio": 0.2725706825,
        "totalOtherIncomeExpensesNet": -4757936,
        "incomeBeforeTax": 486204,
        "incomeBeforeTaxRatio": 0.0252710561,
        "incomeTaxExpense": 0,
        "netIncome": 486204,
        "netIncomeRatio": 0.0252710561,
        "eps": 0.0155,
        "epsdiluted": 0.0155,
        "weightedAverageShsOut": 31311437,
        "weightedAverageShsOutDil": 31310000,
        "link": null,
        "finalLink": null
    },
    {
        "date": "2018-12-31",
        "symbol": "ECO",
        "reportedCurrency": "USD",
        "cik": "0001964954",
        "fillingDate": "2018-12-31",
        "acceptedDate": "2018-12-30 19:00:00",
        "calendarYear": "2018",
        "period": "Q4",
        "revenue": 30940514,
        "costOfRevenue": 15753453,
        "grossProfit": 15187061,
        "grossProfitRatio": 0.4908470816,
        "researchAndDevelopmentExpenses": 0,
        "generalAndAdministrativeExpenses": 1896927,
        "sellingAndMarketingExpenses": 333968,
        "sellingGeneralAndAdministrativeExpenses": 2230894,
        "otherExpenses": 0,
        "operatingExpenses": 10653489,
        "costAndExpenses": 26406942,
        "interestIncome": 6779741,
        "interestExpense": 0,
        "depreciationAndAmortization": 7832291,
        "ebitda": 13205398,
        "ebitdaratio": 0.4267995677,
        "operatingIncome": 5373107,
        "operatingIncomeRatio": 0.1736592676,
        "totalOtherIncomeExpensesNet": -7619276,
        "incomeBeforeTax": -2246169,
        "incomeBeforeTaxRatio": -0.0725963699,
        "incomeTaxExpense": 0,
        "netIncome": -2246169,
        "netIncomeRatio": -0.0725963699,
        "eps": -0.0786,
        "epsdiluted": -0.0786,
        "weightedAverageShsOut": 28590308,
        "weightedAverageShsOutDil": 28590000,
        "link": null,
        "finalLink": null
    },
    {
        "date": "2018-09-30",
        "symbol": "ECO",
        "reportedCurrency": "USD",
        "cik": "0001964954",
        "fillingDate": "2018-09-30",
        "acceptedDate": "2018-09-29 20:00:00",
        "calendarYear": "2018",
        "period": "Q3",
        "revenue": 12870423,
        "costOfRevenue": 7373889,
        "grossProfit": 5496534,
        "grossProfitRatio": 0.4270670824,
        "researchAndDevelopmentExpenses": 0,
        "generalAndAdministrativeExpenses": 808415,
        "sellingAndMarketingExpenses": 168537,
        "sellingGeneralAndAdministrativeExpenses": 976952,
        "otherExpenses": 0,
        "operatingExpenses": 4587221,
        "costAndExpenses": 11961110,
        "interestIncome": 217872,
        "interestExpense": 3478441,
        "depreciationAndAmortization": 3404031,
        "ebitda": 4519582,
        "ebitdaratio": 0.3511603309,
        "operatingIncome": 1115551,
        "operatingIncomeRatio": 0.0866755506,
        "totalOtherIncomeExpensesNet": -3397515,
        "incomeBeforeTax": -2281964,
        "incomeBeforeTaxRatio": -0.1773029527,
        "incomeTaxExpense": 0,
        "netIncome": -2281964,
        "netIncomeRatio": -0.1773029527,
        "eps": -0.14,
        "epsdiluted": -0.14,
        "weightedAverageShsOut": 16837956,
        "weightedAverageShsOutDil": 16837843,
        "link": null,
        "finalLink": null
    },
    {
        "date": "2018-06-30",
        "symbol": "ECO",
        "reportedCurrency": "USD",
        "cik": "0001964954",
        "fillingDate": "2018-06-30",
        "acceptedDate": "2018-06-29 20:00:00",
        "calendarYear": "2018",
        "period": "Q2",
        "revenue": 378867,
        "costOfRevenue": 155215,
        "grossProfit": 223652,
        "grossProfitRatio": 0.5903179744,
        "researchAndDevelopmentExpenses": 0,
        "generalAndAdministrativeExpenses": 24907,
        "sellingAndMarketingExpenses": 8891,
        "sellingGeneralAndAdministrativeExpenses": 33798,
        "otherExpenses": 0,
        "operatingExpenses": 140306,
        "costAndExpenses": 295521,
        "interestIncome": 120599,
        "interestExpense": 120720,
        "depreciationAndAmortization": 106508,
        "ebitda": 189854,
        "ebitdaratio": 0.5011098882,
        "operatingIncome": 83346,
        "operatingIncomeRatio": 0.219987489,
        "totalOtherIncomeExpensesNet": -120599,
        "incomeBeforeTax": -37253,
        "incomeBeforeTaxRatio": -0.0983273814,
        "incomeTaxExpense": 0,
        "netIncome": -37253,
        "netIncomeRatio": -0.0983273814,
        "eps": -0.0023,
        "epsdiluted": -0.0023,
        "weightedAverageShsOut": 16002147,
        "weightedAverageShsOutDil": 16000000,
        "link": null,
        "finalLink": null
    }
]