[
    {
        "date": "2025-09-30",
        "symbol": "EHC",
        "reportedCurrency": "USD",
        "cik": "0000785161",
        "fillingDate": "2025-10-31",
        "acceptedDate": "2025-10-31 12:14:40",
        "calendarYear": "2025",
        "period": "Q3",
        "revenue": 1477500000,
        "costOfRevenue": 784800000,
        "grossProfit": 692700000,
        "grossProfitRatio": 0.4688324873,
        "researchAndDevelopmentExpenses": 0,
        "generalAndAdministrativeExpenses": 56100000,
        "sellingAndMarketingExpenses": 0,
        "sellingGeneralAndAdministrativeExpenses": 56100000,
        "otherExpenses": 393000000,
        "operatingExpenses": 449100000,
        "costAndExpenses": 1233900000,
        "interestIncome": 0,
        "interestExpense": 30800000,
        "depreciationAndAmortization": 82400000,
        "ebitda": 333100000,
        "ebitdaratio": 0.2254483926,
        "operatingIncome": 175000000,
        "operatingIncomeRatio": 0.1184433164,
        "totalOtherIncomeExpensesNet": 44900000,
        "incomeBeforeTax": 219900000,
        "incomeBeforeTaxRatio": 0.1488324873,
        "incomeTaxExpense": 44900000,
        "netIncome": 126500000,
        "netIncomeRatio": 0.0856175973,
        "eps": 1.26,
        "epsdiluted": 1.24,
        "weightedAverageShsOut": 100500000,
        "weightedAverageShsOutDil": 102300000,
        "link": "https://www.sec.gov/Archives/edgar/data/785161/000078516125000115/0000785161-25-000115-index.htm",
        "finalLink": "https://www.sec.gov/Archives/edgar/data/785161/000078516125000115/ehc-20250930.htm"
    },
    {
        "date": "2025-06-30",
        "symbol": "EHC",
        "reportedCurrency": "USD",
        "cik": "0000785161",
        "fillingDate": "2025-08-06",
        "acceptedDate": "2025-08-06 16:19:07",
        "calendarYear": "2025",
        "period": "Q2",
        "revenue": 1457700000,
        "costOfRevenue": 767700000,
        "grossProfit": 690000000,
        "grossProfitRatio": 0.4733484256,
        "researchAndDevelopmentExpenses": 0,
        "generalAndAdministrativeExpenses": 59400000,
        "sellingAndMarketingExpenses": 0,
        "sellingGeneralAndAdministrativeExpenses": 59400000,
        "otherExpenses": 371500000,
        "operatingExpenses": 430900000,
        "costAndExpenses": 1198600000,
        "interestIncome": 0,
        "interestExpense": 30400000,
        "depreciationAndAmortization": 79900000,
        "ebitda": 347100000,
        "ebitdaratio": 0.2381148384,
        "operatingIncome": 259100000,
        "operatingIncomeRatio": 0.1777457639,
        "totalOtherIncomeExpensesNet": -22300000,
        "incomeBeforeTax": 236800000,
        "incomeBeforeTaxRatio": 0.1624476916,
        "incomeTaxExpense": 51000000,
        "netIncome": 142100000,
        "netIncomeRatio": 0.0974823352,
        "eps": 1.41,
        "epsdiluted": 1.39,
        "weightedAverageShsOut": 100600000,
        "weightedAverageShsOutDil": 102200000,
        "link": "https://www.sec.gov/Archives/edgar/data/785161/000078516125000052/0000785161-25-000052-index.htm",
        "finalLink": "https://www.sec.gov/Archives/edgar/data/785161/000078516125000052/ehc-20250630.htm"
    },
    {
        "date": "2025-03-31",
        "symbol": "EHC",
        "reportedCurrency": "USD",
        "cik": "0000785161",
        "fillingDate": "2025-05-01",
        "acceptedDate": "2025-05-01 15:25:31",
        "calendarYear": "2025",
        "period": "Q1",
        "revenue": 1455400000,
        "costOfRevenue": 824500000,
        "grossProfit": 630900000,
        "grossProfitRatio": 0.4334890752,
        "researchAndDevelopmentExpenses": 0,
        "generalAndAdministrativeExpenses": 52300000,
        "sellingAndMarketingExpenses": 14900000,
        "sellingGeneralAndAdministrativeExpenses": 67200000,
        "otherExpenses": 296700000,
        "operatingExpenses": 363900000,
        "costAndExpenses": 1188400000,
        "interestIncome": 0,
        "interestExpense": 31800000,
        "depreciationAndAmortization": 79200000,
        "ebitda": 349600000,
        "ebitdaratio": 0.2402088773,
        "operatingIncome": 267000000,
        "operatingIncomeRatio": 0.1834547204,
        "totalOtherIncomeExpensesNet": -28400000,
        "incomeBeforeTax": 238600000,
        "incomeBeforeTaxRatio": 0.1639411846,
        "incomeTaxExpense": 41600000,
        "netIncome": 151500000,
        "netIncomeRatio": 0.1040950941,
        "eps": 1.5,
        "epsdiluted": 1.48,
        "weightedAverageShsOut": 100500000,
        "weightedAverageShsOutDil": 102100000,
        "link": "https://www.sec.gov/Archives/edgar/data/785161/000078516125000021/0000785161-25-000021-index.htm",
        "finalLink": "https://www.sec.gov/Archives/edgar/data/785161/000078516125000021/ehc-20250331.htm"
    },
    {
        "date": "2024-12-31",
        "symbol": "EHC",
        "reportedCurrency": "USD",
        "cik": "0000785161",
        "fillingDate": "2025-02-28",
        "acceptedDate": "2025-02-28 13:47:29",
        "calendarYear": "2024",
        "period": "Q4",
        "revenue": 1405000000,
        "costOfRevenue": 756800000,
        "grossProfit": 648200000,
        "grossProfitRatio": 0.4613523132,
        "researchAndDevelopmentExpenses": 0,
        "generalAndAdministrativeExpenses": 54500000,
        "sellingAndMarketingExpenses": 14700000,
        "sellingGeneralAndAdministrativeExpenses": 69200000,
        "otherExpenses": 346700000,
        "operatingExpenses": 415900000,
        "costAndExpenses": 1172700000,
        "interestIncome": 0,
        "interestExpense": 33000000,
        "depreciationAndAmortization": 78000000,
        "ebitda": 312400000,
        "ebitdaratio": 0.2223487544,
        "operatingIncome": 232300000,
        "operatingIncomeRatio": 0.1653380783,
        "totalOtherIncomeExpensesNet": -30900000,
        "incomeBeforeTax": 201400000,
        "incomeBeforeTaxRatio": 0.1433451957,
        "incomeTaxExpense": 37600000,
        "netIncome": 120900000,
        "netIncomeRatio": 0.0860498221,
        "eps": 1.2,
        "epsdiluted": 1.18,
        "weightedAverageShsOut": 100000000,
        "weightedAverageShsOutDil": 102300000,
        "link": "https://www.sec.gov/Archives/edgar/data/785161/000078516125000009/0000785161-25-000009-index.htm",
        "finalLink": "https://www.sec.gov/Archives/edgar/data/785161/000078516125000009/ehc-20241231.htm"
    },
    {
        "date": "2024-09-30",
        "symbol": "EHC",
        "reportedCurrency": "USD",
        "cik": "0000785161",
        "fillingDate": "2024-11-01",
        "acceptedDate": "2024-11-01 14:39:01",
        "calendarYear": "2024",
        "period": "Q3",
        "revenue": 1351000000,
        "costOfRevenue": 792700000,
        "grossProfit": 558300000,
        "grossProfitRatio": 0.4132494449,
        "researchAndDevelopmentExpenses": 0,
        "generalAndAdministrativeExpenses": 54000000,
        "sellingAndMarketingExpenses": 0,
        "sellingGeneralAndAdministrativeExpenses": 54000000,
        "otherExpenses": 295200000,
        "operatingExpenses": 349200000,
        "costAndExpenses": 1141900000,
        "interestIncome": 0,
        "interestExpense": 34900000,
        "depreciationAndAmortization": 78400000,
        "ebitda": 297100000,
        "ebitdaratio": 0.2199111769,
        "operatingIncome": 209100000,
        "operatingIncomeRatio": 0.1547742413,
        "totalOtherIncomeExpensesNet": -25300000,
        "incomeBeforeTax": 183800000,
        "incomeBeforeTaxRatio": 0.1360473723,
        "incomeTaxExpense": 36000000,
        "netIncome": 108200000,
        "netIncomeRatio": 0.0800888231,
        "eps": 1.08,
        "epsdiluted": 1.06,
        "weightedAverageShsOut": 99900000,
        "weightedAverageShsOutDil": 102100000,
        "link": "https://www.sec.gov/Archives/edgar/data/785161/000078516124000050/0000785161-24-000050-index.htm",
        "finalLink": "https://www.sec.gov/Archives/edgar/data/785161/000078516124000050/ehc-20240930.htm"
    },
    {
        "date": "2024-06-30",
        "symbol": "EHC",
        "reportedCurrency": "USD",
        "cik": "0000785161",
        "fillingDate": "2024-08-06",
        "acceptedDate": "2024-08-06 16:34:01",
        "calendarYear": "2024",
        "period": "Q2",
        "revenue": 1301200000,
        "costOfRevenue": 1035100000,
        "grossProfit": 266100000,
        "grossProfitRatio": 0.2045035352,
        "researchAndDevelopmentExpenses": 0,
        "generalAndAdministrativeExpenses": 765200000,
        "sellingAndMarketingExpenses": -714700000,
        "sellingGeneralAndAdministrativeExpenses": 50500000,
        "otherExpenses": 0,
        "operatingExpenses": 50500000,
        "costAndExpenses": 1085600000,
        "interestIncome": 0,
        "interestExpense": 34300000,
        "depreciationAndAmortization": 72900000,
        "ebitda": 288500000,
        "ebitdaratio": 0.2217184138,
        "operatingIncome": 215600000,
        "operatingIncomeRatio": 0.1656932063,
        "totalOtherIncomeExpensesNet": 38300000,
        "incomeBeforeTax": 186000000,
        "incomeBeforeTaxRatio": 0.1429449739,
        "incomeTaxExpense": 38300000,
        "netIncome": 114100000,
        "netIncomeRatio": 0.0876882877,
        "eps": 1.13,
        "epsdiluted": 1.12,
        "weightedAverageShsOut": 99900000,
        "weightedAverageShsOutDil": 102000000,
        "link": "https://www.sec.gov/Archives/edgar/data/785161/000078516124000043/0000785161-24-000043-index.htm",
        "finalLink": "https://www.sec.gov/Archives/edgar/data/785161/000078516124000043/ehc-20240630.htm"
    },
    {
        "date": "2024-03-31",
        "symbol": "EHC",
        "reportedCurrency": "USD",
        "cik": "0000785161",
        "fillingDate": "2024-05-02",
        "acceptedDate": "2024-05-01 18:01:51",
        "calendarYear": "2024",
        "period": "Q1",
        "revenue": 1316000000,
        "costOfRevenue": 1058300000,
        "grossProfit": 257700000,
        "grossProfitRatio": 0.1958206687,
        "researchAndDevelopmentExpenses": 0,
        "generalAndAdministrativeExpenses": 775800000,
        "sellingAndMarketingExpenses": -725600000,
        "sellingGeneralAndAdministrativeExpenses": 50200000,
        "otherExpenses": 0,
        "operatingExpenses": 50200000,
        "costAndExpenses": 1108500000,
        "interestIncome": 0,
        "interestExpense": 35200000,
        "depreciationAndAmortization": 70300000,
        "ebitda": 277800000,
        "ebitdaratio": 0.2110942249,
        "operatingIncome": 207500000,
        "operatingIncomeRatio": 0.157674772,
        "totalOtherIncomeExpensesNet": 38300000,
        "incomeBeforeTax": 178400000,
        "incomeBeforeTaxRatio": 0.13556231,
        "incomeTaxExpense": 38300000,
        "netIncome": 112500000,
        "netIncomeRatio": 0.0854863222,
        "eps": 1.12,
        "epsdiluted": 1.1,
        "weightedAverageShsOut": 99800000,
        "weightedAverageShsOutDil": 102200000,
        "link": "https://www.sec.gov/Archives/edgar/data/785161/000078516124000028/0000785161-24-000028-index.htm",
        "finalLink": "https://www.sec.gov/Archives/edgar/data/785161/000078516124000028/ehc-20240331.htm"
    },
    {
        "date": "2023-12-31",
        "symbol": "EHC",
        "reportedCurrency": "USD",
        "cik": "0000785161",
        "fillingDate": "2024-02-07",
        "acceptedDate": "2024-02-07 16:35:14",
        "calendarYear": "2023",
        "period": "Q4",
        "revenue": 1246800000,
        "costOfRevenue": 1003800000,
        "grossProfit": 243000000,
        "grossProfitRatio": 0.1948989413,
        "researchAndDevelopmentExpenses": 0,
        "generalAndAdministrativeExpenses": 53100000,
        "sellingAndMarketingExpenses": 0,
        "sellingGeneralAndAdministrativeExpenses": 53100000,
        "otherExpenses": 0,
        "operatingExpenses": 53100000,
        "costAndExpenses": 1056900000,
        "interestIncome": 0,
        "interestExpense": 34900000,
        "depreciationAndAmortization": 70100000,
        "ebitda": 260000000,
        "ebitdaratio": 0.2085338466,
        "operatingIncome": 189900000,
        "operatingIncomeRatio": 0.1523099134,
        "totalOtherIncomeExpensesNet": -280000000,
        "incomeBeforeTax": 164800000,
        "incomeBeforeTaxRatio": 0.1321783766,
        "incomeTaxExpense": 37200000,
        "netIncome": 87600000,
        "netIncomeRatio": 0.0702598653,
        "eps": 0.88,
        "epsdiluted": 0.86,
        "weightedAverageShsOut": 99500000,
        "weightedAverageShsOutDil": 101500000,
        "link": "https://www.sec.gov/Archives/edgar/data/785161/000078516124000009/0000785161-24-000009-index.htm",
        "finalLink": "https://www.sec.gov/Archives/edgar/data/785161/000078516124000009/ehc-20231231.htm"
    },
    {
        "date": "2023-09-30",
        "symbol": "EHC",
        "reportedCurrency": "USD",
        "cik": "0000785161",
        "fillingDate": "2023-11-01",
        "acceptedDate": "2023-11-01 15:30:10",
        "calendarYear": "2023",
        "period": "Q3",
        "revenue": 1206900000,
        "costOfRevenue": 53900000,
        "grossProfit": 1153000000,
        "grossProfitRatio": 0.9553401276,
        "researchAndDevelopmentExpenses": 0,
        "generalAndAdministrativeExpenses": 722600000,
        "sellingAndMarketingExpenses": 0,
        "sellingGeneralAndAdministrativeExpenses": 722600000,
        "otherExpenses": 500000,
        "operatingExpenses": 973600000,
        "costAndExpenses": 1027500000,
        "interestIncome": 0,
        "interestExpense": 35900000,
        "depreciationAndAmortization": 67300000,
        "ebitda": 248200000,
        "ebitdaratio": 0.205650841,
        "operatingIncome": 114700000,
        "operatingIncomeRatio": 0.0950368713,
        "totalOtherIncomeExpensesNet": -285400000,
        "incomeBeforeTax": 145000000,
        "incomeBeforeTaxRatio": 0.1201425139,
        "incomeTaxExpense": 30300000,
        "netIncome": 85300000,
        "netIncomeRatio": 0.0706769409,
        "eps": 0.86,
        "epsdiluted": 0.84,
        "weightedAverageShsOut": 99500000,
        "weightedAverageShsOutDil": 101400000,
        "link": "https://www.sec.gov/Archives/edgar/data/785161/000078516123000070/0000785161-23-000070-index.htm",
        "finalLink": "https://www.sec.gov/Archives/edgar/data/785161/000078516123000070/ehc-20230930.htm"
    },
    {
        "date": "2023-06-30",
        "symbol": "EHC",
        "reportedCurrency": "USD",
        "cik": "0000785161",
        "fillingDate": "2023-08-04",
        "acceptedDate": "2023-08-04 13:01:35",
        "calendarYear": "2023",
        "period": "Q2",
        "revenue": 1187100000,
        "costOfRevenue": 52000000,
        "grossProfit": 1135100000,
        "grossProfitRatio": 0.9561957712,
        "researchAndDevelopmentExpenses": 0,
        "generalAndAdministrativeExpenses": 705900000,
        "sellingAndMarketingExpenses": 0,
        "sellingGeneralAndAdministrativeExpenses": 705900000,
        "otherExpenses": 2700000,
        "operatingExpenses": 951200000,
        "costAndExpenses": 1003200000,
        "interestIncome": 0,
        "interestExpense": 36300000,
        "depreciationAndAmortization": 72600000,
        "ebitda": 260100000,
        "ebitdaratio": 0.2191053829,
        "operatingIncome": 118400000,
        "operatingIncomeRatio": 0.0997388594,
        "totalOtherIncomeExpensesNet": -32700000,
        "incomeBeforeTax": 151200000,
        "incomeBeforeTaxRatio": 0.1273692191,
        "incomeTaxExpense": 32800000,
        "netIncome": 91400000,
        "netIncomeRatio": 0.076994356,
        "eps": 0.91,
        "epsdiluted": 0.9,
        "weightedAverageShsOut": 99500000,
        "weightedAverageShsOutDil": 101100000,
        "link": "https://www.sec.gov/Archives/edgar/data/785161/000078516123000052/0000785161-23-000052-index.htm",
        "finalLink": "https://www.sec.gov/Archives/edgar/data/785161/000078516123000052/ehc-20230630.htm"
    },
    {
        "date": "2023-03-31",
        "symbol": "EHC",
        "reportedCurrency": "USD",
        "cik": "0000785161",
        "fillingDate": "2023-05-03",
        "acceptedDate": "2023-05-03 12:55:04",
        "calendarYear": "2023",
        "period": "Q1",
        "revenue": 1160400000,
        "costOfRevenue": 53800000,
        "grossProfit": 1106600000,
        "grossProfitRatio": 0.953636677,
        "researchAndDevelopmentExpenses": 0,
        "generalAndAdministrativeExpenses": 686200000,
        "sellingAndMarketingExpenses": 0,
        "sellingGeneralAndAdministrativeExpenses": 686200000,
        "otherExpenses": 241800000,
        "operatingExpenses": 928000000,
        "costAndExpenses": 981800000,
        "interestIncome": 0,
        "interestExpense": 36400000,
        "depreciationAndAmortization": 63900000,
        "ebitda": 246500000,
        "ebitdaratio": 0.2124267494,
        "operatingIncome": 182600000,
        "operatingIncomeRatio": 0.1573595312,
        "totalOtherIncomeExpensesNet": -32400000,
        "incomeBeforeTax": 146200000,
        "incomeBeforeTaxRatio": 0.1259910376,
        "incomeTaxExpense": 31900000,
        "netIncome": 87700000,
        "netIncomeRatio": 0.0755773871,
        "eps": 0.88,
        "epsdiluted": 0.87,
        "weightedAverageShsOut": 99400000,
        "weightedAverageShsOutDil": 100900000,
        "link": "https://www.sec.gov/Archives/edgar/data/785161/000078516123000031/0000785161-23-000031-index.htm",
        "finalLink": "https://www.sec.gov/Archives/edgar/data/785161/000078516123000031/ehc-20230331.htm"
    },
    {
        "date": "2022-12-31",
        "symbol": "EHC",
        "reportedCurrency": "USD",
        "cik": "0000785161",
        "fillingDate": "2023-02-27",
        "acceptedDate": "2023-02-27 16:20:43",
        "calendarYear": "2022",
        "period": "Q4",
        "revenue": 1137300000,
        "costOfRevenue": 53900000,
        "grossProfit": 1083400000,
        "grossProfitRatio": 0.9526070518,
        "researchAndDevelopmentExpenses": 0,
        "generalAndAdministrativeExpenses": 670300000,
        "sellingAndMarketingExpenses": 0,
        "sellingGeneralAndAdministrativeExpenses": 670300000,
        "otherExpenses": 233400000,
        "operatingExpenses": 903700000,
        "costAndExpenses": 957600000,
        "interestIncome": 0,
        "interestExpense": 37500000,
        "depreciationAndAmortization": 63300000,
        "ebitda": 251700000,
        "ebitdaratio": 0.2213136376,
        "operatingIncome": 188400000,
        "operatingIncomeRatio": 0.1656554999,
        "totalOtherIncomeExpensesNet": -28800000,
        "incomeBeforeTax": 150900000,
        "incomeBeforeTaxRatio": 0.1326826695,
        "incomeTaxExpense": 31900000,
        "netIncome": 89400000,
        "netIncomeRatio": 0.0786072276,
        "eps": 0.9,
        "epsdiluted": 0.88,
        "weightedAverageShsOut": 99300000,
        "weightedAverageShsOutDil": 100800000,
        "link": "https://www.sec.gov/Archives/edgar/data/785161/000078516123000012/0000785161-23-000012-index.htm",
        "finalLink": "https://www.sec.gov/Archives/edgar/data/785161/000078516123000012/ehc-20221231.htm"
    },
    {
        "date": "2022-09-30",
        "symbol": "EHC",
        "reportedCurrency": "USD",
        "cik": "0000785161",
        "fillingDate": "2022-11-02",
        "acceptedDate": "2022-11-02 16:30:20",
        "calendarYear": "2022",
        "period": "Q3",
        "revenue": 1089500000,
        "costOfRevenue": 51100000,
        "grossProfit": 1038400000,
        "grossProfitRatio": 0.9530977513,
        "researchAndDevelopmentExpenses": 0,
        "generalAndAdministrativeExpenses": 655900000,
        "sellingAndMarketingExpenses": 0,
        "sellingGeneralAndAdministrativeExpenses": 655900000,
        "otherExpenses": 234100000,
        "operatingExpenses": 890000000,
        "costAndExpenses": 941100000,
        "interestIncome": 0,
        "interestExpense": 38200000,
        "depreciationAndAmortization": 62100000,
        "ebitda": 207600000,
        "ebitdaratio": 0.1905461221,
        "operatingIncome": 162300000,
        "operatingIncomeRatio": 0.1489674162,
        "totalOtherIncomeExpensesNet": -41100000,
        "incomeBeforeTax": 107300000,
        "incomeBeforeTaxRatio": 0.0984855438,
        "incomeTaxExpense": 21800000,
        "netIncome": 85500000,
        "netIncomeRatio": 0.0784763653,
        "eps": 0.86,
        "epsdiluted": 0.85,
        "weightedAverageShsOut": 99200000,
        "weightedAverageShsOutDil": 100500000,
        "link": "https://www.sec.gov/Archives/edgar/data/785161/000078516122000048/0000785161-22-000048-index.htm",
        "finalLink": "https://www.sec.gov/Archives/edgar/data/785161/000078516122000048/ehc-20220930.htm"
    },
    {
        "date": "2022-06-30",
        "symbol": "EHC",
        "reportedCurrency": "USD",
        "cik": "0000785161",
        "fillingDate": "2022-08-04",
        "acceptedDate": "2022-08-04 13:19:18",
        "calendarYear": "2022",
        "period": "Q2",
        "revenue": 1330500000,
        "costOfRevenue": 52800000,
        "grossProfit": 1277700000,
        "grossProfitRatio": 0.9603156708,
        "researchAndDevelopmentExpenses": 0,
        "generalAndAdministrativeExpenses": 853400000,
        "sellingAndMarketingExpenses": 0,
        "sellingGeneralAndAdministrativeExpenses": 853400000,
        "otherExpenses": 262200000,
        "operatingExpenses": 1115600000,
        "costAndExpenses": 1168400000,
        "interestIncome": 200000,
        "interestExpense": 60600000,
        "depreciationAndAmortization": 68800000,
        "ebitda": 210000000,
        "ebitdaratio": 0.1578354002,
        "operatingIncome": 156800000,
        "operatingIncomeRatio": 0.1178504322,
        "totalOtherIncomeExpensesNet": -67000000,
        "incomeBeforeTax": 95100000,
        "incomeBeforeTaxRatio": 0.0714768884,
        "incomeTaxExpense": 23800000,
        "netIncome": 71300000,
        "netIncomeRatio": 0.0535888764,
        "eps": 0.72,
        "epsdiluted": 0.71,
        "weightedAverageShsOut": 99200000,
        "weightedAverageShsOutDil": 100300000,
        "link": "https://www.sec.gov/Archives/edgar/data/785161/000078516122000038/0000785161-22-000038-index.htm",
        "finalLink": "https://www.sec.gov/Archives/edgar/data/785161/000078516122000038/ehc-20220630.htm"
    },
    {
        "date": "2022-03-31",
        "symbol": "EHC",
        "reportedCurrency": "USD",
        "cik": "0000785161",
        "fillingDate": "2022-05-03",
        "acceptedDate": "2022-05-03 17:18:12",
        "calendarYear": "2022",
        "period": "Q1",
        "revenue": 1333600000,
        "costOfRevenue": 56100000,
        "grossProfit": 1277500000,
        "grossProfitRatio": 0.9579334133,
        "researchAndDevelopmentExpenses": 0,
        "generalAndAdministrativeExpenses": 845300000,
        "sellingAndMarketingExpenses": 0,
        "sellingGeneralAndAdministrativeExpenses": 845300000,
        "otherExpenses": 248300000,
        "operatingExpenses": 1093600000,
        "costAndExpenses": 1149700000,
        "interestIncome": 0,
        "interestExpense": 39600000,
        "depreciationAndAmortization": 66200000,
        "ebitda": 210300000,
        "ebitdaratio": 0.1576934613,
        "operatingIncome": 181200000,
        "operatingIncomeRatio": 0.1358728254,
        "totalOtherIncomeExpensesNet": -42600000,
        "incomeBeforeTax": 141300000,
        "incomeBeforeTaxRatio": 0.1059538092,
        "incomeTaxExpense": 31200000,
        "netIncome": 87100000,
        "netIncomeRatio": 0.0653119376,
        "eps": 0.88,
        "epsdiluted": 0.87,
        "weightedAverageShsOut": 99200000,
        "weightedAverageShsOutDil": 100200000,
        "link": "https://www.sec.gov/Archives/edgar/data/785161/000078516122000021/0000785161-22-000021-index.htm",
        "finalLink": "https://www.sec.gov/Archives/edgar/data/785161/000078516122000021/ehc-20220331.htm"
    },
    {
        "date": "2021-12-31",
        "symbol": "EHC",
        "reportedCurrency": "USD",
        "cik": "0000785161",
        "fillingDate": "2022-02-25",
        "acceptedDate": "2022-02-25 16:38:15",
        "calendarYear": "2021",
        "period": "Q4",
        "revenue": 1318700000,
        "costOfRevenue": 54200000,
        "grossProfit": 1264500000,
        "grossProfitRatio": 0.9588989156,
        "researchAndDevelopmentExpenses": 0,
        "generalAndAdministrativeExpenses": 841600000,
        "sellingAndMarketingExpenses": 0,
        "sellingGeneralAndAdministrativeExpenses": 841600000,
        "otherExpenses": 5900000,
        "operatingExpenses": 1084200000,
        "costAndExpenses": 1138400000,
        "interestIncome": 0,
        "interestExpense": 40100000,
        "depreciationAndAmortization": 65800000,
        "ebitda": 253100000,
        "ebitdaratio": 0.1919314476,
        "operatingIncome": 163200000,
        "operatingIncomeRatio": 0.1237582468,
        "totalOtherIncomeExpensesNet": -33100000,
        "incomeBeforeTax": 147200000,
        "incomeBeforeTaxRatio": 0.1116250853,
        "incomeTaxExpense": 31500000,
        "netIncome": 91600000,
        "netIncomeRatio": 0.0694623493,
        "eps": 0.92,
        "epsdiluted": 0.91,
        "weightedAverageShsOut": 99000000,
        "weightedAverageShsOutDil": 100200000,
        "link": "https://www.sec.gov/Archives/edgar/data/785161/000078516122000008/0000785161-22-000008-index.htm",
        "finalLink": "https://www.sec.gov/Archives/edgar/data/785161/000078516122000008/ehc-20211231.htm"
    },
    {
        "date": "2021-09-30",
        "symbol": "EHC",
        "reportedCurrency": "USD",
        "cik": "0000785161",
        "fillingDate": "2021-11-02",
        "acceptedDate": "2021-11-02 13:00:34",
        "calendarYear": "2021",
        "period": "Q3",
        "revenue": 1284800000,
        "costOfRevenue": 53200000,
        "grossProfit": 1231600000,
        "grossProfitRatio": 0.9585927771,
        "researchAndDevelopmentExpenses": 0,
        "generalAndAdministrativeExpenses": 793800000,
        "sellingAndMarketingExpenses": 0,
        "sellingGeneralAndAdministrativeExpenses": 793800000,
        "otherExpenses": 400000,
        "operatingExpenses": 1032100000,
        "costAndExpenses": 1085300000,
        "interestIncome": 0,
        "interestExpense": 39900000,
        "depreciationAndAmortization": 64900000,
        "ebitda": 238900000,
        "ebitdaratio": 0.1859433375,
        "operatingIncome": 199500000,
        "operatingIncomeRatio": 0.1552770859,
        "totalOtherIncomeExpensesNet": -38600000,
        "incomeBeforeTax": 160900000,
        "incomeBeforeTaxRatio": 0.1252334994,
        "incomeTaxExpense": 34100000,
        "netIncome": 100000000,
        "netIncomeRatio": 0.0778331258,
        "eps": 1,
        "epsdiluted": 1,
        "weightedAverageShsOut": 99000000,
        "weightedAverageShsOutDil": 100200000,
        "link": "https://www.sec.gov/Archives/edgar/data/785161/000078516121000050/0000785161-21-000050-index.htm",
        "finalLink": "https://www.sec.gov/Archives/edgar/data/785161/000078516121000050/ehc-20210930.htm"
    },
    {
        "date": "2021-06-30",
        "symbol": "EHC",
        "reportedCurrency": "USD",
        "cik": "0000785161",
        "fillingDate": "2021-08-03",
        "acceptedDate": "2021-08-03 16:54:35",
        "calendarYear": "2021",
        "period": "Q2",
        "revenue": 1287700000,
        "costOfRevenue": 50000000,
        "grossProfit": 1237700000,
        "grossProfitRatio": 0.9611710802,
        "researchAndDevelopmentExpenses": 0,
        "generalAndAdministrativeExpenses": 782600000,
        "sellingAndMarketingExpenses": 0,
        "sellingGeneralAndAdministrativeExpenses": 782600000,
        "otherExpenses": 4600000,
        "operatingExpenses": 1018700000,
        "costAndExpenses": 1068700000,
        "interestIncome": 0,
        "interestExpense": 41800000,
        "depreciationAndAmortization": 63400000,
        "ebitda": 197200000,
        "ebitdaratio": 0.1531412596,
        "operatingIncome": 177200000,
        "operatingIncomeRatio": 0.1376096917,
        "totalOtherIncomeExpensesNet": -37200000,
        "incomeBeforeTax": 181800000,
        "incomeBeforeTaxRatio": 0.1411819523,
        "incomeTaxExpense": 39500000,
        "netIncome": 112800000,
        "netIncomeRatio": 0.087598043,
        "eps": 1.14,
        "epsdiluted": 1.13,
        "weightedAverageShsOut": 99000000,
        "weightedAverageShsOutDil": 100200000,
        "link": "https://www.sec.gov/Archives/edgar/data/785161/000078516121000038/0000785161-21-000038-index.htm",
        "finalLink": "https://www.sec.gov/Archives/edgar/data/785161/000078516121000038/ehc-20210630.htm"
    },
    {
        "date": "2021-03-31",
        "symbol": "EHC",
        "reportedCurrency": "USD",
        "cik": "0000785161",
        "fillingDate": "2021-05-04",
        "acceptedDate": "2021-05-04 17:06:14",
        "calendarYear": "2021",
        "period": "Q1",
        "revenue": 1230400000,
        "costOfRevenue": 51900000,
        "grossProfit": 1178500000,
        "grossProfitRatio": 0.9578185956,
        "researchAndDevelopmentExpenses": 0,
        "generalAndAdministrativeExpenses": 746000000,
        "sellingAndMarketingExpenses": 0,
        "sellingGeneralAndAdministrativeExpenses": 746000000,
        "otherExpenses": 1400000,
        "operatingExpenses": 970800000,
        "costAndExpenses": 1022700000,
        "interestIncome": 0,
        "interestExpense": 42800000,
        "depreciationAndAmortization": 62500000,
        "ebitda": 272600000,
        "ebitdaratio": 0.2215539662,
        "operatingIncome": 164900000,
        "operatingIncomeRatio": 0.1340214564,
        "totalOtherIncomeExpensesNet": -40400000,
        "incomeBeforeTax": 167300000,
        "incomeBeforeTaxRatio": 0.1359720416,
        "incomeTaxExpense": 34500000,
        "netIncome": 106800000,
        "netIncomeRatio": 0.0868010403,
        "eps": 1.08,
        "epsdiluted": 1.07,
        "weightedAverageShsOut": 99000000,
        "weightedAverageShsOutDil": 100200000,
        "link": "https://www.sec.gov/Archives/edgar/data/785161/000078516121000023/0000785161-21-000023-index.htm",
        "finalLink": "https://www.sec.gov/Archives/edgar/data/785161/000078516121000023/ehc-20210331.htm"
    },
    {
        "date": "2020-12-31",
        "symbol": "EHC",
        "reportedCurrency": "USD",
        "cik": "0000785161",
        "fillingDate": "2021-02-26",
        "acceptedDate": "2021-02-26 16:25:21",
        "calendarYear": "2020",
        "period": "Q4",
        "revenue": 1214400000,
        "costOfRevenue": 51700000,
        "grossProfit": 1162700000,
        "grossProfitRatio": 0.9574275362,
        "researchAndDevelopmentExpenses": 0,
        "generalAndAdministrativeExpenses": 744300000,
        "sellingAndMarketingExpenses": 0,
        "sellingGeneralAndAdministrativeExpenses": 744300000,
        "otherExpenses": 4200000,
        "operatingExpenses": 969700000,
        "costAndExpenses": 1021400000,
        "interestIncome": 0,
        "interestExpense": 46200000,
        "depreciationAndAmortization": 62300000,
        "ebitda": 255300000,
        "ebitdaratio": 0.2102272727,
        "operatingIncome": 193000000,
        "operatingIncomeRatio": 0.1589262187,
        "totalOtherIncomeExpensesNet": -43300000,
        "incomeBeforeTax": 149700000,
        "incomeBeforeTaxRatio": 0.123270751,
        "incomeTaxExpense": 38000000,
        "netIncome": 85700000,
        "netIncomeRatio": 0.0705698287,
        "eps": 0.87,
        "epsdiluted": 0.86,
        "weightedAverageShsOut": 98700000,
        "weightedAverageShsOutDil": 100100000,
        "link": "https://www.sec.gov/Archives/edgar/data/785161/000078516121000006/0000785161-21-000006-index.htm",
        "finalLink": "https://www.sec.gov/Archives/edgar/data/785161/000078516121000006/ehc-20201231.htm"
    },
    {
        "date": "2020-09-30",
        "symbol": "EHC",
        "reportedCurrency": "USD",
        "cik": "0000785161",
        "fillingDate": "2020-11-02",
        "acceptedDate": "2020-11-02 16:47:53",
        "calendarYear": "2020",
        "period": "Q3",
        "revenue": 1173900000,
        "costOfRevenue": 52500000,
        "grossProfit": 1121400000,
        "grossProfitRatio": 0.9552772809,
        "researchAndDevelopmentExpenses": 0,
        "generalAndAdministrativeExpenses": 724300000,
        "sellingAndMarketingExpenses": 0,
        "sellingGeneralAndAdministrativeExpenses": 724300000,
        "otherExpenses": 2500000,
        "operatingExpenses": 948900000,
        "costAndExpenses": 1001400000,
        "interestIncome": 0,
        "interestExpense": 49000000,
        "depreciationAndAmortization": 61200000,
        "ebitda": 237200000,
        "ebitdaratio": 0.2020615044,
        "operatingIncome": 123500000,
        "operatingIncomeRatio": 0.1052048726,
        "totalOtherIncomeExpensesNet": -45500000,
        "incomeBeforeTax": 127000000,
        "incomeBeforeTaxRatio": 0.1081863873,
        "incomeTaxExpense": 26900000,
        "netIncome": 77400000,
        "netIncomeRatio": 0.0659340659,
        "eps": 0.78,
        "epsdiluted": 0.78,
        "weightedAverageShsOut": 98700000,
        "weightedAverageShsOutDil": 99900000,
        "link": "https://www.sec.gov/Archives/edgar/data/785161/000078516120000070/0000785161-20-000070-index.htm",
        "finalLink": "https://www.sec.gov/Archives/edgar/data/785161/000078516120000070/ehc-20200930.htm"
    },
    {
        "date": "2020-06-30",
        "symbol": "EHC",
        "reportedCurrency": "USD",
        "cik": "0000785161",
        "fillingDate": "2020-07-31",
        "acceptedDate": "2020-07-31 12:46:42",
        "calendarYear": "2020",
        "period": "Q2",
        "revenue": 1074100000,
        "costOfRevenue": 50600000,
        "grossProfit": 1023500000,
        "grossProfitRatio": 0.9528907923,
        "researchAndDevelopmentExpenses": 0,
        "generalAndAdministrativeExpenses": 715200000,
        "sellingAndMarketingExpenses": 0,
        "sellingGeneralAndAdministrativeExpenses": 715200000,
        "otherExpenses": 5800000,
        "operatingExpenses": 924200000,
        "costAndExpenses": 974800000,
        "interestIncome": 0,
        "interestExpense": 45800000,
        "depreciationAndAmortization": 60700000,
        "ebitda": 166500000,
        "ebitdaratio": 0.1550134997,
        "operatingIncome": 53500000,
        "operatingIncomeRatio": 0.0498091425,
        "totalOtherIncomeExpensesNet": -39300000,
        "incomeBeforeTax": 60000000,
        "incomeBeforeTaxRatio": 0.0558607206,
        "incomeTaxExpense": 11800000,
        "netIncome": 33500000,
        "netIncomeRatio": 0.0311889023,
        "eps": 0.34,
        "epsdiluted": 0.34,
        "weightedAverageShsOut": 98700000,
        "weightedAverageShsOutDil": 99900000,
        "link": "https://www.sec.gov/Archives/edgar/data/785161/000078516120000056/0000785161-20-000056-index.htm",
        "finalLink": "https://www.sec.gov/Archives/edgar/data/785161/000078516120000056/ehc10q63020.htm"
    },
    {
        "date": "2020-03-31",
        "symbol": "EHC",
        "reportedCurrency": "USD",
        "cik": "0000785161",
        "fillingDate": "2020-05-11",
        "acceptedDate": "2020-05-11 16:47:40",
        "calendarYear": "2020",
        "period": "Q1",
        "revenue": 1182000000,
        "costOfRevenue": 45700000,
        "grossProfit": 1136300000,
        "grossProfitRatio": 0.9613367174,
        "researchAndDevelopmentExpenses": 0,
        "generalAndAdministrativeExpenses": 734900000,
        "sellingAndMarketingExpenses": 0,
        "sellingGeneralAndAdministrativeExpenses": 734900000,
        "otherExpenses": -1900000,
        "operatingExpenses": 953300000,
        "costAndExpenses": 999000000,
        "interestIncome": 0,
        "interestExpense": 43200000,
        "depreciationAndAmortization": 58800000,
        "ebitda": 241800000,
        "ebitdaratio": 0.2045685279,
        "operatingIncome": 183000000,
        "operatingIncomeRatio": 0.154822335,
        "totalOtherIncomeExpensesNet": -47100000,
        "incomeBeforeTax": 135900000,
        "incomeBeforeTaxRatio": 0.1149746193,
        "incomeTaxExpense": 27100000,
        "netIncome": 86700000,
        "netIncomeRatio": 0.0733502538,
        "eps": 0.88,
        "epsdiluted": 0.87,
        "weightedAverageShsOut": 98200000,
        "weightedAverageShsOutDil": 99600000,
        "link": "https://www.sec.gov/Archives/edgar/data/785161/000078516120000034/0000785161-20-000034-index.htm",
        "finalLink": "https://www.sec.gov/Archives/edgar/data/785161/000078516120000034/ehc10q33120.htm"
    },
    {
        "date": "2019-12-31",
        "symbol": "EHC",
        "reportedCurrency": "USD",
        "cik": "0000785161",
        "fillingDate": "2020-02-27",
        "acceptedDate": "2020-02-27 16:28:27",
        "calendarYear": "2019",
        "period": "Q4",
        "revenue": 1184400000,
        "costOfRevenue": 43200000,
        "grossProfit": 1141200000,
        "grossProfitRatio": 0.9635258359,
        "researchAndDevelopmentExpenses": 0,
        "generalAndAdministrativeExpenses": 753100000,
        "sellingAndMarketingExpenses": 0,
        "sellingGeneralAndAdministrativeExpenses": 753100000,
        "otherExpenses": 3600000,
        "operatingExpenses": 978600000,
        "costAndExpenses": 1021800000,
        "interestIncome": 0,
        "interestExpense": 44500000,
        "depreciationAndAmortization": 58400000,
        "ebitda": 221000000,
        "ebitdaratio": 0.1865923674,
        "operatingIncome": 162600000,
        "operatingIncomeRatio": 0.1372847011,
        "totalOtherIncomeExpensesNet": -45100000,
        "incomeBeforeTax": 117500000,
        "incomeBeforeTaxRatio": 0.0992063492,
        "incomeTaxExpense": 27300000,
        "netIncome": 67400000,
        "netIncomeRatio": 0.0569064505,
        "eps": 0.69,
        "epsdiluted": 0.68,
        "weightedAverageShsOut": 97800000,
        "weightedAverageShsOutDil": 99500000,
        "link": "https://www.sec.gov/Archives/edgar/data/785161/000078516120000011/0000785161-20-000011-index.htm",
        "finalLink": "https://www.sec.gov/Archives/edgar/data/785161/000078516120000011/ehc10k123119.htm"
    },
    {
        "date": "2019-09-30",
        "symbol": "EHC",
        "reportedCurrency": "USD",
        "cik": "0000785161",
        "fillingDate": "2019-10-31",
        "acceptedDate": "2019-10-31 13:09:48",
        "calendarYear": "2019",
        "period": "Q3",
        "revenue": 1161600000,
        "costOfRevenue": 42900000,
        "grossProfit": 1118700000,
        "grossProfitRatio": 0.9630681818,
        "researchAndDevelopmentExpenses": 0,
        "generalAndAdministrativeExpenses": 735100000,
        "sellingAndMarketingExpenses": 0,
        "sellingGeneralAndAdministrativeExpenses": 735100000,
        "otherExpenses": 21000000,
        "operatingExpenses": 946800000,
        "costAndExpenses": 989700000,
        "interestIncome": 0,
        "interestExpense": 40300000,
        "depreciationAndAmortization": 55100000,
        "ebitda": 249200000,
        "ebitdaratio": 0.2145316804,
        "operatingIncome": 131600000,
        "operatingIncomeRatio": 0.113292011,
        "totalOtherIncomeExpensesNet": -18100000,
        "incomeBeforeTax": 153800000,
        "incomeBeforeTaxRatio": 0.1324035813,
        "incomeTaxExpense": 34300000,
        "netIncome": 97200000,
        "netIncomeRatio": 0.083677686,
        "eps": 0.99,
        "epsdiluted": 0.98,
        "weightedAverageShsOut": 97800000,
        "weightedAverageShsOutDil": 99400000,
        "link": "https://www.sec.gov/Archives/edgar/data/785161/000078516119000045/0000785161-19-000045-index.htm",
        "finalLink": "https://www.sec.gov/Archives/edgar/data/785161/000078516119000045/ehc10q93019.htm"
    },
    {
        "date": "2019-06-30",
        "symbol": "EHC",
        "reportedCurrency": "USD",
        "cik": "0000785161",
        "fillingDate": "2019-07-31",
        "acceptedDate": "2019-07-31 16:20:24",
        "calendarYear": "2019",
        "period": "Q2",
        "revenue": 1135000000,
        "costOfRevenue": 41700000,
        "grossProfit": 1093300000,
        "grossProfitRatio": 0.9632599119,
        "researchAndDevelopmentExpenses": 0,
        "generalAndAdministrativeExpenses": 720300000,
        "sellingAndMarketingExpenses": 0,
        "sellingGeneralAndAdministrativeExpenses": 720300000,
        "otherExpenses": 2200000,
        "operatingExpenses": 922800000,
        "costAndExpenses": 964500000,
        "interestIncome": 0,
        "interestExpense": 37700000,
        "depreciationAndAmortization": 52700000,
        "ebitda": 223200000,
        "ebitdaratio": 0.1966519824,
        "operatingIncome": 132800000,
        "operatingIncomeRatio": 0.1170044053,
        "totalOtherIncomeExpensesNet": -36000000,
        "incomeBeforeTax": 134500000,
        "incomeBeforeTaxRatio": 0.1185022026,
        "incomeTaxExpense": 23500000,
        "netIncome": 91200000,
        "netIncomeRatio": 0.0803524229,
        "eps": 0.93,
        "epsdiluted": 0.92,
        "weightedAverageShsOut": 98000000,
        "weightedAverageShsOutDil": 99300000,
        "link": "https://www.sec.gov/Archives/edgar/data/785161/000078516119000038/0000785161-19-000038-index.htm",
        "finalLink": "https://www.sec.gov/Archives/edgar/data/785161/000078516119000038/ehc10q63019.htm"
    },
    {
        "date": "2019-03-31",
        "symbol": "EHC",
        "reportedCurrency": "USD",
        "cik": "0000785161",
        "fillingDate": "2019-05-01",
        "acceptedDate": "2019-05-01 14:52:49",
        "calendarYear": "2019",
        "period": "Q1",
        "revenue": 1124000000,
        "costOfRevenue": 40100000,
        "grossProfit": 1083900000,
        "grossProfitRatio": 0.9643238434,
        "researchAndDevelopmentExpenses": 0,
        "generalAndAdministrativeExpenses": 693800000,
        "sellingAndMarketingExpenses": 0,
        "sellingGeneralAndAdministrativeExpenses": 693800000,
        "otherExpenses": 3700000,
        "operatingExpenses": 896400000,
        "costAndExpenses": 936500000,
        "interestIncome": 0,
        "interestExpense": 37200000,
        "depreciationAndAmortization": 52500000,
        "ebitda": 246200000,
        "ebitdaratio": 0.2190391459,
        "operatingIncome": 150300000,
        "operatingIncomeRatio": 0.1337188612,
        "totalOtherIncomeExpensesNet": -31000000,
        "incomeBeforeTax": 156500000,
        "incomeBeforeTaxRatio": 0.1392348754,
        "incomeTaxExpense": 30800000,
        "netIncome": 101900000,
        "netIncomeRatio": 0.090658363,
        "eps": 1.04,
        "epsdiluted": 1.03,
        "weightedAverageShsOut": 98400000,
        "weightedAverageShsOutDil": 99700000,
        "link": "https://www.sec.gov/Archives/edgar/data/785161/000078516119000025/0000785161-19-000025-index.htm",
        "finalLink": "https://www.sec.gov/Archives/edgar/data/785161/000078516119000025/ehc10q33119.htm"
    },
    {
        "date": "2018-12-31",
        "symbol": "EHC",
        "reportedCurrency": "USD",
        "cik": "0000785161",
        "fillingDate": "2019-02-27",
        "acceptedDate": "2019-02-27 16:33:34",
        "calendarYear": "2018",
        "period": "Q4",
        "revenue": 1096000000,
        "costOfRevenue": 40900000,
        "grossProfit": 1055100000,
        "grossProfitRatio": 0.9626824818,
        "researchAndDevelopmentExpenses": 0,
        "generalAndAdministrativeExpenses": 687900000,
        "sellingAndMarketingExpenses": 0,
        "sellingGeneralAndAdministrativeExpenses": 687900000,
        "otherExpenses": -700000,
        "operatingExpenses": 892400000,
        "costAndExpenses": 933300000,
        "interestIncome": 0,
        "interestExpense": 36700000,
        "depreciationAndAmortization": 52900000,
        "ebitda": 215600000,
        "ebitdaratio": 0.1967153285,
        "operatingIncome": 162700000,
        "operatingIncomeRatio": 0.1484489051,
        "totalOtherIncomeExpensesNet": -87100000,
        "incomeBeforeTax": 75600000,
        "incomeBeforeTaxRatio": 0.0689781022,
        "incomeTaxExpense": 29400000,
        "netIncome": 28100000,
        "netIncomeRatio": 0.0256386861,
        "eps": 0.29,
        "epsdiluted": 0.28,
        "weightedAverageShsOut": 98000000,
        "weightedAverageShsOutDil": 100000000,
        "link": "https://www.sec.gov/Archives/edgar/data/785161/000078516119000011/0000785161-19-000011-index.htm",
        "finalLink": "https://www.sec.gov/Archives/edgar/data/785161/000078516119000011/ehc10k123118.htm"
    },
    {
        "date": "2018-09-30",
        "symbol": "EHC",
        "reportedCurrency": "USD",
        "cik": "0000785161",
        "fillingDate": "2018-10-31",
        "acceptedDate": "2018-10-31 17:17:13",
        "calendarYear": "2018",
        "period": "Q3",
        "revenue": 1067600000,
        "costOfRevenue": 38600000,
        "grossProfit": 1029000000,
        "grossProfitRatio": 0.9638441364,
        "researchAndDevelopmentExpenses": 0,
        "generalAndAdministrativeExpenses": 661800000,
        "sellingAndMarketingExpenses": 0,
        "sellingGeneralAndAdministrativeExpenses": 661800000,
        "otherExpenses": 1700000,
        "operatingExpenses": 855900000,
        "costAndExpenses": 894500000,
        "interestIncome": 0,
        "interestExpense": 37300000,
        "depreciationAndAmortization": 51200000,
        "ebitda": 228100000,
        "ebitdaratio": 0.2136568003,
        "operatingIncome": 135800000,
        "operatingIncomeRatio": 0.127201199,
        "totalOtherIncomeExpensesNet": -33500000,
        "incomeBeforeTax": 139600000,
        "incomeBeforeTaxRatio": 0.1307605845,
        "incomeTaxExpense": 30200000,
        "netIncome": 88300000,
        "netIncomeRatio": 0.0827088797,
        "eps": 0.9,
        "epsdiluted": 0.89,
        "weightedAverageShsOut": 98000000,
        "weightedAverageShsOutDil": 100000000,
        "link": "https://www.sec.gov/Archives/edgar/data/785161/000078516118000050/0000785161-18-000050-index.htm",
        "finalLink": "https://www.sec.gov/Archives/edgar/data/785161/000078516118000050/ehc10q93018.htm"
    },
    {
        "date": "2018-06-30",
        "symbol": "EHC",
        "reportedCurrency": "USD",
        "cik": "0000785161",
        "fillingDate": "2018-08-02",
        "acceptedDate": "2018-08-02 16:54:47",
        "calendarYear": "2018",
        "period": "Q2",
        "revenue": 1067700000,
        "costOfRevenue": 39300000,
        "grossProfit": 1028400000,
        "grossProfitRatio": 0.9631919078,
        "researchAndDevelopmentExpenses": 0,
        "generalAndAdministrativeExpenses": 652600000,
        "sellingAndMarketingExpenses": 0,
        "sellingGeneralAndAdministrativeExpenses": 652600000,
        "otherExpenses": 1300000,
        "operatingExpenses": 851700000,
        "costAndExpenses": 891000000,
        "interestIncome": 0,
        "interestExpense": 37700000,
        "depreciationAndAmortization": 49700000,
        "ebitda": 229700000,
        "ebitdaratio": 0.2151353376,
        "operatingIncome": 139000000,
        "operatingIncomeRatio": 0.1301863819,
        "totalOtherIncomeExpensesNet": -34400000,
        "incomeBeforeTax": 142300000,
        "incomeBeforeTaxRatio": 0.1332771378,
        "incomeTaxExpense": 29300000,
        "netIncome": 91700000,
        "netIncomeRatio": 0.0858855484,
        "eps": 0.93,
        "epsdiluted": 0.92,
        "weightedAverageShsOut": 97900000,
        "weightedAverageShsOutDil": 99600000,
        "link": "https://www.sec.gov/Archives/edgar/data/785161/000078516118000043/0000785161-18-000043-index.htm",
        "finalLink": "https://www.sec.gov/Archives/edgar/data/785161/000078516118000043/ehc10q63018.htm"
    },
    {
        "date": "2018-03-31",
        "symbol": "EHC",
        "reportedCurrency": "USD",
        "cik": "0000785161",
        "fillingDate": "2018-05-02",
        "acceptedDate": "2018-05-02 17:18:16",
        "calendarYear": "2018",
        "period": "Q1",
        "revenue": 1046000000,
        "costOfRevenue": 39900000,
        "grossProfit": 1006100000,
        "grossProfitRatio": 0.9618546845,
        "researchAndDevelopmentExpenses": 0,
        "generalAndAdministrativeExpenses": 649900000,
        "sellingAndMarketingExpenses": 0,
        "sellingGeneralAndAdministrativeExpenses": 649900000,
        "otherExpenses": -100000,
        "operatingExpenses": 837000000,
        "costAndExpenses": 876900000,
        "interestIncome": 0,
        "interestExpense": 35600000,
        "depreciationAndAmortization": 45900000,
        "ebitda": 217200000,
        "ebitdaratio": 0.2076481836,
        "operatingIncome": 169100000,
        "operatingIncomeRatio": 0.1616634799,
        "totalOtherIncomeExpensesNet": -33400000,
        "incomeBeforeTax": 135700000,
        "incomeBeforeTaxRatio": 0.1297323136,
        "incomeTaxExpense": 30000000,
        "netIncome": 83500000,
        "netIncomeRatio": 0.0798279159,
        "eps": 0.85,
        "epsdiluted": 0.84,
        "weightedAverageShsOut": 97800000,
        "weightedAverageShsOutDil": 99400000,
        "link": "https://www.sec.gov/Archives/edgar/data/785161/000078516118000030/0000785161-18-000030-index.htm",
        "finalLink": "https://www.sec.gov/Archives/edgar/data/785161/000078516118000030/ehc10q33118.htm"
    },
    {
        "date": "2017-12-31",
        "symbol": "EHC",
        "reportedCurrency": "USD",
        "cik": "0000785161",
        "fillingDate": "2018-02-28",
        "acceptedDate": "2018-02-27 18:05:55",
        "calendarYear": "2017",
        "period": "Q4",
        "revenue": 1010000000,
        "costOfRevenue": 38700000,
        "grossProfit": 971300000,
        "grossProfitRatio": 0.9616831683,
        "researchAndDevelopmentExpenses": 0,
        "generalAndAdministrativeExpenses": 616400000,
        "sellingAndMarketingExpenses": 0,
        "sellingGeneralAndAdministrativeExpenses": 616400000,
        "otherExpenses": 1200000,
        "operatingExpenses": 802500000,
        "costAndExpenses": 841200000,
        "interestIncome": 0,
        "interestExpense": 35900000,
        "depreciationAndAmortization": 46600000,
        "ebitda": 218400000,
        "ebitdaratio": 0.2162376238,
        "operatingIncome": 168800000,
        "operatingIncomeRatio": 0.1671287129,
        "totalOtherIncomeExpensesNet": -32900000,
        "incomeBeforeTax": 135900000,
        "incomeBeforeTaxRatio": 0.1345544554,
        "incomeTaxExpense": 49200000,
        "netIncome": 60400000,
        "netIncomeRatio": 0.0598019802,
        "eps": 0.62,
        "epsdiluted": 0.61,
        "weightedAverageShsOut": 97600000,
        "weightedAverageShsOutDil": 99200000,
        "link": "https://www.sec.gov/Archives/edgar/data/785161/000078516118000012/0000785161-18-000012-index.htm",
        "finalLink": "https://www.sec.gov/Archives/edgar/data/785161/000078516118000012/ehc10k123117.htm"
    },
    {
        "date": "2017-09-30",
        "symbol": "EHC",
        "reportedCurrency": "USD",
        "cik": "0000785161",
        "fillingDate": "2017-10-31",
        "acceptedDate": "2017-10-31 17:31:24",
        "calendarYear": "2017",
        "period": "Q3",
        "revenue": 983000000,
        "costOfRevenue": 36500000,
        "grossProfit": 946500000,
        "grossProfitRatio": 0.9628687691,
        "researchAndDevelopmentExpenses": 0,
        "generalAndAdministrativeExpenses": 600400000,
        "sellingAndMarketingExpenses": 0,
        "sellingGeneralAndAdministrativeExpenses": 600400000,
        "otherExpenses": 1000000,
        "operatingExpenses": 784200000,
        "costAndExpenses": 820700000,
        "interestIncome": 0,
        "interestExpense": 36800000,
        "depreciationAndAmortization": 46200000,
        "ebitda": 208500000,
        "ebitdaratio": 0.2121057986,
        "operatingIncome": 162300000,
        "operatingIncomeRatio": 0.1651068159,
        "totalOtherIncomeExpensesNet": -34000000,
        "incomeBeforeTax": 128300000,
        "incomeBeforeTaxRatio": 0.1305188199,
        "incomeTaxExpense": 43100000,
        "netIncome": 65700000,
        "netIncomeRatio": 0.0668362157,
        "eps": 0.67,
        "epsdiluted": 0.67,
        "weightedAverageShsOut": 97800000,
        "weightedAverageShsOutDil": 99000000,
        "link": "https://www.sec.gov/Archives/edgar/data/785161/000078516117000074/0000785161-17-000074-index.htm",
        "finalLink": "https://www.sec.gov/Archives/edgar/data/785161/000078516117000074/hls10q93017.htm"
    },
    {
        "date": "2017-06-30",
        "symbol": "EHC",
        "reportedCurrency": "USD",
        "cik": "0000785161",
        "fillingDate": "2017-08-02",
        "acceptedDate": "2017-08-01 18:33:37",
        "calendarYear": "2017",
        "period": "Q2",
        "revenue": 967600000,
        "costOfRevenue": 37100000,
        "grossProfit": 930500000,
        "grossProfitRatio": 0.9616577098,
        "researchAndDevelopmentExpenses": 0,
        "generalAndAdministrativeExpenses": 598500000,
        "sellingAndMarketingExpenses": 0,
        "sellingGeneralAndAdministrativeExpenses": 598500000,
        "otherExpenses": 900000,
        "operatingExpenses": 774800000,
        "costAndExpenses": 811900000,
        "interestIncome": 0,
        "interestExpense": 40400000,
        "depreciationAndAmortization": 45800000,
        "ebitda": 201500000,
        "ebitdaratio": 0.2082472096,
        "operatingIncome": 155700000,
        "operatingIncomeRatio": 0.1609136007,
        "totalOtherIncomeExpensesNet": -47900000,
        "incomeBeforeTax": 107800000,
        "incomeBeforeTaxRatio": 0.1114096734,
        "incomeTaxExpense": 28600000,
        "netIncome": 63000000,
        "netIncomeRatio": 0.0651095494,
        "eps": 0.7,
        "epsdiluted": 0.7,
        "weightedAverageShsOut": 90300000,
        "weightedAverageShsOutDil": 98900000,
        "link": "https://www.sec.gov/Archives/edgar/data/785161/000078516117000048/0000785161-17-000048-index.htm",
        "finalLink": "https://www.sec.gov/Archives/edgar/data/785161/000078516117000048/hls10q63017.htm"
    },
    {
        "date": "2017-03-31",
        "symbol": "EHC",
        "reportedCurrency": "USD",
        "cik": "0000785161",
        "fillingDate": "2017-04-28",
        "acceptedDate": "2017-04-28 17:24:30",
        "calendarYear": "2017",
        "period": "Q1",
        "revenue": 958400000,
        "costOfRevenue": 37000000,
        "grossProfit": 921400000,
        "grossProfitRatio": 0.96139399,
        "researchAndDevelopmentExpenses": 0,
        "generalAndAdministrativeExpenses": 584500000,
        "sellingAndMarketingExpenses": 0,
        "sellingGeneralAndAdministrativeExpenses": 584500000,
        "otherExpenses": 1000000,
        "operatingExpenses": 758800000,
        "costAndExpenses": 795800000,
        "interestIncome": 0,
        "interestExpense": 41300000,
        "depreciationAndAmortization": 45200000,
        "ebitda": 210900000,
        "ebitdaratio": 0.2200542571,
        "operatingIncome": 162600000,
        "operatingIncomeRatio": 0.1696577629,
        "totalOtherIncomeExpensesNet": -38200000,
        "incomeBeforeTax": 124400000,
        "incomeBeforeTaxRatio": 0.1297996661,
        "incomeTaxExpense": 39700000,
        "netIncome": 66600000,
        "netIncomeRatio": 0.069490818,
        "eps": 0.75,
        "epsdiluted": 0.7,
        "weightedAverageShsOut": 88800000,
        "weightedAverageShsOutDil": 99000000,
        "link": "https://www.sec.gov/Archives/edgar/data/785161/000078516117000022/0000785161-17-000022-index.htm",
        "finalLink": "https://www.sec.gov/Archives/edgar/data/785161/000078516117000022/hls10q33117.htm"
    },
    {
        "date": "2016-12-31",
        "symbol": "EHC",
        "reportedCurrency": "USD",
        "cik": "0000785161",
        "fillingDate": "2017-02-22",
        "acceptedDate": "2017-02-22 17:28:56",
        "calendarYear": "2016",
        "period": "Q4",
        "revenue": 935400000,
        "costOfRevenue": 35800000,
        "grossProfit": 899600000,
        "grossProfitRatio": 0.9617276032,
        "researchAndDevelopmentExpenses": 0,
        "generalAndAdministrativeExpenses": 570900000,
        "sellingAndMarketingExpenses": 0,
        "sellingGeneralAndAdministrativeExpenses": 570900000,
        "otherExpenses": 800000,
        "operatingExpenses": 739800000,
        "costAndExpenses": 775600000,
        "interestIncome": 0,
        "interestExpense": 41600000,
        "depreciationAndAmortization": 43800000,
        "ebitda": 206900000,
        "ebitdaratio": 0.2211887962,
        "operatingIncome": 159800000,
        "operatingIncomeRatio": 0.170836006,
        "totalOtherIncomeExpensesNet": -38300000,
        "incomeBeforeTax": 121500000,
        "incomeBeforeTaxRatio": 0.1298909557,
        "incomeTaxExpense": 39700000,
        "netIncome": 65100000,
        "netIncomeRatio": 0.0695958948,
        "eps": 0.73,
        "epsdiluted": 0.68,
        "weightedAverageShsOut": 88600000,
        "weightedAverageShsOutDil": 99200000,
        "link": "https://www.sec.gov/Archives/edgar/data/785161/000078516117000009/0000785161-17-000009-index.htm",
        "finalLink": "https://www.sec.gov/Archives/edgar/data/785161/000078516117000009/hls10k123116.htm"
    },
    {
        "date": "2016-09-30",
        "symbol": "EHC",
        "reportedCurrency": "USD",
        "cik": "0000785161",
        "fillingDate": "2016-10-28",
        "acceptedDate": "2016-10-28 15:27:12",
        "calendarYear": "2016",
        "period": "Q3",
        "revenue": 912000000,
        "costOfRevenue": 34800000,
        "grossProfit": 877200000,
        "grossProfitRatio": 0.9618421053,
        "researchAndDevelopmentExpenses": 0,
        "generalAndAdministrativeExpenses": 545300000,
        "sellingAndMarketingExpenses": 0,
        "sellingGeneralAndAdministrativeExpenses": 545300000,
        "otherExpenses": 800000,
        "operatingExpenses": 715100000,
        "costAndExpenses": 749900000,
        "interestIncome": 0,
        "interestExpense": 42500000,
        "depreciationAndAmortization": 43500000,
        "ebitda": 205600000,
        "ebitdaratio": 0.2254385965,
        "operatingIncome": 162100000,
        "operatingIncomeRatio": 0.1777412281,
        "totalOtherIncomeExpensesNet": -41800000,
        "incomeBeforeTax": 120300000,
        "incomeBeforeTaxRatio": 0.1319078947,
        "incomeTaxExpense": 42100000,
        "netIncome": 61500000,
        "netIncomeRatio": 0.0674342105,
        "eps": 0.69,
        "epsdiluted": 0.64,
        "weightedAverageShsOut": 89100000,
        "weightedAverageShsOutDil": 99400000,
        "link": "https://www.sec.gov/Archives/edgar/data/785161/000078516116000150/0000785161-16-000150-index.htm",
        "finalLink": "https://www.sec.gov/Archives/edgar/data/785161/000078516116000150/hls10q93016.htm"
    },
    {
        "date": "2016-06-30",
        "symbol": "EHC",
        "reportedCurrency": "USD",
        "cik": "0000785161",
        "fillingDate": "2016-07-29",
        "acceptedDate": "2016-07-29 17:30:31",
        "calendarYear": "2016",
        "period": "Q2",
        "revenue": 905300000,
        "costOfRevenue": 34400000,
        "grossProfit": 870900000,
        "grossProfitRatio": 0.9620015464,
        "researchAndDevelopmentExpenses": 0,
        "generalAndAdministrativeExpenses": 540100000,
        "sellingAndMarketingExpenses": 0,
        "sellingGeneralAndAdministrativeExpenses": 540100000,
        "otherExpenses": 700000,
        "operatingExpenses": 704500000,
        "costAndExpenses": 738900000,
        "interestIncome": 0,
        "interestExpense": 43400000,
        "depreciationAndAmortization": 42900000,
        "ebitda": 209300000,
        "ebitdaratio": 0.2311940793,
        "operatingIncome": 166400000,
        "operatingIncomeRatio": 0.183806473,
        "totalOtherIncomeExpensesNet": -42700000,
        "incomeBeforeTax": 123700000,
        "incomeBeforeTaxRatio": 0.1366397879,
        "incomeTaxExpense": 42400000,
        "netIncome": 62400000,
        "netIncomeRatio": 0.0689274274,
        "eps": 0.7,
        "epsdiluted": 0.65,
        "weightedAverageShsOut": 89300000,
        "weightedAverageShsOutDil": 99400000,
        "link": "https://www.sec.gov/Archives/edgar/data/785161/000078516116000136/0000785161-16-000136-index.htm",
        "finalLink": "https://www.sec.gov/Archives/edgar/data/785161/000078516116000136/hls10q63016.htm"
    },
    {
        "date": "2016-03-31",
        "symbol": "EHC",
        "reportedCurrency": "USD",
        "cik": "0000785161",
        "fillingDate": "2016-04-28",
        "acceptedDate": "2016-04-27 18:21:28",
        "calendarYear": "2016",
        "period": "Q1",
        "revenue": 893300000,
        "costOfRevenue": 35000000,
        "grossProfit": 858300000,
        "grossProfitRatio": 0.9608194336,
        "researchAndDevelopmentExpenses": 0,
        "generalAndAdministrativeExpenses": 536200000,
        "sellingAndMarketingExpenses": 0,
        "sellingGeneralAndAdministrativeExpenses": 536200000,
        "otherExpenses": 600000,
        "operatingExpenses": 697800000,
        "costAndExpenses": 732800000,
        "interestIncome": 0,
        "interestExpense": 44600000,
        "depreciationAndAmortization": 42400000,
        "ebitda": 202900000,
        "ebitdaratio": 0.2271353409,
        "operatingIncome": 160500000,
        "operatingIncomeRatio": 0.1796708832,
        "totalOtherIncomeExpensesNet": -44000000,
        "incomeBeforeTax": 116500000,
        "incomeBeforeTaxRatio": 0.130415314,
        "incomeTaxExpense": 39700000,
        "netIncome": 57800000,
        "netIncomeRatio": 0.0647039069,
        "eps": 0.65,
        "epsdiluted": 0.61,
        "weightedAverageShsOut": 89500000,
        "weightedAverageShsOutDil": 99400000,
        "link": "https://www.sec.gov/Archives/edgar/data/785161/000078516116000126/0000785161-16-000126-index.htm",
        "finalLink": "https://www.sec.gov/Archives/edgar/data/785161/000078516116000126/hls10q33116.htm"
    },
    {
        "date": "2015-12-31",
        "symbol": "EHC",
        "reportedCurrency": "USD",
        "cik": "0000785161",
        "fillingDate": "2016-02-25",
        "acceptedDate": "2016-02-24 18:25:44",
        "calendarYear": "2015",
        "period": "Q4",
        "revenue": 865300000,
        "costOfRevenue": 34600000,
        "grossProfit": 830700000,
        "grossProfitRatio": 0.960013868,
        "researchAndDevelopmentExpenses": 0,
        "generalAndAdministrativeExpenses": 519900000,
        "sellingAndMarketingExpenses": 0,
        "sellingGeneralAndAdministrativeExpenses": 519900000,
        "otherExpenses": 1300000,
        "operatingExpenses": 679300000,
        "costAndExpenses": 713900000,
        "interestIncome": 0,
        "interestExpense": 44600000,
        "depreciationAndAmortization": 41400000,
        "ebitda": 199800000,
        "ebitdaratio": 0.2309025771,
        "operatingIncome": 151400000,
        "operatingIncomeRatio": 0.1749682191,
        "totalOtherIncomeExpensesNet": -42800000,
        "incomeBeforeTax": 108600000,
        "incomeBeforeTaxRatio": 0.125505605,
        "incomeTaxExpense": 43500000,
        "netIncome": 47000000,
        "netIncomeRatio": 0.0543164221,
        "eps": 0.52,
        "epsdiluted": 0.49,
        "weightedAverageShsOut": 90100000,
        "weightedAverageShsOutDil": 100600000,
        "link": "https://www.sec.gov/Archives/edgar/data/785161/000078516116000117/0000785161-16-000117-index.htm",
        "finalLink": "https://www.sec.gov/Archives/edgar/data/785161/000078516116000117/hls10k123115.htm"
    },
    {
        "date": "2015-09-30",
        "symbol": "EHC",
        "reportedCurrency": "USD",
        "cik": "0000785161",
        "fillingDate": "2015-10-29",
        "acceptedDate": "2015-10-29 16:57:17",
        "calendarYear": "2015",
        "period": "Q3",
        "revenue": 767900000,
        "costOfRevenue": 31000000,
        "grossProfit": 736900000,
        "grossProfitRatio": 0.9596301602,
        "researchAndDevelopmentExpenses": 0,
        "generalAndAdministrativeExpenses": 460600000,
        "sellingAndMarketingExpenses": 0,
        "sellingGeneralAndAdministrativeExpenses": 460600000,
        "otherExpenses": 700000,
        "operatingExpenses": 601000000,
        "costAndExpenses": 632000000,
        "interestIncome": 0,
        "interestExpense": 35600000,
        "depreciationAndAmortization": 33700000,
        "ebitda": 172300000,
        "ebitdaratio": 0.2243781742,
        "operatingIncome": 135900000,
        "operatingIncomeRatio": 0.1769761688,
        "totalOtherIncomeExpensesNet": -32500000,
        "incomeBeforeTax": 103400000,
        "incomeBeforeTaxRatio": 0.1346529496,
        "incomeTaxExpense": 35900000,
        "netIncome": 50400000,
        "netIncomeRatio": 0.065633546,
        "eps": 0.56,
        "epsdiluted": 0.52,
        "weightedAverageShsOut": 90600000,
        "weightedAverageShsOutDil": 101500000,
        "link": "https://www.sec.gov/Archives/edgar/data/785161/000078516115000089/0000785161-15-000089-index.htm",
        "finalLink": "https://www.sec.gov/Archives/edgar/data/785161/000078516115000089/hls10q93015.htm"
    },
    {
        "date": "2015-06-30",
        "symbol": "EHC",
        "reportedCurrency": "USD",
        "cik": "0000785161",
        "fillingDate": "2015-07-30",
        "acceptedDate": "2015-07-30 12:06:23",
        "calendarYear": "2015",
        "period": "Q2",
        "revenue": 753500000,
        "costOfRevenue": 31700000,
        "grossProfit": 721800000,
        "grossProfitRatio": 0.9579296616,
        "researchAndDevelopmentExpenses": 0,
        "generalAndAdministrativeExpenses": 446500000,
        "sellingAndMarketingExpenses": 0,
        "sellingGeneralAndAdministrativeExpenses": 446500000,
        "otherExpenses": 3000000,
        "operatingExpenses": 583400000,
        "costAndExpenses": 615100000,
        "interestIncome": 0,
        "interestExpense": 30900000,
        "depreciationAndAmortization": 32700000,
        "ebitda": 174400000,
        "ebitdaratio": 0.2314532183,
        "operatingIncome": 138400000,
        "operatingIncomeRatio": 0.1836761778,
        "totalOtherIncomeExpensesNet": -44400000,
        "incomeBeforeTax": 94000000,
        "incomeBeforeTaxRatio": 0.1247511612,
        "incomeTaxExpense": 32200000,
        "netIncome": 42600000,
        "netIncomeRatio": 0.0565361646,
        "eps": 0.47,
        "epsdiluted": 0.45,
        "weightedAverageShsOut": 89800000,
        "weightedAverageShsOutDil": 101500000,
        "link": "https://www.sec.gov/Archives/edgar/data/785161/000078516115000069/0000785161-15-000069-index.htm",
        "finalLink": "https://www.sec.gov/Archives/edgar/data/785161/000078516115000069/hls10q63015.htm"
    },
    {
        "date": "2015-03-31",
        "symbol": "EHC",
        "reportedCurrency": "USD",
        "cik": "0000785161",
        "fillingDate": "2015-05-01",
        "acceptedDate": "2015-05-01 13:43:44",
        "calendarYear": "2015",
        "period": "Q1",
        "revenue": 729000000,
        "costOfRevenue": 31400000,
        "grossProfit": 697600000,
        "grossProfitRatio": 0.9569272977,
        "researchAndDevelopmentExpenses": 0,
        "generalAndAdministrativeExpenses": 434000000,
        "sellingAndMarketingExpenses": 0,
        "sellingGeneralAndAdministrativeExpenses": 434000000,
        "otherExpenses": 500000,
        "operatingExpenses": 569100000,
        "costAndExpenses": 600500000,
        "interestIncome": 0,
        "interestExpense": 31800000,
        "depreciationAndAmortization": 31900000,
        "ebitda": 164400000,
        "ebitdaratio": 0.2255144033,
        "operatingIncome": 128500000,
        "operatingIncomeRatio": 0.1762688615,
        "totalOtherIncomeExpensesNet": -38900000,
        "incomeBeforeTax": 89600000,
        "incomeBeforeTaxRatio": 0.1229080933,
        "incomeTaxExpense": 30300000,
        "netIncome": 40600000,
        "netIncomeRatio": 0.0556927298,
        "eps": 0.47,
        "epsdiluted": 0.44,
        "weightedAverageShsOut": 87100000,
        "weightedAverageShsOutDil": 101100000,
        "link": "https://www.sec.gov/Archives/edgar/data/785161/000078516115000050/0000785161-15-000050-index.htm",
        "finalLink": "https://www.sec.gov/Archives/edgar/data/785161/000078516115000050/hls10q33115.htm"
    },
    {
        "date": "2014-12-31",
        "symbol": "EHC",
        "reportedCurrency": "USD",
        "cik": "0000785161",
        "fillingDate": "2015-03-02",
        "acceptedDate": "2015-02-27 21:24:12",
        "calendarYear": "2014",
        "period": "Q4",
        "revenue": 606800000,
        "costOfRevenue": 29900000,
        "grossProfit": 576900000,
        "grossProfitRatio": 0.9507251154,
        "researchAndDevelopmentExpenses": 0,
        "generalAndAdministrativeExpenses": 348900000,
        "sellingAndMarketingExpenses": 0,
        "sellingGeneralAndAdministrativeExpenses": 348900000,
        "otherExpenses": 1100000,
        "operatingExpenses": 467800000,
        "costAndExpenses": 497700000,
        "interestIncome": 0,
        "interestExpense": 25700000,
        "depreciationAndAmortization": 27500000,
        "ebitda": 145900000,
        "ebitdaratio": 0.2404416612,
        "operatingIncome": 109100000,
        "operatingIncomeRatio": 0.1797956493,
        "totalOtherIncomeExpensesNet": -35000000,
        "incomeBeforeTax": 74100000,
        "incomeBeforeTaxRatio": 0.1221160185,
        "incomeTaxExpense": 19300000,
        "netIncome": 42600000,
        "netIncomeRatio": 0.0702043507,
        "eps": 0.46,
        "epsdiluted": 0.44,
        "weightedAverageShsOut": 86600000,
        "weightedAverageShsOutDil": 100800000,
        "link": "https://www.sec.gov/Archives/edgar/data/785161/000078516115000020/0000785161-15-000020-index.htm",
        "finalLink": "https://www.sec.gov/Archives/edgar/data/785161/000078516115000020/hls10k123114.htm"
    },
    {
        "date": "2014-09-30",
        "symbol": "EHC",
        "reportedCurrency": "USD",
        "cik": "0000785161",
        "fillingDate": "2014-10-28",
        "acceptedDate": "2014-10-28 14:11:05",
        "calendarYear": "2014",
        "period": "Q3",
        "revenue": 588700000,
        "costOfRevenue": 26600000,
        "grossProfit": 562100000,
        "grossProfitRatio": 0.9548156956,
        "researchAndDevelopmentExpenses": 0,
        "generalAndAdministrativeExpenses": 331800000,
        "sellingAndMarketingExpenses": 0,
        "sellingGeneralAndAdministrativeExpenses": 331800000,
        "otherExpenses": 200000,
        "operatingExpenses": 448600000,
        "costAndExpenses": 475200000,
        "interestIncome": 0,
        "interestExpense": 27800000,
        "depreciationAndAmortization": 27400000,
        "ebitda": 140900000,
        "ebitdaratio": 0.2393409207,
        "operatingIncome": 113500000,
        "operatingIncomeRatio": 0.1927976898,
        "totalOtherIncomeExpensesNet": -25700000,
        "incomeBeforeTax": 87800000,
        "incomeBeforeTaxRatio": 0.1491421777,
        "incomeTaxExpense": 22100000,
        "netIncome": 48000000,
        "netIncomeRatio": 0.0815355869,
        "eps": 0.55,
        "epsdiluted": 0.52,
        "weightedAverageShsOut": 86500000,
        "weightedAverageShsOutDil": 100500000,
        "link": "https://www.sec.gov/Archives/edgar/data/785161/000078516114000067/0000785161-14-000067-index.htm",
        "finalLink": "https://www.sec.gov/Archives/edgar/data/785161/000078516114000067/hls10q93014.htm"
    },
    {
        "date": "2014-06-30",
        "symbol": "EHC",
        "reportedCurrency": "USD",
        "cik": "0000785161",
        "fillingDate": "2014-07-29",
        "acceptedDate": "2014-07-29 13:05:32",
        "calendarYear": "2014",
        "period": "Q2",
        "revenue": 595100000,
        "costOfRevenue": 27800000,
        "grossProfit": 567300000,
        "grossProfitRatio": 0.9532851622,
        "researchAndDevelopmentExpenses": 0,
        "generalAndAdministrativeExpenses": 327800000,
        "sellingAndMarketingExpenses": 0,
        "sellingGeneralAndAdministrativeExpenses": 327800000,
        "otherExpenses": 28200000,
        "operatingExpenses": 440500000,
        "costAndExpenses": 468300000,
        "interestIncome": 0,
        "interestExpense": 27800000,
        "depreciationAndAmortization": 26400000,
        "ebitda": 153200000,
        "ebitdaratio": 0.2574357251,
        "operatingIncome": 99800000,
        "operatingIncomeRatio": 0.1677029071,
        "totalOtherIncomeExpensesNet": -108900000,
        "incomeBeforeTax": 130600000,
        "incomeBeforeTaxRatio": 0.2194589145,
        "incomeTaxExpense": 36500000,
        "netIncome": 80400000,
        "netIncomeRatio": 0.135103344,
        "eps": 0.93,
        "epsdiluted": 0.85,
        "weightedAverageShsOut": 86700000,
        "weightedAverageShsOutDil": 100600000,
        "link": "https://www.sec.gov/Archives/edgar/data/785161/000078516114000043/0000785161-14-000043-index.htm",
        "finalLink": "https://www.sec.gov/Archives/edgar/data/785161/000078516114000043/hls10q63014.htm"
    },
    {
        "date": "2014-03-31",
        "symbol": "EHC",
        "reportedCurrency": "USD",
        "cik": "0000785161",
        "fillingDate": "2014-04-29",
        "acceptedDate": "2014-04-29 10:41:22",
        "calendarYear": "2014",
        "period": "Q1",
        "revenue": 583700000,
        "costOfRevenue": 27600000,
        "grossProfit": 556100000,
        "grossProfitRatio": 0.952715436,
        "researchAndDevelopmentExpenses": 0,
        "generalAndAdministrativeExpenses": 328900000,
        "sellingAndMarketingExpenses": 0,
        "sellingGeneralAndAdministrativeExpenses": 328900000,
        "otherExpenses": 1700000,
        "operatingExpenses": 439800000,
        "costAndExpenses": 467400000,
        "interestIncome": 0,
        "interestExpense": 27900000,
        "depreciationAndAmortization": 26400000,
        "ebitda": 142700000,
        "ebitdaratio": 0.2444749015,
        "operatingIncome": 116300000,
        "operatingIncomeRatio": 0.1992461881,
        "totalOtherIncomeExpensesNet": -21900000,
        "incomeBeforeTax": 94400000,
        "incomeBeforeTaxRatio": 0.1617269145,
        "incomeTaxExpense": 32800000,
        "netIncome": 44800000,
        "netIncomeRatio": 0.076751756,
        "eps": 0.51,
        "epsdiluted": 0.48,
        "weightedAverageShsOut": 87300000,
        "weightedAverageShsOutDil": 100900000,
        "link": "https://www.sec.gov/Archives/edgar/data/785161/000078516114000025/0000785161-14-000025-index.htm",
        "finalLink": "https://www.sec.gov/Archives/edgar/data/785161/000078516114000025/hls10q33114.htm"
    },
    {
        "date": "2013-12-31",
        "symbol": "EHC",
        "reportedCurrency": "USD",
        "cik": "0000785161",
        "fillingDate": "2014-02-20",
        "acceptedDate": "2014-02-20 15:05:38",
        "calendarYear": "2013",
        "period": "Q4",
        "revenue": 568500000,
        "costOfRevenue": 27100000,
        "grossProfit": 541400000,
        "grossProfitRatio": 0.9523306948,
        "researchAndDevelopmentExpenses": 0,
        "generalAndAdministrativeExpenses": 315500000,
        "sellingAndMarketingExpenses": 0,
        "sellingGeneralAndAdministrativeExpenses": 315500000,
        "otherExpenses": 1300000,
        "operatingExpenses": 422400000,
        "costAndExpenses": 449500000,
        "interestIncome": 0,
        "interestExpense": 26500000,
        "depreciationAndAmortization": 25200000,
        "ebitda": 139700000,
        "ebitdaratio": 0.2457343887,
        "operatingIncome": 119000000,
        "operatingIncomeRatio": 0.2093227792,
        "totalOtherIncomeExpensesNet": -24400000,
        "incomeBeforeTax": 94600000,
        "incomeBeforeTaxRatio": 0.1664028144,
        "incomeTaxExpense": 30500000,
        "netIncome": 48900000,
        "netIncomeRatio": 0.0860158311,
        "eps": 0.57,
        "epsdiluted": 0.49,
        "weightedAverageShsOut": 86400000,
        "weightedAverageShsOutDil": 100800000,
        "link": "https://www.sec.gov/Archives/edgar/data/785161/000078516114000013/0000785161-14-000013-index.htm",
        "finalLink": "https://www.sec.gov/Archives/edgar/data/785161/000078516114000013/hls10k123113.htm"
    },
    {
        "date": "2013-09-30",
        "symbol": "EHC",
        "reportedCurrency": "USD",
        "cik": "0000785161",
        "fillingDate": "2013-10-29",
        "acceptedDate": "2013-10-29 16:52:07",
        "calendarYear": "2013",
        "period": "Q3",
        "revenue": 556000000,
        "costOfRevenue": 25500000,
        "grossProfit": 530500000,
        "grossProfitRatio": 0.9541366906,
        "researchAndDevelopmentExpenses": 0,
        "generalAndAdministrativeExpenses": 314200000,
        "sellingAndMarketingExpenses": 0,
        "sellingGeneralAndAdministrativeExpenses": 314200000,
        "otherExpenses": 600000,
        "operatingExpenses": 420700000,
        "costAndExpenses": 446200000,
        "interestIncome": 0,
        "interestExpense": 25300000,
        "depreciationAndAmortization": 24300000,
        "ebitda": 138300000,
        "ebitdaratio": 0.2487410072,
        "operatingIncome": 109800000,
        "operatingIncomeRatio": 0.1974820144,
        "totalOtherIncomeExpensesNet": -1400000,
        "incomeBeforeTax": 108400000,
        "incomeBeforeTaxRatio": 0.1949640288,
        "incomeTaxExpense": 35200000,
        "netIncome": 51900000,
        "netIncomeRatio": 0.0933453237,
        "eps": 0.6,
        "epsdiluted": 0.58,
        "weightedAverageShsOut": 86200000,
        "weightedAverageShsOutDil": 100400000,
        "link": "https://www.sec.gov/Archives/edgar/data/785161/000078516113000056/0000785161-13-000056-index.htm",
        "finalLink": "https://www.sec.gov/Archives/edgar/data/785161/000078516113000056/hls10q93013.htm"
    },
    {
        "date": "2013-06-30",
        "symbol": "EHC",
        "reportedCurrency": "USD",
        "cik": "0000785161",
        "fillingDate": "2013-07-30",
        "acceptedDate": "2013-07-30 09:45:56",
        "calendarYear": "2013",
        "period": "Q2",
        "revenue": 557500000,
        "costOfRevenue": 26600000,
        "grossProfit": 530900000,
        "grossProfitRatio": 0.9522869955,
        "researchAndDevelopmentExpenses": 0,
        "generalAndAdministrativeExpenses": 317200000,
        "sellingAndMarketingExpenses": 0,
        "sellingGeneralAndAdministrativeExpenses": 317200000,
        "otherExpenses": 1900000,
        "operatingExpenses": 421300000,
        "costAndExpenses": 447900000,
        "interestIncome": 0,
        "interestExpense": 24400000,
        "depreciationAndAmortization": 23100000,
        "ebitda": 139900000,
        "ebitdaratio": 0.250941704,
        "operatingIncome": 109600000,
        "operatingIncomeRatio": 0.1965919283,
        "totalOtherIncomeExpensesNet": -17200000,
        "incomeBeforeTax": 92400000,
        "incomeBeforeTaxRatio": 0.1657399103,
        "incomeTaxExpense": -86500000,
        "netIncome": 156500000,
        "netIncomeRatio": 0.2807174888,
        "eps": 1.82,
        "epsdiluted": 1.66,
        "weightedAverageShsOut": 86100000,
        "weightedAverageShsOutDil": 99800000,
        "link": "https://www.sec.gov/Archives/edgar/data/785161/000078516113000045/0000785161-13-000045-index.htm",
        "finalLink": "https://www.sec.gov/Archives/edgar/data/785161/000078516113000045/hls10q63013.htm"
    },
    {
        "date": "2013-03-31",
        "symbol": "EHC",
        "reportedCurrency": "USD",
        "cik": "0000785161",
        "fillingDate": "2013-04-26",
        "acceptedDate": "2013-04-26 14:29:08",
        "calendarYear": "2013",
        "period": "Q1",
        "revenue": 565200000,
        "costOfRevenue": 26200000,
        "grossProfit": 539000000,
        "grossProfitRatio": 0.9536447275,
        "researchAndDevelopmentExpenses": 0,
        "generalAndAdministrativeExpenses": 318400000,
        "sellingAndMarketingExpenses": 0,
        "sellingGeneralAndAdministrativeExpenses": 318400000,
        "otherExpenses": 700000,
        "operatingExpenses": 418600000,
        "costAndExpenses": 444800000,
        "interestIncome": 0,
        "interestExpense": 24200000,
        "depreciationAndAmortization": 22100000,
        "ebitda": 146100000,
        "ebitdaratio": 0.258492569,
        "operatingIncome": 120400000,
        "operatingIncomeRatio": 0.2130219391,
        "totalOtherIncomeExpensesNet": -20600000,
        "incomeBeforeTax": 99800000,
        "incomeBeforeTaxRatio": 0.1765746638,
        "incomeTaxExpense": 33500000,
        "netIncome": 45600000,
        "netIncomeRatio": 0.0806794055,
        "eps": 0.48,
        "epsdiluted": 0.48,
        "weightedAverageShsOut": 94000000,
        "weightedAverageShsOutDil": 107100000,
        "link": "https://www.sec.gov/Archives/edgar/data/785161/000078516113000028/0000785161-13-000028-index.htm",
        "finalLink": "https://www.sec.gov/Archives/edgar/data/785161/000078516113000028/hls10q33113.htm"
    },
    {
        "date": "2012-12-31",
        "symbol": "EHC",
        "reportedCurrency": "USD",
        "cik": "0000785161",
        "fillingDate": "2013-02-19",
        "acceptedDate": "2013-02-19 14:36:20",
        "calendarYear": "2012",
        "period": "Q4",
        "revenue": 525900000,
        "costOfRevenue": 102400000,
        "grossProfit": 423500000,
        "grossProfitRatio": 0.8052861761,
        "researchAndDevelopmentExpenses": 0,
        "generalAndAdministrativeExpenses": 242300000,
        "sellingAndMarketingExpenses": 0,
        "sellingGeneralAndAdministrativeExpenses": 242300000,
        "otherExpenses": 79400000,
        "operatingExpenses": 325200000,
        "costAndExpenses": 427600000,
        "interestIncome": 0,
        "interestExpense": 24300000,
        "depreciationAndAmortization": 21700000,
        "ebitda": 127900000,
        "ebitdaratio": 0.2432021297,
        "operatingIncome": 98300000,
        "operatingIncomeRatio": 0.186917665,
        "totalOtherIncomeExpensesNet": -16400000,
        "incomeBeforeTax": 81900000,
        "incomeBeforeTaxRatio": 0.1557330291,
        "incomeTaxExpense": 24500000,
        "netIncome": 42000000,
        "netIncomeRatio": 0.0798630918,
        "eps": 0.5,
        "epsdiluted": 0.5,
        "weightedAverageShsOut": 94000000,
        "weightedAverageShsOutDil": 94000000,
        "link": "https://www.sec.gov/Archives/edgar/data/785161/000078516113000012/0000785161-13-000012-index.htm",
        "finalLink": "https://www.sec.gov/Archives/edgar/data/785161/000078516113000012/hls10k123112.htm"
    },
    {
        "date": "2012-09-30",
        "symbol": "EHC",
        "reportedCurrency": "USD",
        "cik": "0000785161",
        "fillingDate": "2012-10-26",
        "acceptedDate": "2012-10-26 16:20:24",
        "calendarYear": "2012",
        "period": "Q3",
        "revenue": 530000000,
        "costOfRevenue": 349500000,
        "grossProfit": 180500000,
        "grossProfitRatio": 0.3405660377,
        "researchAndDevelopmentExpenses": 0,
        "generalAndAdministrativeExpenses": 327800000,
        "sellingAndMarketingExpenses": 0,
        "sellingGeneralAndAdministrativeExpenses": 327800000,
        "otherExpenses": 103700000,
        "operatingExpenses": 424500000,
        "costAndExpenses": 424500000,
        "interestIncome": 0,
        "interestExpense": 23500000,
        "depreciationAndAmortization": 21300000,
        "ebitda": 133300000,
        "ebitdaratio": 0.251509434,
        "operatingIncome": 105500000,
        "operatingIncomeRatio": 0.1990566038,
        "totalOtherIncomeExpensesNet": -11900000,
        "incomeBeforeTax": 88500000,
        "incomeBeforeTaxRatio": 0.1669811321,
        "incomeTaxExpense": 28100000,
        "netIncome": 41400000,
        "netIncomeRatio": 0.0781132075,
        "eps": 0.43,
        "epsdiluted": 0.43,
        "weightedAverageShsOut": 94700000,
        "weightedAverageShsOutDil": 108100000,
        "link": "https://www.sec.gov/Archives/edgar/data/785161/000078516112000066/0000785161-12-000066-index.htm",
        "finalLink": "https://www.sec.gov/Archives/edgar/data/785161/000078516112000066/hls10q93012.htm"
    },
    {
        "date": "2012-06-30",
        "symbol": "EHC",
        "reportedCurrency": "USD",
        "cik": "0000785161",
        "fillingDate": "2012-07-27",
        "acceptedDate": "2012-07-27 16:03:25",
        "calendarYear": "2012",
        "period": "Q2",
        "revenue": 526900000,
        "costOfRevenue": 12300000,
        "grossProfit": 514600000,
        "grossProfitRatio": 0.9766559119,
        "researchAndDevelopmentExpenses": 0,
        "generalAndAdministrativeExpenses": 316800000,
        "sellingAndMarketingExpenses": 0,
        "sellingGeneralAndAdministrativeExpenses": 316800000,
        "otherExpenses": 94400000,
        "operatingExpenses": 411200000,
        "costAndExpenses": 423500000,
        "interestIncome": 0,
        "interestExpense": 23000000,
        "depreciationAndAmortization": 20000000,
        "ebitda": 126300000,
        "ebitdaratio": 0.2397039286,
        "operatingIncome": 103400000,
        "operatingIncomeRatio": 0.1962421712,
        "totalOtherIncomeExpensesNet": -19500000,
        "incomeBeforeTax": 83300000,
        "incomeBeforeTaxRatio": 0.1580945151,
        "incomeTaxExpense": 26900000,
        "netIncome": 40400000,
        "netIncomeRatio": 0.0766748909,
        "eps": 0.43,
        "epsdiluted": 0.43,
        "weightedAverageShsOut": 94600000,
        "weightedAverageShsOutDil": 108000000,
        "link": "https://www.sec.gov/Archives/edgar/data/785161/000078516112000039/0000785161-12-000039-index.htm",
        "finalLink": "https://www.sec.gov/Archives/edgar/data/785161/000078516112000039/hls10q63012.htm"
    },
    {
        "date": "2012-03-31",
        "symbol": "EHC",
        "reportedCurrency": "USD",
        "cik": "0000785161",
        "fillingDate": "2012-05-01",
        "acceptedDate": "2012-05-01 08:12:21",
        "calendarYear": "2012",
        "period": "Q1",
        "revenue": 532300000,
        "costOfRevenue": 346500000,
        "grossProfit": 185800000,
        "grossProfitRatio": 0.3490512869,
        "researchAndDevelopmentExpenses": 0,
        "generalAndAdministrativeExpenses": 333600000,
        "sellingAndMarketingExpenses": 0,
        "sellingGeneralAndAdministrativeExpenses": 333600000,
        "otherExpenses": 92500000,
        "operatingExpenses": 426100000,
        "costAndExpenses": 426100000,
        "interestIncome": 0,
        "interestExpense": 23300000,
        "depreciationAndAmortization": 19500000,
        "ebitda": 129100000,
        "ebitdaratio": 0.2425324065,
        "operatingIncome": 106200000,
        "operatingIncomeRatio": 0.1995115536,
        "totalOtherIncomeExpensesNet": -19100000,
        "incomeBeforeTax": 86300000,
        "incomeBeforeTaxRatio": 0.1621266203,
        "incomeTaxExpense": 29100000,
        "netIncome": 37300000,
        "netIncomeRatio": 0.070073267,
        "eps": 0.39,
        "epsdiluted": 0.39,
        "weightedAverageShsOut": 94500000,
        "weightedAverageShsOutDil": 108700000,
        "link": "https://www.sec.gov/Archives/edgar/data/785161/000078516112000022/0000785161-12-000022-index.htm",
        "finalLink": "https://www.sec.gov/Archives/edgar/data/785161/000078516112000022/hls10q33112.htm"
    },
    {
        "date": "2011-12-31",
        "symbol": "EHC",
        "reportedCurrency": "USD",
        "cik": "0000785161",
        "fillingDate": "2012-02-23",
        "acceptedDate": "2012-02-23 16:51:15",
        "calendarYear": "2011",
        "period": "Q4",
        "revenue": 518100000,
        "costOfRevenue": 0,
        "grossProfit": 518100000,
        "grossProfitRatio": 1,
        "researchAndDevelopmentExpenses": 0,
        "generalAndAdministrativeExpenses": 322600000,
        "sellingAndMarketingExpenses": 0,
        "sellingGeneralAndAdministrativeExpenses": 322600000,
        "otherExpenses": -190300000,
        "operatingExpenses": 132300000,
        "costAndExpenses": 132300000,
        "interestIncome": 0,
        "interestExpense": 23100000,
        "depreciationAndAmortization": 20200000,
        "ebitda": 409200000,
        "ebitdaratio": 0.7898089172,
        "operatingIncome": 385800000,
        "operatingIncomeRatio": 0.7446438911,
        "totalOtherIncomeExpensesNet": -303100000,
        "incomeBeforeTax": 82700000,
        "incomeBeforeTaxRatio": 0.1596216947,
        "incomeTaxExpense": 15200000,
        "netIncome": 43500000,
        "netIncomeRatio": 0.0839606254,
        "eps": 0.53,
        "epsdiluted": 0.53,
        "weightedAverageShsOut": 93600000,
        "weightedAverageShsOutDil": 94500000,
        "link": "https://www.sec.gov/Archives/edgar/data/785161/000078516112000009/0000785161-12-000009-index.htm",
        "finalLink": "https://www.sec.gov/Archives/edgar/data/785161/000078516112000009/hls10k123111.htm"
    },
    {
        "date": "2011-09-30",
        "symbol": "EHC",
        "reportedCurrency": "USD",
        "cik": "0000785161",
        "fillingDate": "2011-11-04",
        "acceptedDate": "2011-11-04 08:05:29",
        "calendarYear": "2011",
        "period": "Q3",
        "revenue": 497700000,
        "costOfRevenue": 12500000,
        "grossProfit": 485200000,
        "grossProfitRatio": 0.9748844686,
        "researchAndDevelopmentExpenses": 0,
        "generalAndAdministrativeExpenses": 300100000,
        "sellingAndMarketingExpenses": 0,
        "sellingGeneralAndAdministrativeExpenses": 300100000,
        "otherExpenses": 94900000,
        "operatingExpenses": 397800000,
        "costAndExpenses": 410300000,
        "interestIncome": 0,
        "interestExpense": 26300000,
        "depreciationAndAmortization": 19500000,
        "ebitda": 97500000,
        "ebitdaratio": 0.1959011453,
        "operatingIncome": 90200000,
        "operatingIncomeRatio": 0.1812336749,
        "totalOtherIncomeExpensesNet": -38500000,
        "incomeBeforeTax": 51700000,
        "incomeBeforeTaxRatio": 0.1038778381,
        "incomeTaxExpense": 18100000,
        "netIncome": 50500000,
        "netIncomeRatio": 0.101466747,
        "eps": 0.54,
        "epsdiluted": 0.46,
        "weightedAverageShsOut": 93300000,
        "weightedAverageShsOutDil": 109200000,
        "link": "https://www.sec.gov/Archives/edgar/data/785161/000078516111000082/0000785161-11-000082-index.htm",
        "finalLink": "https://www.sec.gov/Archives/edgar/data/785161/000078516111000082/form10q-2_2011.htm"
    },
    {
        "date": "2011-06-30",
        "symbol": "EHC",
        "reportedCurrency": "USD",
        "cik": "0000785161",
        "fillingDate": "2011-08-04",
        "acceptedDate": "2011-08-04 16:32:08",
        "calendarYear": "2011",
        "period": "Q2",
        "revenue": 505100000,
        "costOfRevenue": 253700000,
        "grossProfit": 251400000,
        "grossProfitRatio": 0.4977232231,
        "researchAndDevelopmentExpenses": 0,
        "generalAndAdministrativeExpenses": 51400000,
        "sellingAndMarketingExpenses": 0,
        "sellingGeneralAndAdministrativeExpenses": 51400000,
        "otherExpenses": 101000000,
        "operatingExpenses": 151400000,
        "costAndExpenses": 405100000,
        "interestIncome": 0,
        "interestExpense": 34900000,
        "depreciationAndAmortization": 19600000,
        "ebitda": 96400000,
        "ebitdaratio": 0.1908532964,
        "operatingIncome": 99000000,
        "operatingIncomeRatio": 0.1960007919,
        "totalOtherIncomeExpensesNet": -58100000,
        "incomeBeforeTax": 41900000,
        "incomeBeforeTaxRatio": 0.0829538705,
        "incomeTaxExpense": 11200000,
        "netIncome": 21900000,
        "netIncomeRatio": 0.0433577509,
        "eps": 0.23,
        "epsdiluted": 0.2,
        "weightedAverageShsOut": 93300000,
        "weightedAverageShsOutDil": 109500000,
        "link": "https://www.sec.gov/Archives/edgar/data/785161/000078516111000066/0000785161-11-000066-index.htm",
        "finalLink": "https://www.sec.gov/Archives/edgar/data/785161/000078516111000066/form10q-2_2011.htm"
    },
    {
        "date": "2011-03-31",
        "symbol": "EHC",
        "reportedCurrency": "USD",
        "cik": "0000785161",
        "fillingDate": "2011-05-02",
        "acceptedDate": "2011-05-02 12:35:01",
        "calendarYear": "2011",
        "period": "Q1",
        "revenue": 538100000,
        "costOfRevenue": 348100000,
        "grossProfit": 190000000,
        "grossProfitRatio": 0.3530942204,
        "researchAndDevelopmentExpenses": 0,
        "generalAndAdministrativeExpenses": 332000000,
        "sellingAndMarketingExpenses": 0,
        "sellingGeneralAndAdministrativeExpenses": 332000000,
        "otherExpenses": 102400000,
        "operatingExpenses": 434400000,
        "costAndExpenses": 434400000,
        "interestIncome": 0,
        "interestExpense": 35100000,
        "depreciationAndAmortization": 20300000,
        "ebitda": 121200000,
        "ebitdaratio": 0.2252369448,
        "operatingIncome": 103700000,
        "operatingIncomeRatio": 0.1927151087,
        "totalOtherIncomeExpensesNet": -32100000,
        "incomeBeforeTax": 71500000,
        "incomeBeforeTaxRatio": 0.1328749303,
        "incomeTaxExpense": -5600000,
        "netIncome": 73300000,
        "netIncomeRatio": 0.1362200335,
        "eps": 0.79,
        "epsdiluted": 0.73,
        "weightedAverageShsOut": 93100000,
        "weightedAverageShsOutDil": 109000000,
        "link": "https://www.sec.gov/Archives/edgar/data/785161/000078516111000032/0000785161-11-000032-index.htm",
        "finalLink": "https://www.sec.gov/Archives/edgar/data/785161/000078516111000032/form10q-1_2011.htm"
    },
    {
        "date": "2010-12-31",
        "symbol": "EHC",
        "reportedCurrency": "USD",
        "cik": "0000785161",
        "fillingDate": "2011-02-24",
        "acceptedDate": "2011-02-24 08:49:27",
        "calendarYear": "2010",
        "period": "Q4",
        "revenue": 1999300000,
        "costOfRevenue": 0,
        "grossProfit": 1999300000,
        "grossProfitRatio": 1,
        "researchAndDevelopmentExpenses": 0,
        "generalAndAdministrativeExpenses": 1269400000,
        "sellingAndMarketingExpenses": 0,
        "sellingGeneralAndAdministrativeExpenses": 1269400000,
        "otherExpenses": 99600000,
        "operatingExpenses": 1657100000,
        "costAndExpenses": 1657100000,
        "interestIncome": 0,
        "interestExpense": 125900000,
        "depreciationAndAmortization": 20100000,
        "ebitda": 104600000,
        "ebitdaratio": 0.0523183114,
        "operatingIncome": 94100000,
        "operatingIncomeRatio": 0.0470664733,
        "totalOtherIncomeExpensesNet": -44100000,
        "incomeBeforeTax": 203900000,
        "incomeBeforeTaxRatio": 0.101985695,
        "incomeTaxExpense": -736600000,
        "netIncome": 772700000,
        "netIncomeRatio": 0.3864852698,
        "eps": 9.41,
        "epsdiluted": 8.28,
        "weightedAverageShsOut": 92800000,
        "weightedAverageShsOutDil": 108500000,
        "link": "https://www.sec.gov/Archives/edgar/data/785161/000078516111000014/0000785161-11-000014-index.htm",
        "finalLink": "https://www.sec.gov/Archives/edgar/data/785161/000078516111000014/form_10-k2010.htm"
    },
    {
        "date": "2010-09-30",
        "symbol": "EHC",
        "reportedCurrency": "USD",
        "cik": "0000785161",
        "fillingDate": "2010-11-03",
        "acceptedDate": "2010-11-03 07:54:14",
        "calendarYear": "2010",
        "period": "Q3",
        "revenue": 490700000,
        "costOfRevenue": 274200000,
        "grossProfit": 216500000,
        "grossProfitRatio": 0.4412064398,
        "researchAndDevelopmentExpenses": 0,
        "generalAndAdministrativeExpenses": 317200000,
        "sellingAndMarketingExpenses": -274200000,
        "sellingGeneralAndAdministrativeExpenses": 43000000,
        "otherExpenses": 94800000,
        "operatingExpenses": 137900000,
        "costAndExpenses": 412100000,
        "interestIncome": 0,
        "interestExpense": 30800000,
        "depreciationAndAmortization": 19300000,
        "ebitda": 87500000,
        "ebitdaratio": 0.1783166904,
        "operatingIncome": 78700000,
        "operatingIncomeRatio": 0.1603831261,
        "totalOtherIncomeExpensesNet": -36900000,
        "incomeBeforeTax": 41800000,
        "incomeBeforeTaxRatio": 0.0851844304,
        "incomeTaxExpense": -700000,
        "netIncome": 25300000,
        "netIncomeRatio": 0.0515589974,
        "eps": 0.27,
        "epsdiluted": 0.27,
        "weightedAverageShsOut": 92800000,
        "weightedAverageShsOutDil": 108300000,
        "link": "https://www.sec.gov/Archives/edgar/data/785161/000078516110000066/0000785161-10-000066-index.htm",
        "finalLink": "https://www.sec.gov/Archives/edgar/data/785161/000078516110000066/form10q-32010.htm"
    },
    {
        "date": "2010-06-30",
        "symbol": "EHC",
        "reportedCurrency": "USD",
        "cik": "0000785161",
        "fillingDate": "2010-08-05",
        "acceptedDate": "2010-08-05 08:48:08",
        "calendarYear": "2010",
        "period": "Q2",
        "revenue": 496900000,
        "costOfRevenue": 270400000,
        "grossProfit": 226500000,
        "grossProfitRatio": 0.455826122,
        "researchAndDevelopmentExpenses": 0,
        "generalAndAdministrativeExpenses": 302800000,
        "sellingAndMarketingExpenses": -259000000,
        "sellingGeneralAndAdministrativeExpenses": 43800000,
        "otherExpenses": 101600000,
        "operatingExpenses": 145400000,
        "costAndExpenses": 415800000,
        "interestIncome": 0,
        "interestExpense": 30100000,
        "depreciationAndAmortization": 18700000,
        "ebitda": 100800000,
        "ebitdaratio": 0.2028577179,
        "operatingIncome": 51000000,
        "operatingIncomeRatio": 0.1026363453,
        "totalOtherIncomeExpensesNet": -25900000,
        "incomeBeforeTax": 55200000,
        "incomeBeforeTaxRatio": 0.1110887503,
        "incomeTaxExpense": -2200000,
        "netIncome": 40800000,
        "netIncomeRatio": 0.0821090763,
        "eps": 0.44,
        "epsdiluted": 0.38,
        "weightedAverageShsOut": 92800000,
        "weightedAverageShsOutDil": 108200000,
        "link": "https://www.sec.gov/Archives/edgar/data/785161/000078516110000046/0000785161-10-000046-index.htm",
        "finalLink": "https://www.sec.gov/Archives/edgar/data/785161/000078516110000046/form10q-22010.htm"
    },
    {
        "date": "2010-03-31",
        "symbol": "EHC",
        "reportedCurrency": "USD",
        "cik": "0000785161",
        "fillingDate": "2010-05-05",
        "acceptedDate": "2010-05-05 11:32:08",
        "calendarYear": "2010",
        "period": "Q1",
        "revenue": 491000000,
        "costOfRevenue": 270200000,
        "grossProfit": 220800000,
        "grossProfitRatio": 0.449694501,
        "researchAndDevelopmentExpenses": 0,
        "generalAndAdministrativeExpenses": 311000000,
        "sellingAndMarketingExpenses": 0,
        "sellingGeneralAndAdministrativeExpenses": 311000000,
        "otherExpenses": 92100000,
        "operatingExpenses": 403100000,
        "costAndExpenses": 403100000,
        "interestIncome": 0,
        "interestExpense": 30500000,
        "depreciationAndAmortization": 18300000,
        "ebitda": 104900000,
        "ebitdaratio": 0.2136456212,
        "operatingIncome": 57400000,
        "operatingIncomeRatio": 0.116904277,
        "totalOtherIncomeExpensesNet": -31800000,
        "incomeBeforeTax": 56100000,
        "incomeBeforeTaxRatio": 0.1142566191,
        "incomeTaxExpense": 2500000,
        "netIncome": 34200000,
        "netIncomeRatio": 0.0696537678,
        "eps": 0.37,
        "epsdiluted": 0.37,
        "weightedAverageShsOut": 92700000,
        "weightedAverageShsOutDil": 108000000,
        "link": "https://www.sec.gov/Archives/edgar/data/785161/000078516110000025/0000785161-10-000025-index.htm",
        "finalLink": "https://www.sec.gov/Archives/edgar/data/785161/000078516110000025/form10q-12010.htm"
    },
    {
        "date": "2009-12-31",
        "symbol": "EHC",
        "reportedCurrency": "USD",
        "cik": "0000785161",
        "fillingDate": "2010-02-23",
        "acceptedDate": "2010-02-23 16:07:57",
        "calendarYear": "2009",
        "period": "Q4",
        "revenue": 479600000,
        "costOfRevenue": -745500000,
        "grossProfit": 1225100000,
        "grossProfitRatio": 2.5544203503,
        "researchAndDevelopmentExpenses": 0,
        "generalAndAdministrativeExpenses": 295400000,
        "sellingAndMarketingExpenses": 0,
        "sellingGeneralAndAdministrativeExpenses": 295400000,
        "otherExpenses": 852600000,
        "operatingExpenses": 1148000000,
        "costAndExpenses": 402500000,
        "interestIncome": 0,
        "interestExpense": 30800000,
        "depreciationAndAmortization": 17500000,
        "ebitda": 83900000,
        "ebitdaratio": 0.1749374479,
        "operatingIncome": 77100000,
        "operatingIncomeRatio": 0.1607589658,
        "totalOtherIncomeExpensesNet": -41500000,
        "incomeBeforeTax": 35600000,
        "incomeBeforeTaxRatio": 0.0742285238,
        "incomeTaxExpense": -2400000,
        "netIncome": 32100000,
        "netIncomeRatio": 0.0669307756,
        "eps": 0.42,
        "epsdiluted": 0.42,
        "weightedAverageShsOut": 92400000,
        "weightedAverageShsOutDil": 92700000,
        "link": "https://www.sec.gov/Archives/edgar/data/785161/000078516110000011/0000785161-10-000011-index.htm",
        "finalLink": "https://www.sec.gov/Archives/edgar/data/785161/000078516110000011/form_10-k2009.htm"
    },
    {
        "date": "2009-09-30",
        "symbol": "EHC",
        "reportedCurrency": "USD",
        "cik": "0000785161",
        "fillingDate": "2009-11-04",
        "acceptedDate": "2009-11-04 15:23:41",
        "calendarYear": "2009",
        "period": "Q3",
        "revenue": 472700000,
        "costOfRevenue": 329900000,
        "grossProfit": 142800000,
        "grossProfitRatio": 0.3020943516,
        "researchAndDevelopmentExpenses": 0,
        "generalAndAdministrativeExpenses": 301100000,
        "sellingAndMarketingExpenses": -251300000,
        "sellingGeneralAndAdministrativeExpenses": 49800000,
        "otherExpenses": -157800000,
        "operatingExpenses": 76500000,
        "costAndExpenses": 406400000,
        "interestIncome": 0,
        "interestExpense": 29500000,
        "depreciationAndAmortization": 18100000,
        "ebitda": 79500000,
        "ebitdaratio": 0.1681827798,
        "operatingIncome": 36800000,
        "operatingIncomeRatio": 0.0778506452,
        "totalOtherIncomeExpensesNet": -34500000,
        "incomeBeforeTax": 28500000,
        "incomeBeforeTaxRatio": 0.0602919399,
        "incomeTaxExpense": -1700000,
        "netIncome": 16800000,
        "netIncomeRatio": 0.035540512,
        "eps": 0.19,
        "epsdiluted": 0.16,
        "weightedAverageShsOut": 87600000,
        "weightedAverageShsOutDil": 102200000,
        "link": "https://www.sec.gov/Archives/edgar/data/785161/000144264309000050/0001442643-09-000050-index.htm",
        "finalLink": "https://www.sec.gov/Archives/edgar/data/785161/000144264309000050/form10q-32009.htm"
    },
    {
        "date": "2009-06-30",
        "symbol": "EHC",
        "reportedCurrency": "USD",
        "cik": "0000785161",
        "fillingDate": "2009-08-05",
        "acceptedDate": "2009-08-05 13:43:56",
        "calendarYear": "2009",
        "period": "Q2",
        "revenue": 483700000,
        "costOfRevenue": 12100000,
        "grossProfit": 471600000,
        "grossProfitRatio": 0.9749844945,
        "researchAndDevelopmentExpenses": 0,
        "generalAndAdministrativeExpenses": 338100000,
        "sellingAndMarketingExpenses": 0,
        "sellingGeneralAndAdministrativeExpenses": 338100000,
        "otherExpenses": 96300000,
        "operatingExpenses": 434400000,
        "costAndExpenses": 446500000,
        "interestIncome": 0,
        "interestExpense": 31100000,
        "depreciationAndAmortization": 17700000,
        "ebitda": 50700000,
        "ebitdaratio": 0.1048170354,
        "operatingIncome": 37200000,
        "operatingIncomeRatio": 0.0769071739,
        "totalOtherIncomeExpensesNet": -35200000,
        "incomeBeforeTax": 1900000,
        "incomeBeforeTaxRatio": 0.0039280546,
        "incomeTaxExpense": -300000,
        "netIncome": -5500000,
        "netIncomeRatio": -0.0113706843,
        "eps": -0.0628,
        "epsdiluted": -0.0542,
        "weightedAverageShsOut": 87600000,
        "weightedAverageShsOutDil": 101500000,
        "link": "https://www.sec.gov/Archives/edgar/data/785161/000144264309000030/0001442643-09-000030-index.htm",
        "finalLink": "https://www.sec.gov/Archives/edgar/data/785161/000144264309000030/form_10q-22009.htm"
    },
    {
        "date": "2009-03-31",
        "symbol": "EHC",
        "reportedCurrency": "USD",
        "cik": "0000785161",
        "fillingDate": "2009-05-06",
        "acceptedDate": "2009-05-06 09:32:09",
        "calendarYear": "2009",
        "period": "Q1",
        "revenue": 475100000,
        "costOfRevenue": 12000000,
        "grossProfit": 463100000,
        "grossProfitRatio": 0.9747421595,
        "researchAndDevelopmentExpenses": 0,
        "generalAndAdministrativeExpenses": 276600000,
        "sellingAndMarketingExpenses": 0,
        "sellingGeneralAndAdministrativeExpenses": 276600000,
        "otherExpenses": 93700000,
        "operatingExpenses": 370300000,
        "costAndExpenses": 382300000,
        "interestIncome": 0,
        "interestExpense": 34400000,
        "depreciationAndAmortization": 17600000,
        "ebitda": 109200000,
        "ebitdaratio": 0.2298463481,
        "operatingIncome": 58400000,
        "operatingIncomeRatio": 0.1229214902,
        "totalOtherIncomeExpensesNet": -35300000,
        "incomeBeforeTax": 57500000,
        "incomeBeforeTaxRatio": 0.1210271522,
        "incomeTaxExpense": 1200000,
        "netIncome": 38400000,
        "netIncomeRatio": 0.0808250895,
        "eps": 0.44,
        "epsdiluted": 0.44,
        "weightedAverageShsOut": 87500000,
        "weightedAverageShsOutDil": 100900000,
        "link": "https://www.sec.gov/Archives/edgar/data/785161/000144264309000020/0001442643-09-000020-index.htm",
        "finalLink": "https://www.sec.gov/Archives/edgar/data/785161/000144264309000020/form_10q-12009.htm"
    },
    {
        "date": "2008-12-31",
        "symbol": "EHC",
        "reportedCurrency": "USD",
        "cik": "0000785161",
        "fillingDate": "2009-02-24",
        "acceptedDate": "2009-02-24 16:54:46",
        "calendarYear": "2008",
        "period": "Q4",
        "revenue": 463800000,
        "costOfRevenue": -794200000,
        "grossProfit": 1258000000,
        "grossProfitRatio": 2.7123760241,
        "researchAndDevelopmentExpenses": 0,
        "generalAndAdministrativeExpenses": 149900000,
        "sellingAndMarketingExpenses": 1049400000,
        "sellingGeneralAndAdministrativeExpenses": 1199300000,
        "otherExpenses": 18000000,
        "operatingExpenses": 1217300000,
        "costAndExpenses": 423100000,
        "interestIncome": 0,
        "interestExpense": 159700000,
        "depreciationAndAmortization": 18000000,
        "ebitda": 58700000,
        "ebitdaratio": 0.1265631738,
        "operatingIncome": 40700000,
        "operatingIncomeRatio": 0.087753342,
        "totalOtherIncomeExpensesNet": 83800000,
        "incomeBeforeTax": 124500000,
        "incomeBeforeTaxRatio": 0.2684346701,
        "incomeTaxExpense": -48400000,
        "netIncome": 175400000,
        "netIncomeRatio": 0.3781802501,
        "eps": 2.08,
        "epsdiluted": 2.08,
        "weightedAverageShsOut": 87200000,
        "weightedAverageShsOutDil": 87500000,
        "link": "https://www.sec.gov/Archives/edgar/data/785161/000144264309000012/0001442643-09-000012-index.htm",
        "finalLink": "https://www.sec.gov/Archives/edgar/data/785161/000144264309000012/form_10-k20081v.htm"
    },
    {
        "date": "2008-09-30",
        "symbol": "EHC",
        "reportedCurrency": "USD",
        "cik": "0000785161",
        "fillingDate": "2008-11-05",
        "acceptedDate": "2008-11-05 13:23:16",
        "calendarYear": "2008",
        "period": "Q3",
        "revenue": 456200000,
        "costOfRevenue": 305400000,
        "grossProfit": 150800000,
        "grossProfitRatio": 0.3305567733,
        "researchAndDevelopmentExpenses": 0,
        "generalAndAdministrativeExpenses": 29500000,
        "sellingAndMarketingExpenses": 45700000,
        "sellingGeneralAndAdministrativeExpenses": 75200000,
        "otherExpenses": 18100000,
        "operatingExpenses": 93300000,
        "costAndExpenses": 398700000,
        "interestIncome": 0,
        "interestExpense": 40300000,
        "depreciationAndAmortization": 18100000,
        "ebitda": 51400000,
        "ebitdaratio": 0.1126698816,
        "operatingIncome": 57500000,
        "operatingIncomeRatio": 0.12604121,
        "totalOtherIncomeExpensesNet": -47300000,
        "incomeBeforeTax": -13100000,
        "incomeBeforeTaxRatio": -0.0287154757,
        "incomeTaxExpense": -22500000,
        "netIncome": 6600000,
        "netIncomeRatio": 0.0144673389,
        "eps": 0.0755,
        "epsdiluted": 0.0653,
        "weightedAverageShsOut": 87400000,
        "weightedAverageShsOutDil": 101000000,
        "link": "https://www.sec.gov/Archives/edgar/data/785161/000144264308000008/0001442643-08-000008-index.htm",
        "finalLink": "https://www.sec.gov/Archives/edgar/data/785161/000144264308000008/form_10q-32008.htm"
    },
    {
        "date": "2008-06-30",
        "symbol": "EHC",
        "reportedCurrency": "USD",
        "cik": "0000785161",
        "fillingDate": "2008-08-06",
        "acceptedDate": "2008-08-06 13:43:18",
        "calendarYear": "2008",
        "period": "Q2",
        "revenue": 461400000,
        "costOfRevenue": 301800000,
        "grossProfit": 159600000,
        "grossProfitRatio": 0.3459037711,
        "researchAndDevelopmentExpenses": 0,
        "generalAndAdministrativeExpenses": 30500000,
        "sellingAndMarketingExpenses": 47200000,
        "sellingGeneralAndAdministrativeExpenses": 77700000,
        "otherExpenses": 18300000,
        "operatingExpenses": 96000000,
        "costAndExpenses": 397800000,
        "interestIncome": 0,
        "interestExpense": 43400000,
        "depreciationAndAmortization": 18300000,
        "ebitda": 48600000,
        "ebitdaratio": 0.1053315995,
        "operatingIncome": 63600000,
        "operatingIncomeRatio": 0.1378413524,
        "totalOtherIncomeExpensesNet": -15200000,
        "incomeBeforeTax": 47900000,
        "incomeBeforeTaxRatio": 0.1038144777,
        "incomeTaxExpense": 700000,
        "netIncome": 37600000,
        "netIncomeRatio": 0.081491114,
        "eps": 0.47,
        "epsdiluted": 0.47,
        "weightedAverageShsOut": 79500000,
        "weightedAverageShsOutDil": 93000000,
        "link": "https://www.sec.gov/Archives/edgar/data/785161/000137886208000053/0001378862-08-000053-index.htm",
        "finalLink": "https://www.sec.gov/Archives/edgar/data/785161/000137886208000053/form_10q-22008.htm"
    },
    {
        "date": "2008-03-31",
        "symbol": "EHC",
        "reportedCurrency": "USD",
        "cik": "0000785161",
        "fillingDate": "2008-05-07",
        "acceptedDate": "2008-05-07 14:18:36",
        "calendarYear": "2008",
        "period": "Q1",
        "revenue": 469000000,
        "costOfRevenue": 303300000,
        "grossProfit": 165700000,
        "grossProfitRatio": 0.3533049041,
        "researchAndDevelopmentExpenses": 0,
        "generalAndAdministrativeExpenses": 31700000,
        "sellingAndMarketingExpenses": 47900000,
        "sellingGeneralAndAdministrativeExpenses": 79600000,
        "otherExpenses": 30100000,
        "operatingExpenses": 109700000,
        "costAndExpenses": 413000000,
        "interestIncome": 0,
        "interestExpense": 47400000,
        "depreciationAndAmortization": 30100000,
        "ebitda": 89300000,
        "ebitdaratio": 0.1904051173,
        "operatingIncome": 56000000,
        "operatingIncomeRatio": 0.1194029851,
        "totalOtherIncomeExpensesNet": 8400000,
        "incomeBeforeTax": 4000000,
        "incomeBeforeTaxRatio": 0.0085287846,
        "incomeTaxExpense": 100000,
        "netIncome": 19800000,
        "netIncomeRatio": 0.042217484,
        "eps": 0.25,
        "epsdiluted": 0.21,
        "weightedAverageShsOut": 78900000,
        "weightedAverageShsOutDil": 92300000,
        "link": "https://www.sec.gov/Archives/edgar/data/785161/000137886208000037/0001378862-08-000037-index.htm",
        "finalLink": "https://www.sec.gov/Archives/edgar/data/785161/000137886208000037/form_10q-12008.htm"
    },
    {
        "date": "2007-12-31",
        "symbol": "EHC",
        "reportedCurrency": "USD",
        "cik": "0000785161",
        "fillingDate": "2008-02-26",
        "acceptedDate": "2008-02-26 16:04:04",
        "calendarYear": "2007",
        "period": "Q4",
        "revenue": 439000000,
        "costOfRevenue": 57500000,
        "grossProfit": 381500000,
        "grossProfitRatio": 0.8690205011,
        "researchAndDevelopmentExpenses": 0,
        "generalAndAdministrativeExpenses": 186400000,
        "sellingAndMarketingExpenses": 113500000,
        "sellingGeneralAndAdministrativeExpenses": 299900000,
        "otherExpenses": 19700000,
        "operatingExpenses": 319600000,
        "costAndExpenses": 377100000,
        "interestIncome": 0,
        "interestExpense": 229900000,
        "depreciationAndAmortization": 19700000,
        "ebitda": 81600000,
        "ebitdaratio": 0.1858769932,
        "operatingIncome": 61900000,
        "operatingIncomeRatio": 0.1410022779,
        "totalOtherIncomeExpensesNet": -120800000,
        "incomeBeforeTax": -58900000,
        "incomeBeforeTaxRatio": -0.1341685649,
        "incomeTaxExpense": -34200000,
        "netIncome": -45800000,
        "netIncomeRatio": -0.1043280182,
        "eps": -0.58,
        "epsdiluted": -0.58,
        "weightedAverageShsOut": 78900000,
        "weightedAverageShsOutDil": 78900000,
        "link": "https://www.sec.gov/Archives/edgar/data/785161/000137886208000014/0001378862-08-000014-index.htm",
        "finalLink": "https://www.sec.gov/Archives/edgar/data/785161/000137886208000014/form_10k-2007.htm"
    },
    {
        "date": "2007-09-30",
        "symbol": "EHC",
        "reportedCurrency": "USD",
        "cik": "0000785161",
        "fillingDate": "2007-11-06",
        "acceptedDate": "2007-11-06 15:38:08",
        "calendarYear": "2007",
        "period": "Q3",
        "revenue": 431600000,
        "costOfRevenue": 303400000,
        "grossProfit": 128200000,
        "grossProfitRatio": 0.297034291,
        "researchAndDevelopmentExpenses": 0,
        "generalAndAdministrativeExpenses": 36700000,
        "sellingAndMarketingExpenses": 18500000,
        "sellingGeneralAndAdministrativeExpenses": 55200000,
        "otherExpenses": 19900000,
        "operatingExpenses": 75100000,
        "costAndExpenses": 378500000,
        "interestIncome": 0,
        "interestExpense": 60200000,
        "depreciationAndAmortization": 19900000,
        "ebitda": 72600000,
        "ebitdaratio": 0.1682113068,
        "operatingIncome": 53100000,
        "operatingIncomeRatio": 0.1230305839,
        "totalOtherIncomeExpensesNet": -84200000,
        "incomeBeforeTax": -31100000,
        "incomeBeforeTaxRatio": -0.0720574606,
        "incomeTaxExpense": -281100000,
        "netIncome": 281100000,
        "netIncomeRatio": 0.6512974977,
        "eps": 3.58,
        "epsdiluted": 3.13,
        "weightedAverageShsOut": 78500000,
        "weightedAverageShsOutDil": 91800000,
        "link": "https://www.sec.gov/Archives/edgar/data/785161/000137886207000062/0001378862-07-000062-index.htm",
        "finalLink": "https://www.sec.gov/Archives/edgar/data/785161/000137886207000062/form_10q-110607.htm"
    },
    {
        "date": "2007-06-30",
        "symbol": "EHC",
        "reportedCurrency": "USD",
        "cik": "0000785161",
        "fillingDate": "2007-08-08",
        "acceptedDate": "2007-08-08 16:03:46",
        "calendarYear": "2007",
        "period": "Q2",
        "revenue": 442800000,
        "costOfRevenue": 303700000,
        "grossProfit": 139100000,
        "grossProfitRatio": 0.314137308,
        "researchAndDevelopmentExpenses": 0,
        "generalAndAdministrativeExpenses": 48300000,
        "sellingAndMarketingExpenses": 24100000,
        "sellingGeneralAndAdministrativeExpenses": 72400000,
        "otherExpenses": 20000000,
        "operatingExpenses": 92400000,
        "costAndExpenses": 396100000,
        "interestIncome": 0,
        "interestExpense": 59200000,
        "depreciationAndAmortization": 20000000,
        "ebitda": 66700000,
        "ebitdaratio": 0.1506323397,
        "operatingIncome": 46700000,
        "operatingIncomeRatio": 0.1054652213,
        "totalOtherIncomeExpensesNet": -55900000,
        "incomeBeforeTax": -9200000,
        "incomeBeforeTaxRatio": -0.0207768744,
        "incomeTaxExpense": -10300000,
        "netIncome": 468300000,
        "netIncomeRatio": 1.0575880759,
        "eps": 5.95,
        "epsdiluted": 5.08,
        "weightedAverageShsOut": 78700000,
        "weightedAverageShsOutDil": 92100000,
        "link": "https://www.sec.gov/Archives/edgar/data/785161/000137886207000042/0001378862-07-000042-index.htm",
        "finalLink": "https://www.sec.gov/Archives/edgar/data/785161/000137886207000042/form_10q-22007.htm"
    },
    {
        "date": "2007-03-31",
        "symbol": "EHC",
        "reportedCurrency": "USD",
        "cik": "0000785161",
        "fillingDate": "2007-05-09",
        "acceptedDate": "2007-05-09 16:03:48",
        "calendarYear": "2007",
        "period": "Q1",
        "revenue": 448600000,
        "costOfRevenue": 327300000,
        "grossProfit": 121300000,
        "grossProfitRatio": 0.27039679,
        "researchAndDevelopmentExpenses": 0,
        "generalAndAdministrativeExpenses": 66500000,
        "sellingAndMarketingExpenses": 10600000,
        "sellingGeneralAndAdministrativeExpenses": 77100000,
        "otherExpenses": 18200000,
        "operatingExpenses": 95300000,
        "costAndExpenses": 422600000,
        "interestIncome": 0,
        "interestExpense": 58500000,
        "depreciationAndAmortization": 21300000,
        "ebitda": 47300000,
        "ebitdaratio": 0.105439144,
        "operatingIncome": 26000000,
        "operatingIncomeRatio": 0.0579580918,
        "totalOtherIncomeExpensesNet": 3700000,
        "incomeBeforeTax": -25900000,
        "incomeBeforeTaxRatio": -0.0577351761,
        "incomeTaxExpense": 3300000,
        "netIncome": -56600000,
        "netIncomeRatio": -0.1261703076,
        "eps": -0.72,
        "epsdiluted": -0.61,
        "weightedAverageShsOut": 78700000,
        "weightedAverageShsOutDil": 92100000,
        "link": "https://www.sec.gov/Archives/edgar/data/785161/000137886207000028/0001378862-07-000028-index.htm",
        "finalLink": "https://www.sec.gov/Archives/edgar/data/785161/000137886207000028/form_10q-12007.htm"
    },
    {
        "date": "2006-12-31",
        "symbol": "EHC",
        "reportedCurrency": "USD",
        "cik": "0000785161",
        "fillingDate": "2007-03-01",
        "acceptedDate": "2007-02-28 19:52:15",
        "calendarYear": "2006",
        "period": "Q4",
        "revenue": 718472000,
        "costOfRevenue": 363626000,
        "grossProfit": 354846000,
        "grossProfitRatio": 0.4938898106,
        "researchAndDevelopmentExpenses": 0,
        "generalAndAdministrativeExpenses": 235600000,
        "sellingAndMarketingExpenses": 23722000,
        "sellingGeneralAndAdministrativeExpenses": 259322000,
        "otherExpenses": 34474000,
        "operatingExpenses": 293796000,
        "costAndExpenses": 657422000,
        "interestIncome": 0,
        "interestExpense": 335100000,
        "depreciationAndAmortization": 34474000,
        "ebitda": 95524000,
        "ebitdaratio": 0.132954381,
        "operatingIncome": 61050000,
        "operatingIncomeRatio": 0.0849719961,
        "totalOtherIncomeExpensesNet": -116880000,
        "incomeBeforeTax": -55830000,
        "incomeBeforeTaxRatio": -0.0777065773,
        "incomeTaxExpense": 9643000,
        "netIncome": -71282000,
        "netIncomeRatio": -0.0992133305,
        "eps": -0.91,
        "epsdiluted": -0.91,
        "weightedAverageShsOut": 78700000,
        "weightedAverageShsOutDil": 78700000,
        "link": "https://www.sec.gov/Archives/edgar/data/785161/000116923207001180/0001169232-07-001180-index.htm",
        "finalLink": "https://www.sec.gov/Archives/edgar/data/785161/000116923207001180/form_10k-2006.htm"
    },
    {
        "date": "2006-09-30",
        "symbol": "EHC",
        "reportedCurrency": "USD",
        "cik": "0000785161",
        "fillingDate": "2006-11-09",
        "acceptedDate": "2006-11-08 21:34:14",
        "calendarYear": "2006",
        "period": "Q3",
        "revenue": 731207000,
        "costOfRevenue": 344385000,
        "grossProfit": 386822000,
        "grossProfitRatio": 0.5290184585,
        "researchAndDevelopmentExpenses": 0,
        "generalAndAdministrativeExpenses": 41641000,
        "sellingAndMarketingExpenses": 279365000,
        "sellingGeneralAndAdministrativeExpenses": 321006000,
        "otherExpenses": 38473000,
        "operatingExpenses": 359479000,
        "costAndExpenses": 703864000,
        "interestIncome": 0,
        "interestExpense": 0,
        "depreciationAndAmortization": 38473000,
        "ebitda": 48000000,
        "ebitdaratio": 0.0656448858,
        "operatingIncome": 27343000,
        "operatingIncomeRatio": 0.0373943357,
        "totalOtherIncomeExpensesNet": 4582000,
        "incomeBeforeTax": -68271000,
        "incomeBeforeTaxRatio": -0.0933675416,
        "incomeTaxExpense": 4582000,
        "netIncome": -76144000,
        "netIncomeRatio": -0.1041346705,
        "eps": -0.96,
        "epsdiluted": -0.82,
        "weightedAverageShsOut": 79600000,
        "weightedAverageShsOutDil": 92900000,
        "link": "https://www.sec.gov/Archives/edgar/data/785161/000137886206000005/0001378862-06-000005-index.htm",
        "finalLink": "https://www.sec.gov/Archives/edgar/data/785161/000137886206000005/hs_10-q3.htm"
    },
    {
        "date": "2006-06-30",
        "symbol": "EHC",
        "reportedCurrency": "USD",
        "cik": "0000785161",
        "fillingDate": "2006-08-14",
        "acceptedDate": "2006-08-11 21:12:19",
        "calendarYear": "2006",
        "period": "Q2",
        "revenue": 787513000,
        "costOfRevenue": 354870000,
        "grossProfit": 432643000,
        "grossProfitRatio": 0.5493788674,
        "researchAndDevelopmentExpenses": 0,
        "generalAndAdministrativeExpenses": 47974000,
        "sellingAndMarketingExpenses": 288851000,
        "sellingGeneralAndAdministrativeExpenses": 336825000,
        "otherExpenses": 38917000,
        "operatingExpenses": 375742000,
        "costAndExpenses": 730612000,
        "interestIncome": 0,
        "interestExpense": 0,
        "depreciationAndAmortization": 38917000,
        "ebitda": 66900000,
        "ebitdaratio": 0.0849509786,
        "operatingIncome": 56901000,
        "operatingIncomeRatio": 0.0722540453,
        "totalOtherIncomeExpensesNet": 11527000,
        "incomeBeforeTax": -28941000,
        "incomeBeforeTaxRatio": -0.0367498695,
        "incomeTaxExpense": 9086000,
        "netIncome": -42436000,
        "netIncomeRatio": -0.0538860946,
        "eps": -0.53,
        "epsdiluted": -0.46,
        "weightedAverageShsOut": 79600000,
        "weightedAverageShsOutDil": 92900000,
        "link": "https://www.sec.gov/Archives/edgar/data/785161/000119312506171292/0001193125-06-171292-index.htm",
        "finalLink": "https://www.sec.gov/Archives/edgar/data/785161/000119312506171292/d10q.htm"
    },
    {
        "date": "2006-03-31",
        "symbol": "EHC",
        "reportedCurrency": "USD",
        "cik": "0000785161",
        "fillingDate": "2006-05-15",
        "acceptedDate": "2006-05-12 21:20:23",
        "calendarYear": "2006",
        "period": "Q1",
        "revenue": 791987000,
        "costOfRevenue": 363860000,
        "grossProfit": 428127000,
        "grossProfitRatio": 0.540573267,
        "researchAndDevelopmentExpenses": 0,
        "generalAndAdministrativeExpenses": 70074000,
        "sellingAndMarketingExpenses": 204710000,
        "sellingGeneralAndAdministrativeExpenses": 274784000,
        "otherExpenses": 37109000,
        "operatingExpenses": 311893000,
        "costAndExpenses": 675753000,
        "interestIncome": 0,
        "interestExpense": 0,
        "depreciationAndAmortization": 37109000,
        "ebitda": 46400000,
        "ebitdaratio": 0.0585868202,
        "operatingIncome": 116234000,
        "operatingIncomeRatio": 0.14676251,
        "totalOtherIncomeExpensesNet": -434900000,
        "incomeBeforeTax": -404360000,
        "incomeBeforeTaxRatio": -0.510563936,
        "incomeTaxExpense": 17933000,
        "netIncome": -435138000,
        "netIncomeRatio": -0.549425685,
        "eps": -5.47,
        "epsdiluted": -5.24,
        "weightedAverageShsOut": 79500000,
        "weightedAverageShsOutDil": 83000000,
        "link": "https://www.sec.gov/Archives/edgar/data/785161/000119312506111212/0001193125-06-111212-index.htm",
        "finalLink": "https://www.sec.gov/Archives/edgar/data/785161/000119312506111212/d10q.htm"
    },
    {
        "date": "2005-12-31",
        "symbol": "EHC",
        "reportedCurrency": "USD",
        "cik": "0000785161",
        "fillingDate": "2006-03-29",
        "acceptedDate": "2006-03-28 20:31:40",
        "calendarYear": "2005",
        "period": "Q4",
        "revenue": 807042000,
        "costOfRevenue": 0,
        "grossProfit": 807042000,
        "grossProfitRatio": 1,
        "researchAndDevelopmentExpenses": 0,
        "generalAndAdministrativeExpenses": 246177000,
        "sellingAndMarketingExpenses": 0,
        "sellingGeneralAndAdministrativeExpenses": 246177000,
        "otherExpenses": -1339105000,
        "operatingExpenses": -1339105000,
        "costAndExpenses": 388310000,
        "interestIncome": 0,
        "interestExpense": 338701000,
        "depreciationAndAmortization": 38418000,
        "ebitda": 457150000,
        "ebitdaratio": 0.5664513123,
        "operatingIncome": 418732000,
        "operatingIncomeRatio": 0.5188478419,
        "totalOtherIncomeExpensesNet": 311005000,
        "incomeBeforeTax": -72674000,
        "incomeBeforeTaxRatio": -0.0900498363,
        "incomeTaxExpense": 10583000,
        "netIncome": -113836000,
        "netIncomeRatio": -0.1410533776,
        "eps": -1.44,
        "epsdiluted": -1.43,
        "weightedAverageShsOut": 79273000,
        "weightedAverageShsOutDil": 79547000,
        "link": "https://www.sec.gov/Archives/edgar/data/785161/000119312506065473/0001193125-06-065473-index.htm",
        "finalLink": "https://www.sec.gov/Archives/edgar/data/785161/000119312506065473/d10k.htm"
    },
    {
        "date": "2005-09-30",
        "symbol": "EHC",
        "reportedCurrency": "USD",
        "cik": "0000785161",
        "fillingDate": "2005-09-30",
        "acceptedDate": "2005-09-29 20:00:00",
        "calendarYear": "2005",
        "period": "Q3",
        "revenue": 766307000,
        "costOfRevenue": 0,
        "grossProfit": 766307000,
        "grossProfitRatio": 1,
        "researchAndDevelopmentExpenses": 0,
        "generalAndAdministrativeExpenses": 0,
        "sellingAndMarketingExpenses": 0,
        "sellingGeneralAndAdministrativeExpenses": 0,
        "otherExpenses": 659259000,
        "operatingExpenses": 659259000,
        "costAndExpenses": 659259000,
        "interestIncome": 0,
        "interestExpense": 0,
        "depreciationAndAmortization": 40249000,
        "ebitda": 147297000,
        "ebitdaratio": 0.1922166964,
        "operatingIncome": 107048000,
        "operatingIncomeRatio": 0.1396933605,
        "totalOtherIncomeExpensesNet": -96515000,
        "incomeBeforeTax": 10533000,
        "incomeBeforeTaxRatio": 0.0137451439,
        "incomeTaxExpense": 10339000,
        "netIncome": -11541000,
        "netIncomeRatio": -0.0150605436,
        "eps": -0.15,
        "epsdiluted": -0.14,
        "weightedAverageShsOut": 79419000,
        "weightedAverageShsOutDil": 79662000,
        "link": "",
        "finalLink": ""
    },
    {
        "date": "2005-06-30",
        "symbol": "EHC",
        "reportedCurrency": "USD",
        "cik": "0000785161",
        "fillingDate": "2005-06-30",
        "acceptedDate": "2005-06-29 20:00:00",
        "calendarYear": "2005",
        "period": "Q2",
        "revenue": 818277000,
        "costOfRevenue": 0,
        "grossProfit": 818277000,
        "grossProfitRatio": 1,
        "researchAndDevelopmentExpenses": 0,
        "generalAndAdministrativeExpenses": 0,
        "sellingAndMarketingExpenses": 0,
        "sellingGeneralAndAdministrativeExpenses": 0,
        "otherExpenses": 759968000,
        "operatingExpenses": 759968000,
        "costAndExpenses": 759968000,
        "interestIncome": 0,
        "interestExpense": 0,
        "depreciationAndAmortization": 40199000,
        "ebitda": 98508000,
        "ebitdaratio": 0.1203846619,
        "operatingIncome": 58309000,
        "operatingIncomeRatio": 0.0712582658,
        "totalOtherIncomeExpensesNet": -104233000,
        "incomeBeforeTax": -45924000,
        "incomeBeforeTaxRatio": -0.0561228044,
        "incomeTaxExpense": 9540000,
        "netIncome": -62413000,
        "netIncomeRatio": -0.0762736824,
        "eps": -0.79,
        "epsdiluted": -0.78,
        "weightedAverageShsOut": 79409400,
        "weightedAverageShsOutDil": 79765400,
        "link": "",
        "finalLink": ""
    },
    {
        "date": "2005-03-31",
        "symbol": "EHC",
        "reportedCurrency": "USD",
        "cik": "0000785161",
        "fillingDate": "2005-03-31",
        "acceptedDate": "2005-03-30 19:00:00",
        "calendarYear": "2005",
        "period": "Q1",
        "revenue": 848595000,
        "costOfRevenue": 0,
        "grossProfit": 848595000,
        "grossProfitRatio": 1,
        "researchAndDevelopmentExpenses": 0,
        "generalAndAdministrativeExpenses": 0,
        "sellingAndMarketingExpenses": 0,
        "sellingGeneralAndAdministrativeExpenses": 0,
        "otherExpenses": 975066000,
        "operatingExpenses": 975066000,
        "costAndExpenses": 975066000,
        "interestIncome": 0,
        "interestExpense": 0,
        "depreciationAndAmortization": 49109000,
        "ebitda": -77362000,
        "ebitdaratio": -0.0911648077,
        "operatingIncome": -126471000,
        "operatingIncomeRatio": -0.1490357591,
        "totalOtherIncomeExpensesNet": -103033000,
        "incomeBeforeTax": -229504000,
        "incomeBeforeTaxRatio": -0.2704517467,
        "incomeTaxExpense": 10878000,
        "netIncome": -258204000,
        "netIncomeRatio": -0.3042723561,
        "eps": -3.26,
        "epsdiluted": -3.24,
        "weightedAverageShsOut": 79304400,
        "weightedAverageShsOutDil": 79781000,
        "link": "",
        "finalLink": ""
    },
    {
        "date": "2004-12-31",
        "symbol": "EHC",
        "reportedCurrency": "USD",
        "cik": "0000785161",
        "fillingDate": "2005-12-02",
        "acceptedDate": "2005-12-02 07:45:53",
        "calendarYear": "2004",
        "period": "Q4",
        "revenue": 3753781000,
        "costOfRevenue": 0,
        "grossProfit": 3753781000,
        "grossProfitRatio": 1,
        "researchAndDevelopmentExpenses": 0,
        "generalAndAdministrativeExpenses": 191330000,
        "sellingAndMarketingExpenses": 3330514000,
        "sellingGeneralAndAdministrativeExpenses": 3521844000,
        "otherExpenses": 0,
        "operatingExpenses": 3521844000,
        "costAndExpenses": 3521844000,
        "interestIncome": 0,
        "interestExpense": -305652000,
        "depreciationAndAmortization": 71372000,
        "ebitda": -468208000,
        "ebitdaratio": -0.1247297059,
        "operatingIncome": -20563000,
        "operatingIncomeRatio": -0.0054779434,
        "totalOtherIncomeExpensesNet": -121430000,
        "incomeBeforeTax": -141993000,
        "incomeBeforeTaxRatio": -0.0378266606,
        "incomeTaxExpense": 11914000,
        "netIncome": -174470000,
        "netIncomeRatio": -0.0464784706,
        "eps": -2.2,
        "epsdiluted": -2.19,
        "weightedAverageShsOut": 79284600,
        "weightedAverageShsOutDil": 79525000,
        "link": "https://www.sec.gov/Archives/edgar/data/785161/000119312505235488/0001193125-05-235488-index.htm",
        "finalLink": "https://www.sec.gov/Archives/edgar/data/785161/000119312505235488/d10k.htm"
    },
    {
        "date": "2003-12-31",
        "symbol": "EHC",
        "reportedCurrency": "USD",
        "cik": "0000785161",
        "fillingDate": "2005-06-27",
        "acceptedDate": "2005-06-27 07:59:55",
        "calendarYear": "2003",
        "period": "Q4",
        "revenue": 776608000,
        "costOfRevenue": 0,
        "grossProfit": 776608000,
        "grossProfitRatio": 1,
        "researchAndDevelopmentExpenses": 0,
        "generalAndAdministrativeExpenses": 59517000,
        "sellingAndMarketingExpenses": 0,
        "sellingGeneralAndAdministrativeExpenses": -106540000,
        "otherExpenses": 4636534000,
        "operatingExpenses": 4529994000,
        "costAndExpenses": 4529994000,
        "interestIncome": 0,
        "interestExpense": 268443000,
        "depreciationAndAmortization": 72077000,
        "ebitda": 281598000,
        "ebitdaratio": 0.3625999217,
        "operatingIncome": -519830000,
        "operatingIncomeRatio": -0.6693595739,
        "totalOtherIncomeExpensesNet": 467032000,
        "incomeBeforeTax": -52798000,
        "incomeBeforeTaxRatio": -0.0679853929,
        "incomeTaxExpense": 80957000,
        "netIncome": -139879000,
        "netIncomeRatio": -0.180115322,
        "eps": -1.76,
        "epsdiluted": -1.74,
        "weightedAverageShsOut": 79255500,
        "weightedAverageShsOutDil": 80345600,
        "link": "https://www.sec.gov/Archives/edgar/data/785161/000119312505131361/0001193125-05-131361-index.htm",
        "finalLink": "https://www.sec.gov/Archives/edgar/data/785161/000119312505131361/d10k.htm"
    },
    {
        "date": "2002-12-31",
        "symbol": "EHC",
        "reportedCurrency": "USD",
        "cik": "0000785161",
        "fillingDate": "2002-12-31",
        "acceptedDate": "2002-12-30 19:00:00",
        "calendarYear": "2002",
        "period": "Q4",
        "revenue": 923528000,
        "costOfRevenue": 0,
        "grossProfit": 923528000,
        "grossProfitRatio": 1,
        "researchAndDevelopmentExpenses": 0,
        "generalAndAdministrativeExpenses": 0,
        "sellingAndMarketingExpenses": 0,
        "sellingGeneralAndAdministrativeExpenses": 166057000,
        "otherExpenses": -2132378000,
        "operatingExpenses": -1966321000,
        "costAndExpenses": 1126807000,
        "interestIncome": 0,
        "interestExpense": 0,
        "depreciationAndAmortization": -31194000,
        "ebitda": -203279000,
        "ebitdaratio": -0.2201113556,
        "operatingIncome": -203279000,
        "operatingIncomeRatio": -0.2201113556,
        "totalOtherIncomeExpensesNet": -493683000,
        "incomeBeforeTax": -696962000,
        "incomeBeforeTaxRatio": -0.7546733829,
        "incomeTaxExpense": -203077000,
        "netIncome": -405798000,
        "netIncomeRatio": -0.43939978,
        "eps": -5.11,
        "epsdiluted": -5.11,
        "weightedAverageShsOut": 79447400,
        "weightedAverageShsOutDil": 79447400,
        "link": "",
        "finalLink": ""
    },
    {
        "date": "2002-09-30",
        "symbol": "EHC",
        "reportedCurrency": "USD",
        "cik": "0000785161",
        "fillingDate": "2002-11-14",
        "acceptedDate": "2002-11-14 16:31:58",
        "calendarYear": "2002",
        "period": "Q3",
        "revenue": 1093785000,
        "costOfRevenue": 0,
        "grossProfit": 1093785000,
        "grossProfitRatio": 1,
        "researchAndDevelopmentExpenses": 0,
        "generalAndAdministrativeExpenses": 55125000,
        "sellingAndMarketingExpenses": 0,
        "sellingGeneralAndAdministrativeExpenses": 55125000,
        "otherExpenses": 731822000,
        "operatingExpenses": 786947000,
        "costAndExpenses": 786947000,
        "interestIncome": 0,
        "interestExpense": 0,
        "depreciationAndAmortization": 79505000,
        "ebitda": 386343000,
        "ebitdaratio": 0.3532165828,
        "operatingIncome": 306838000,
        "operatingIncomeRatio": 0.2805286231,
        "totalOtherIncomeExpensesNet": -189484000,
        "incomeBeforeTax": 117354000,
        "incomeBeforeTaxRatio": 0.1072916524,
        "incomeTaxExpense": 33919000,
        "netIncome": 53614000,
        "netIncomeRatio": 0.0490169457,
        "eps": 0.65,
        "epsdiluted": 0.65,
        "weightedAverageShsOut": 79447400,
        "weightedAverageShsOutDil": 79870400,
        "link": "https://www.sec.gov/Archives/edgar/data/785161/000100515002001280/0001005150-02-001280-index.htm",
        "finalLink": "https://www.sec.gov/Archives/edgar/data/785161/000100515002001280/form10q.txt"
    },
    {
        "date": "2002-06-30",
        "symbol": "EHC",
        "reportedCurrency": "USD",
        "cik": "0000785161",
        "fillingDate": "2002-08-14",
        "acceptedDate": "2002-08-14 10:07:07",
        "calendarYear": "2002",
        "period": "Q2",
        "revenue": 1163683000,
        "costOfRevenue": 0,
        "grossProfit": 1163683000,
        "grossProfitRatio": 1,
        "researchAndDevelopmentExpenses": 0,
        "generalAndAdministrativeExpenses": 43291000,
        "sellingAndMarketingExpenses": 0,
        "sellingGeneralAndAdministrativeExpenses": 43291000,
        "otherExpenses": 704121000,
        "operatingExpenses": 747412000,
        "costAndExpenses": 747412000,
        "interestIncome": 0,
        "interestExpense": 0,
        "depreciationAndAmortization": 79807000,
        "ebitda": 496078000,
        "ebitdaratio": 0.4262999459,
        "operatingIncome": 416271000,
        "operatingIncomeRatio": 0.3577185539,
        "totalOtherIncomeExpensesNet": -282652000,
        "incomeBeforeTax": 133619000,
        "incomeBeforeTaxRatio": 0.1148242262,
        "incomeTaxExpense": 45782000,
        "netIncome": 57506000,
        "netIncomeRatio": 0.0494172382,
        "eps": 0.75,
        "epsdiluted": 0.7,
        "weightedAverageShsOut": 79060400,
        "weightedAverageShsOutDil": 80494400,
        "link": "https://www.sec.gov/Archives/edgar/data/785161/000100515002000973/0001005150-02-000973-index.htm",
        "finalLink": "https://www.sec.gov/Archives/edgar/data/785161/000100515002000973/form10q.txt"
    },
    {
        "date": "2002-03-31",
        "symbol": "EHC",
        "reportedCurrency": "USD",
        "cik": "0000785161",
        "fillingDate": "2002-05-10",
        "acceptedDate": "2002-05-10 16:53:35",
        "calendarYear": "2002",
        "period": "Q1",
        "revenue": 1129775000,
        "costOfRevenue": 0,
        "grossProfit": 1129775000,
        "grossProfitRatio": 1,
        "researchAndDevelopmentExpenses": 0,
        "generalAndAdministrativeExpenses": 39966000,
        "sellingAndMarketingExpenses": 0,
        "sellingGeneralAndAdministrativeExpenses": 39966000,
        "otherExpenses": 696435000,
        "operatingExpenses": 736401000,
        "costAndExpenses": 736401000,
        "interestIncome": 0,
        "interestExpense": 0,
        "depreciationAndAmortization": 77582000,
        "ebitda": 470956000,
        "ebitdaratio": 0.416858224,
        "operatingIncome": 393374000,
        "operatingIncomeRatio": 0.3481879135,
        "totalOtherIncomeExpensesNet": -189523000,
        "incomeBeforeTax": 203851000,
        "incomeBeforeTaxRatio": 0.1804350424,
        "incomeTaxExpense": 68167000,
        "netIncome": 107749000,
        "netIncomeRatio": 0.0953720874,
        "eps": 1.35,
        "epsdiluted": 1.35,
        "weightedAverageShsOut": 78372600,
        "weightedAverageShsOutDil": 82974400,
        "link": "https://www.sec.gov/Archives/edgar/data/785161/000100515002000636/0001005150-02-000636-index.htm",
        "finalLink": "https://www.sec.gov/Archives/edgar/data/785161/000100515002000636/form10q.txt"
    },
    {
        "date": "2001-12-31",
        "symbol": "EHC",
        "reportedCurrency": "USD",
        "cik": "0000785161",
        "fillingDate": "2002-03-27",
        "acceptedDate": "2002-03-27 00:00:00",
        "calendarYear": "2001",
        "period": "Q4",
        "revenue": 1115153000,
        "costOfRevenue": 0,
        "grossProfit": 1115153000,
        "grossProfitRatio": 1,
        "researchAndDevelopmentExpenses": 0,
        "generalAndAdministrativeExpenses": 44379000,
        "sellingAndMarketingExpenses": 0,
        "sellingGeneralAndAdministrativeExpenses": 44379000,
        "otherExpenses": 687164000,
        "operatingExpenses": 731543000,
        "costAndExpenses": 731543000,
        "interestIncome": 0,
        "interestExpense": 0,
        "depreciationAndAmortization": 95039000,
        "ebitda": 478649000,
        "ebitdaratio": 0.4292227165,
        "operatingIncome": 383610000,
        "operatingIncomeRatio": 0.3439976398,
        "totalOtherIncomeExpensesNet": -249225000,
        "incomeBeforeTax": 134385000,
        "incomeBeforeTaxRatio": 0.1205081276,
        "incomeTaxExpense": 46274000,
        "netIncome": 67898000,
        "netIncomeRatio": 0.0608867124,
        "eps": 0.87,
        "epsdiluted": 0.87,
        "weightedAverageShsOut": 78372600,
        "weightedAverageShsOutDil": 78372600,
        "link": "https://www.sec.gov/Archives/edgar/data/785161/000100515002000448/0001005150-02-000448-index.htm",
        "finalLink": "https://www.sec.gov/Archives/edgar/data/785161/000100515002000448/form10k.txt"
    },
    {
        "date": "2001-09-28",
        "symbol": "EHC",
        "reportedCurrency": "USD",
        "cik": "0000785161",
        "fillingDate": "2001-11-13",
        "acceptedDate": "2001-11-13 00:00:00",
        "calendarYear": "2001",
        "period": "Q3",
        "revenue": 1075874000,
        "costOfRevenue": 0,
        "grossProfit": 1075874000,
        "grossProfitRatio": 1,
        "researchAndDevelopmentExpenses": 0,
        "generalAndAdministrativeExpenses": 38958000,
        "sellingAndMarketingExpenses": 0,
        "sellingGeneralAndAdministrativeExpenses": 38958000,
        "otherExpenses": 675792000,
        "operatingExpenses": 714750000,
        "costAndExpenses": 714750000,
        "interestIncome": 0,
        "interestExpense": 0,
        "depreciationAndAmortization": 95789000,
        "ebitda": 456914000,
        "ebitdaratio": 0.4246909954,
        "operatingIncome": 361124000,
        "operatingIncomeRatio": 0.3356564059,
        "totalOtherIncomeExpensesNet": -208212000,
        "incomeBeforeTax": 152912000,
        "incomeBeforeTaxRatio": 0.1421281674,
        "incomeTaxExpense": 51659000,
        "netIncome": 79126000,
        "netIncomeRatio": 0.073545787,
        "eps": 1,
        "epsdiluted": 1,
        "weightedAverageShsOut": 78091000,
        "weightedAverageShsOutDil": 80214800,
        "link": "https://www.sec.gov/Archives/edgar/data/785161/000100515001500831/0001005150-01-500831-index.htm",
        "finalLink": "https://www.sec.gov/Archives/edgar/data/785161/000100515001500831/form10q.txt"
    },
    {
        "date": "2001-06-30",
        "symbol": "EHC",
        "reportedCurrency": "USD",
        "cik": "0000785161",
        "fillingDate": "2001-08-10",
        "acceptedDate": "2001-08-10 00:00:00",
        "calendarYear": "2001",
        "period": "Q2",
        "revenue": 1098989000,
        "costOfRevenue": 0,
        "grossProfit": 1098989000,
        "grossProfitRatio": 1,
        "researchAndDevelopmentExpenses": 0,
        "generalAndAdministrativeExpenses": 51214000,
        "sellingAndMarketingExpenses": 0,
        "sellingGeneralAndAdministrativeExpenses": 51214000,
        "otherExpenses": 671491000,
        "operatingExpenses": 722705000,
        "costAndExpenses": 722705000,
        "interestIncome": 0,
        "interestExpense": 0,
        "depreciationAndAmortization": 93223000,
        "ebitda": 469507000,
        "ebitdaratio": 0.4272171969,
        "operatingIncome": 376284000,
        "operatingIncomeRatio": 0.3423910521,
        "totalOtherIncomeExpensesNet": -379309000,
        "incomeBeforeTax": -3025000,
        "incomeBeforeTaxRatio": -0.0027525298,
        "incomeTaxExpense": 7636000,
        "netIncome": -19947000,
        "netIncomeRatio": -0.0181503182,
        "eps": -0.26,
        "epsdiluted": -0.26,
        "weightedAverageShsOut": 77733000,
        "weightedAverageShsOutDil": 77733000,
        "link": "https://www.sec.gov/Archives/edgar/data/785161/000100515001500470/0001005150-01-500470-index.htm",
        "finalLink": "https://www.sec.gov/Archives/edgar/data/785161/000100515001500470/form10q.txt"
    },
    {
        "date": "2001-03-31",
        "symbol": "EHC",
        "reportedCurrency": "USD",
        "cik": "0000785161",
        "fillingDate": "2001-05-15",
        "acceptedDate": "2001-05-15 00:00:00",
        "calendarYear": "2001",
        "period": "Q1",
        "revenue": 1090462000,
        "costOfRevenue": 0,
        "grossProfit": 1090462000,
        "grossProfitRatio": 1,
        "researchAndDevelopmentExpenses": 0,
        "generalAndAdministrativeExpenses": 32654000,
        "sellingAndMarketingExpenses": 0,
        "sellingGeneralAndAdministrativeExpenses": 32654000,
        "otherExpenses": 703391000,
        "operatingExpenses": 736045000,
        "costAndExpenses": 736045000,
        "interestIncome": 0,
        "interestExpense": 0,
        "depreciationAndAmortization": 91219000,
        "ebitda": 445636000,
        "ebitdaratio": 0.4086671521,
        "operatingIncome": 354417000,
        "operatingIncomeRatio": 0.3250154522,
        "totalOtherIncomeExpensesNet": -204955000,
        "incomeBeforeTax": 149462000,
        "incomeBeforeTaxRatio": 0.1370630063,
        "incomeTaxExpense": 49170000,
        "netIncome": 75311000,
        "netIncomeRatio": 0.0690633878,
        "eps": 0.95,
        "epsdiluted": 0.95,
        "weightedAverageShsOut": 77628600,
        "weightedAverageShsOutDil": 79691200,
        "link": "https://www.sec.gov/Archives/edgar/data/785161/000100515001500176/0001005150-01-500176-index.htm",
        "finalLink": "https://www.sec.gov/Archives/edgar/data/785161/000100515001500176/form10q.txt"
    },
    {
        "date": "2000-12-31",
        "symbol": "EHC",
        "reportedCurrency": "USD",
        "cik": "0000785161",
        "fillingDate": "2001-03-30",
        "acceptedDate": "2001-03-30 00:00:00",
        "calendarYear": "2000",
        "period": "Q4",
        "revenue": 1077000000,
        "costOfRevenue": 0,
        "grossProfit": 1077000000,
        "grossProfitRatio": 1,
        "researchAndDevelopmentExpenses": 0,
        "generalAndAdministrativeExpenses": 40893000,
        "sellingAndMarketingExpenses": 0,
        "sellingGeneralAndAdministrativeExpenses": 40893000,
        "otherExpenses": 669144000,
        "operatingExpenses": 710037000,
        "costAndExpenses": 710037000,
        "interestIncome": 0,
        "interestExpense": 0,
        "depreciationAndAmortization": 91747000,
        "ebitda": 458710000,
        "ebitdaratio": 0.4259145775,
        "operatingIncome": 366963000,
        "operatingIncomeRatio": 0.3407270195,
        "totalOtherIncomeExpensesNet": -216140000,
        "incomeBeforeTax": 150823000,
        "incomeBeforeTaxRatio": 0.1400399257,
        "incomeTaxExpense": 50199000,
        "netIncome": 76886000,
        "netIncomeRatio": 0.0713890436,
        "eps": 0.99,
        "epsdiluted": 0.99,
        "weightedAverageShsOut": 77628600,
        "weightedAverageShsOutDil": 77628600,
        "link": "https://www.sec.gov/Archives/edgar/data/785161/000100515001000286/0001005150-01-000286-index.htm",
        "finalLink": "https://www.sec.gov/Archives/edgar/data/785161/000100515001000286/0001005150-01-000286-0001.txt"
    },
    {
        "date": "2000-09-30",
        "symbol": "EHC",
        "reportedCurrency": "USD",
        "cik": "0000785161",
        "fillingDate": "2000-11-14",
        "acceptedDate": "2000-11-14 00:00:00",
        "calendarYear": "2000",
        "period": "Q3",
        "revenue": 1060457000,
        "costOfRevenue": 0,
        "grossProfit": 1060457000,
        "grossProfitRatio": 1,
        "researchAndDevelopmentExpenses": 0,
        "generalAndAdministrativeExpenses": 37403000,
        "sellingAndMarketingExpenses": 0,
        "sellingGeneralAndAdministrativeExpenses": 37403000,
        "otherExpenses": 674469000,
        "operatingExpenses": 711872000,
        "costAndExpenses": 711872000,
        "interestIncome": 0,
        "interestExpense": 0,
        "depreciationAndAmortization": 89159000,
        "ebitda": 797626000,
        "ebitdaratio": 0.7521530812,
        "operatingIncome": 348585000,
        "operatingIncomeRatio": 0.3287120553,
        "totalOtherIncomeExpensesNet": -209397000,
        "incomeBeforeTax": 139188000,
        "incomeBeforeTaxRatio": 0.1312528467,
        "incomeTaxExpense": 46380000,
        "netIncome": 71037000,
        "netIncomeRatio": 0.0669871574,
        "eps": 0.9,
        "epsdiluted": 0.9,
        "weightedAverageShsOut": 77123000,
        "weightedAverageShsOutDil": 78006600,
        "link": "https://www.sec.gov/Archives/edgar/data/785161/000100515000001594/0001005150-00-001594-index.htm",
        "finalLink": "https://www.sec.gov/Archives/edgar/data/785161/000100515000001594/0001005150-00-001594-0001.txt"
    },
    {
        "date": "2000-06-30",
        "symbol": "EHC",
        "reportedCurrency": "USD",
        "cik": "0000785161",
        "fillingDate": "2000-07-26",
        "acceptedDate": "2000-07-26 00:00:00",
        "calendarYear": "2000",
        "period": "Q2",
        "revenue": 1036322000,
        "costOfRevenue": 700462000,
        "grossProfit": 335860000,
        "grossProfitRatio": 0.324088459,
        "researchAndDevelopmentExpenses": 0,
        "generalAndAdministrativeExpenses": 35706000,
        "sellingAndMarketingExpenses": 0,
        "sellingGeneralAndAdministrativeExpenses": 35706000,
        "otherExpenses": 664756000,
        "operatingExpenses": 700462000,
        "costAndExpenses": 700462000,
        "interestIncome": 0,
        "interestExpense": 0,
        "depreciationAndAmortization": 90286000,
        "ebitda": 275898000,
        "ebitdaratio": 0.2662280643,
        "operatingIncome": 335860000,
        "operatingIncomeRatio": 0.324088459,
        "totalOtherIncomeExpensesNet": -78137000,
        "incomeBeforeTax": 135655000,
        "incomeBeforeTaxRatio": 0.1309004344,
        "incomeTaxExpense": 42577000,
        "netIncome": 65213000,
        "netIncomeRatio": 0.0629273527,
        "eps": 0.85,
        "epsdiluted": 0.85,
        "weightedAverageShsOut": 77128800,
        "weightedAverageShsOutDil": 77803800,
        "link": "https://www.sec.gov/Archives/edgar/data/785161/000100515000001037/0001005150-00-001037-index.htm",
        "finalLink": "https://www.sec.gov/Archives/edgar/data/785161/000100515000001037/0001005150-00-001037-0001.txt"
    },
    {
        "date": "2000-03-31",
        "symbol": "EHC",
        "reportedCurrency": "USD",
        "cik": "0000785161",
        "fillingDate": "2000-05-15",
        "acceptedDate": "2000-05-15 00:00:00",
        "calendarYear": "2000",
        "period": "Q1",
        "revenue": 1021335000,
        "costOfRevenue": 0,
        "grossProfit": 1021335000,
        "grossProfitRatio": 1,
        "researchAndDevelopmentExpenses": 0,
        "generalAndAdministrativeExpenses": 34021000,
        "sellingAndMarketingExpenses": 0,
        "sellingGeneralAndAdministrativeExpenses": 34021000,
        "otherExpenses": 659972000,
        "operatingExpenses": 693993000,
        "costAndExpenses": 693993000,
        "interestIncome": 0,
        "interestExpense": 0,
        "depreciationAndAmortization": 89655000,
        "ebitda": 416997000,
        "ebitdaratio": 0.4082862136,
        "operatingIncome": 327342000,
        "operatingIncomeRatio": 0.3205040462,
        "totalOtherIncomeExpensesNet": -193657000,
        "incomeBeforeTax": 133685000,
        "incomeBeforeTaxRatio": 0.1308924104,
        "incomeTaxExpense": 42651000,
        "netIncome": 65326000,
        "netIncomeRatio": 0.0639613839,
        "eps": 0.85,
        "epsdiluted": 0.85,
        "weightedAverageShsOut": 77128800,
        "weightedAverageShsOutDil": 77803800,
        "link": "https://www.sec.gov/Archives/edgar/data/785161/000100515000000715/0001005150-00-000715-index.html",
        "finalLink": "https://www.sec.gov/Archives/edgar/data/785161/000100515000000715/"
    },
    {
        "date": "1999-12-31",
        "symbol": "EHC",
        "reportedCurrency": "USD",
        "cik": "0000785161",
        "fillingDate": "2000-03-30",
        "acceptedDate": "2000-03-30 00:00:00",
        "calendarYear": "1999",
        "period": "Q4",
        "revenue": 1000607000,
        "costOfRevenue": 0,
        "grossProfit": 1000607000,
        "grossProfitRatio": 1,
        "researchAndDevelopmentExpenses": 0,
        "generalAndAdministrativeExpenses": -114215000,
        "sellingAndMarketingExpenses": 0,
        "sellingGeneralAndAdministrativeExpenses": -114215000,
        "otherExpenses": 2254564000,
        "operatingExpenses": 2140349000,
        "costAndExpenses": 175149000,
        "interestIncome": 0,
        "interestExpense": 0,
        "depreciationAndAmortization": 659248000,
        "ebitda": 1484706000,
        "ebitdaratio": 1.4838053302,
        "operatingIncome": 825458000,
        "operatingIncomeRatio": 0.8249572509,
        "totalOtherIncomeExpensesNet": -958543000,
        "incomeBeforeTax": -133085000,
        "incomeBeforeTaxRatio": -0.1330042664,
        "incomeTaxExpense": -76471000,
        "netIncome": -143083000,
        "netIncomeRatio": -0.1429962013,
        "eps": -1.86,
        "epsdiluted": -1.86,
        "weightedAverageShsOut": 77128800,
        "weightedAverageShsOutDil": 77128800,
        "link": "https://www.sec.gov/Archives/edgar/data/785161/000100515000000430/0001005150-00-000430-index.html",
        "finalLink": "https://www.sec.gov/Archives/edgar/data/785161/000100515000000430/"
    },
    {
        "date": "1999-09-30",
        "symbol": "EHC",
        "reportedCurrency": "USD",
        "cik": "0000785161",
        "fillingDate": "1999-11-15",
        "acceptedDate": "1999-11-15 00:00:00",
        "calendarYear": "1999",
        "period": "Q3",
        "revenue": 993300000,
        "costOfRevenue": 671100000,
        "grossProfit": 322200000,
        "grossProfitRatio": 0.3243733011,
        "researchAndDevelopmentExpenses": 0,
        "generalAndAdministrativeExpenses": 168100000,
        "sellingAndMarketingExpenses": 0,
        "sellingGeneralAndAdministrativeExpenses": 168100000,
        "otherExpenses": 94700000,
        "operatingExpenses": 262800000,
        "costAndExpenses": 933900000,
        "interestIncome": 0,
        "interestExpense": 0,
        "depreciationAndAmortization": -94700000,
        "ebitda": 154100000,
        "ebitdaratio": 0.1551394342,
        "operatingIncome": 59400000,
        "operatingIncomeRatio": 0.0598006645,
        "totalOtherIncomeExpensesNet": -66500000,
        "incomeBeforeTax": -7100000,
        "incomeBeforeTaxRatio": -0.0071478909,
        "incomeTaxExpense": -2800000,
        "netIncome": -4300000,
        "netIncomeRatio": -0.0043290043,
        "eps": -0.0518,
        "epsdiluted": -0.0518,
        "weightedAverageShsOut": 83042817,
        "weightedAverageShsOutDil": 83042817,
        "link": "https://www.sec.gov/Archives/edgar/data/785161/000100515099001014/0001005150-99-001014-index.html",
        "finalLink": "https://www.sec.gov/Archives/edgar/data/785161/000100515099001014/"
    },
    {
        "date": "1999-06-30",
        "symbol": "EHC",
        "reportedCurrency": "USD",
        "cik": "0000785161",
        "fillingDate": "1999-08-16",
        "acceptedDate": "1999-08-16 00:00:00",
        "calendarYear": "1999",
        "period": "Q2",
        "revenue": 1047600000,
        "costOfRevenue": 649400000,
        "grossProfit": 398200000,
        "grossProfitRatio": 0.380106911,
        "researchAndDevelopmentExpenses": 0,
        "generalAndAdministrativeExpenses": 50600000,
        "sellingAndMarketingExpenses": 0,
        "sellingGeneralAndAdministrativeExpenses": 50600000,
        "otherExpenses": 95900000,
        "operatingExpenses": 146500000,
        "costAndExpenses": 795900000,
        "interestIncome": 0,
        "interestExpense": 0,
        "depreciationAndAmortization": -95900000,
        "ebitda": 345100000,
        "ebitdaratio": 0.3294196258,
        "operatingIncome": 251700000,
        "operatingIncomeRatio": 0.2402634593,
        "totalOtherIncomeExpensesNet": -63343000,
        "incomeBeforeTax": 188400000,
        "incomeBeforeTaxRatio": 0.1798396334,
        "incomeTaxExpense": 74400000,
        "netIncome": 114000000,
        "netIncomeRatio": 0.1088201604,
        "eps": 1.37,
        "epsdiluted": 1.37,
        "weightedAverageShsOut": 83042817,
        "weightedAverageShsOutDil": 83042817,
        "link": "https://www.sec.gov/Archives/edgar/data/785161/000100515099000703/0001005150-99-000703-index.html",
        "finalLink": "https://www.sec.gov/Archives/edgar/data/785161/000100515099000703/"
    },
    {
        "date": "1999-03-31",
        "symbol": "EHC",
        "reportedCurrency": "USD",
        "cik": "0000785161",
        "fillingDate": "1999-05-17",
        "acceptedDate": "1999-05-17 00:00:00",
        "calendarYear": "1999",
        "period": "Q1",
        "revenue": 1030500000,
        "costOfRevenue": 644700000,
        "grossProfit": 385800000,
        "grossProfitRatio": 0.3743813683,
        "researchAndDevelopmentExpenses": 0,
        "generalAndAdministrativeExpenses": 44900000,
        "sellingAndMarketingExpenses": 0,
        "sellingGeneralAndAdministrativeExpenses": 44900000,
        "otherExpenses": 94400000,
        "operatingExpenses": 139300000,
        "costAndExpenses": 784000000,
        "interestIncome": 0,
        "interestExpense": 0,
        "depreciationAndAmortization": -94400000,
        "ebitda": 338300000,
        "ebitdaratio": 0.3282872392,
        "operatingIncome": 246500000,
        "operatingIncomeRatio": 0.2392042698,
        "totalOtherIncomeExpensesNet": -64800000,
        "incomeBeforeTax": 181700000,
        "incomeBeforeTaxRatio": 0.1763221737,
        "incomeTaxExpense": 71800000,
        "netIncome": 109900000,
        "netIncomeRatio": 0.1066472586,
        "eps": 1.32,
        "epsdiluted": 1.32,
        "weightedAverageShsOut": 83042817,
        "weightedAverageShsOutDil": 83042817,
        "link": "https://www.sec.gov/Archives/edgar/data/785161/000100515099000439/0001005150-99-000439-index.html",
        "finalLink": "https://www.sec.gov/Archives/edgar/data/785161/"
    },
    {
        "date": "1998-12-31",
        "symbol": "EHC",
        "reportedCurrency": "USD",
        "cik": "0000785161",
        "fillingDate": "1999-03-31",
        "acceptedDate": "1999-03-31 00:00:00",
        "calendarYear": "1998",
        "period": "Q4",
        "revenue": 1108474000,
        "costOfRevenue": 0,
        "grossProfit": 1108474000,
        "grossProfitRatio": 1,
        "researchAndDevelopmentExpenses": 0,
        "generalAndAdministrativeExpenses": -35100000,
        "sellingAndMarketingExpenses": 0,
        "sellingGeneralAndAdministrativeExpenses": -35100000,
        "otherExpenses": 2136514000,
        "operatingExpenses": 2101414000,
        "costAndExpenses": 315614000,
        "interestIncome": 0,
        "interestExpense": 0,
        "depreciationAndAmortization": 587191000,
        "ebitda": 1380051000,
        "ebitdaratio": 1.2450007849,
        "operatingIncome": 792860000,
        "operatingIncomeRatio": 0.7152716257,
        "totalOtherIncomeExpensesNet": -967187000,
        "incomeBeforeTax": -174327000,
        "incomeBeforeTaxRatio": -0.1572675588,
        "incomeTaxExpense": -66053000,
        "netIncome": -185742000,
        "netIncomeRatio": -0.1675655,
        "eps": -2.24,
        "epsdiluted": -2.24,
        "weightedAverageShsOut": 83042817,
        "weightedAverageShsOutDil": 83042817,
        "link": "https://www.sec.gov/Archives/edgar/data/785161/000100515099000266/0001005150-99-000266-index.html",
        "finalLink": "https://www.sec.gov/Archives/edgar/data/785161/"
    },
    {
        "date": "1998-09-30",
        "symbol": "EHC",
        "reportedCurrency": "USD",
        "cik": "0000785161",
        "fillingDate": "1998-11-16",
        "acceptedDate": "1998-11-16 00:00:00",
        "calendarYear": "1998",
        "period": "Q3",
        "revenue": 1047400000,
        "costOfRevenue": 645600000,
        "grossProfit": 401800000,
        "grossProfitRatio": 0.3836165744,
        "researchAndDevelopmentExpenses": 0,
        "generalAndAdministrativeExpenses": 51500000,
        "sellingAndMarketingExpenses": 0,
        "sellingGeneralAndAdministrativeExpenses": 51500000,
        "otherExpenses": 88900000,
        "operatingExpenses": 140400000,
        "costAndExpenses": 786000000,
        "interestIncome": 0,
        "interestExpense": 0,
        "depreciationAndAmortization": -88900000,
        "ebitda": 322500000,
        "ebitdaratio": 0.3079052893,
        "operatingIncome": 261400000,
        "operatingIncomeRatio": 0.2495703647,
        "totalOtherIncomeExpensesNet": -164000000,
        "incomeBeforeTax": 69600000,
        "incomeBeforeTaxRatio": 0.0664502578,
        "incomeTaxExpense": 63900000,
        "netIncome": 5700000,
        "netIncomeRatio": 0.005442047,
        "eps": 0.0716,
        "epsdiluted": 0.0716,
        "weightedAverageShsOut": 83042817,
        "weightedAverageShsOutDil": 83042817,
        "link": "https://www.sec.gov/Archives/edgar/data/785161/000100515098001150/0001005150-98-001150-index.html",
        "finalLink": "https://www.sec.gov/Archives/edgar/data/785161/"
    },
    {
        "date": "1998-06-30",
        "symbol": "EHC",
        "reportedCurrency": "USD",
        "cik": "0000785161",
        "fillingDate": "1998-08-14",
        "acceptedDate": "1998-08-14 00:00:00",
        "calendarYear": "1998",
        "period": "Q2",
        "revenue": 942500000,
        "costOfRevenue": 578600000,
        "grossProfit": 363900000,
        "grossProfitRatio": 0.3861007958,
        "researchAndDevelopmentExpenses": 0,
        "generalAndAdministrativeExpenses": 48300000,
        "sellingAndMarketingExpenses": 0,
        "sellingGeneralAndAdministrativeExpenses": 48300000,
        "otherExpenses": 80300000,
        "operatingExpenses": 128600000,
        "costAndExpenses": 707200000,
        "interestIncome": 0,
        "interestExpense": 0,
        "depreciationAndAmortization": -80300000,
        "ebitda": 312700000,
        "ebitdaratio": 0.3317771883,
        "operatingIncome": 235300000,
        "operatingIncomeRatio": 0.2496551724,
        "totalOtherIncomeExpensesNet": -45900000,
        "incomeBeforeTax": 192500000,
        "incomeBeforeTaxRatio": 0.2042440318,
        "incomeTaxExpense": 75300000,
        "netIncome": 121600000,
        "netIncomeRatio": 0.1290185676,
        "eps": 1.53,
        "epsdiluted": 1.53,
        "weightedAverageShsOut": 79657194,
        "weightedAverageShsOutDil": 79657194,
        "link": "https://www.sec.gov/Archives/edgar/data/785161/000100515098000815/0001005150-98-000815-index.html",
        "finalLink": "https://www.sec.gov/Archives/edgar/data/785161/"
    },
    {
        "date": "1998-03-31",
        "symbol": "EHC",
        "reportedCurrency": "USD",
        "cik": "0000785161",
        "fillingDate": "1998-05-15",
        "acceptedDate": "1998-05-15 00:00:00",
        "calendarYear": "1998",
        "period": "Q1",
        "revenue": 907700000,
        "costOfRevenue": 561500000,
        "grossProfit": 346200000,
        "grossProfitRatio": 0.3814035474,
        "researchAndDevelopmentExpenses": 0,
        "generalAndAdministrativeExpenses": 48200000,
        "sellingAndMarketingExpenses": 0,
        "sellingGeneralAndAdministrativeExpenses": 48200000,
        "otherExpenses": 73400000,
        "operatingExpenses": 121600000,
        "costAndExpenses": 683100000,
        "interestIncome": 0,
        "interestExpense": 0,
        "depreciationAndAmortization": -73400000,
        "ebitda": 296400000,
        "ebitdaratio": 0.3265396056,
        "operatingIncome": 224600000,
        "operatingIncomeRatio": 0.247438581,
        "totalOtherIncomeExpensesNet": -47800000,
        "incomeBeforeTax": 179600000,
        "incomeBeforeTaxRatio": 0.19786273,
        "incomeTaxExpense": 70200000,
        "netIncome": 113100000,
        "netIncomeRatio": 0.124600639,
        "eps": 1.42,
        "epsdiluted": 1.42,
        "weightedAverageShsOut": 79657194,
        "weightedAverageShsOutDil": 79657194,
        "link": "https://www.sec.gov/Archives/edgar/data/785161/000100515098000507/0001005150-98-000507-index.html",
        "finalLink": "https://www.sec.gov/Archives/edgar/data/785161/"
    },
    {
        "date": "1997-12-31",
        "symbol": "EHC",
        "reportedCurrency": "USD",
        "cik": "0000785161",
        "fillingDate": "1998-03-31",
        "acceptedDate": "1998-03-31 00:00:00",
        "calendarYear": "1997",
        "period": "Q4",
        "revenue": 854269000,
        "costOfRevenue": 0,
        "grossProfit": 854269000,
        "grossProfitRatio": 1,
        "researchAndDevelopmentExpenses": 0,
        "generalAndAdministrativeExpenses": -24943000,
        "sellingAndMarketingExpenses": 0,
        "sellingGeneralAndAdministrativeExpenses": -24943000,
        "otherExpenses": 1624378000,
        "operatingExpenses": 1599435000,
        "costAndExpenses": 245335000,
        "interestIncome": 0,
        "interestExpense": 0,
        "depreciationAndAmortization": 431310000,
        "ebitda": 1040244000,
        "ebitdaratio": 1.2177007477,
        "operatingIncome": 608934000,
        "operatingIncomeRatio": 0.712812943,
        "totalOtherIncomeExpensesNet": -384400000,
        "incomeBeforeTax": 224534000,
        "incomeBeforeTaxRatio": 0.2628375839,
        "incomeTaxExpense": 60853000,
        "netIncome": 98808000,
        "netIncomeRatio": 0.1156638014,
        "eps": 1.24,
        "epsdiluted": 1.24,
        "weightedAverageShsOut": 79657194,
        "weightedAverageShsOutDil": 79657194,
        "link": "https://www.sec.gov/Archives/edgar/data/785161/000100515098000290/0001005150-98-000290-index.html",
        "finalLink": "https://www.sec.gov/Archives/edgar/data/785161/"
    },
    {
        "date": "1997-09-30",
        "symbol": "EHC",
        "reportedCurrency": "USD",
        "cik": "0000785161",
        "fillingDate": "1997-11-14",
        "acceptedDate": "1997-11-14 00:00:00",
        "calendarYear": "1997",
        "period": "Q3",
        "revenue": 748400000,
        "costOfRevenue": 464100000,
        "grossProfit": 284300000,
        "grossProfitRatio": 0.3798770711,
        "researchAndDevelopmentExpenses": 0,
        "generalAndAdministrativeExpenses": 38600000,
        "sellingAndMarketingExpenses": 0,
        "sellingGeneralAndAdministrativeExpenses": 38600000,
        "otherExpenses": 63700000,
        "operatingExpenses": 102300000,
        "costAndExpenses": 566400000,
        "interestIncome": 0,
        "interestExpense": 0,
        "depreciationAndAmortization": -63800000,
        "ebitda": 244300000,
        "ebitdaratio": 0.3264297167,
        "operatingIncome": 182000000,
        "operatingIncomeRatio": 0.2431854623,
        "totalOtherIncomeExpensesNet": -43200000,
        "incomeBeforeTax": 138800000,
        "incomeBeforeTaxRatio": 0.1854623196,
        "incomeTaxExpense": 52900000,
        "netIncome": 85900000,
        "netIncomeRatio": 0.1147781935,
        "eps": 1.31,
        "epsdiluted": 1.31,
        "weightedAverageShsOut": 79657194,
        "weightedAverageShsOutDil": 79657194,
        "link": "https://www.sec.gov/Archives/edgar/data/785161/000100515097000940/0001005150-97-000940-index.html",
        "finalLink": "https://www.sec.gov/Archives/edgar/data/785161/"
    },
    {
        "date": "1997-06-30",
        "symbol": "EHC",
        "reportedCurrency": "USD",
        "cik": "0000785161",
        "fillingDate": "1997-08-14",
        "acceptedDate": "1997-08-14 00:00:00",
        "calendarYear": "1997",
        "period": "Q2",
        "revenue": 723000000,
        "costOfRevenue": 451700000,
        "grossProfit": 271300000,
        "grossProfitRatio": 0.375242047,
        "researchAndDevelopmentExpenses": 0,
        "generalAndAdministrativeExpenses": 36600000,
        "sellingAndMarketingExpenses": 0,
        "sellingGeneralAndAdministrativeExpenses": 36600000,
        "otherExpenses": 60100000,
        "operatingExpenses": 96700000,
        "costAndExpenses": 548400000,
        "interestIncome": 0,
        "interestExpense": 0,
        "depreciationAndAmortization": -60100000,
        "ebitda": 233400000,
        "ebitdaratio": 0.3228215768,
        "operatingIncome": 174600000,
        "operatingIncomeRatio": 0.2414937759,
        "totalOtherIncomeExpensesNet": -43200000,
        "incomeBeforeTax": 131400000,
        "incomeBeforeTaxRatio": 0.1817427386,
        "incomeTaxExpense": 50100000,
        "netIncome": 81300000,
        "netIncomeRatio": 0.1124481328,
        "eps": 1.24,
        "epsdiluted": 1.24,
        "weightedAverageShsOut": 79657194,
        "weightedAverageShsOutDil": 79657194,
        "link": "https://www.sec.gov/Archives/edgar/data/785161/000100515097000626/0001005150-97-000626-index.html",
        "finalLink": "https://www.sec.gov/Archives/edgar/data/785161/"
    },
    {
        "date": "1997-03-31",
        "symbol": "EHC",
        "reportedCurrency": "USD",
        "cik": "0000785161",
        "fillingDate": "1997-05-15",
        "acceptedDate": "1997-05-15 00:00:00",
        "calendarYear": "1997",
        "period": "Q1",
        "revenue": 691600000,
        "costOfRevenue": 438300000,
        "grossProfit": 253300000,
        "grossProfitRatio": 0.3662521689,
        "researchAndDevelopmentExpenses": 0,
        "generalAndAdministrativeExpenses": 32600000,
        "sellingAndMarketingExpenses": 0,
        "sellingGeneralAndAdministrativeExpenses": 32600000,
        "otherExpenses": 57400000,
        "operatingExpenses": 90000000,
        "costAndExpenses": 528300000,
        "interestIncome": 0,
        "interestExpense": 0,
        "depreciationAndAmortization": -57400000,
        "ebitda": 220700000,
        "ebitdaratio": 0.3191150954,
        "operatingIncome": 163300000,
        "operatingIncomeRatio": 0.236119144,
        "totalOtherIncomeExpensesNet": -56300000,
        "incomeBeforeTax": 107000000,
        "incomeBeforeTaxRatio": 0.1547137073,
        "incomeTaxExpense": 42400000,
        "netIncome": 64600000,
        "netIncomeRatio": 0.0934065934,
        "eps": 0.98,
        "epsdiluted": 0.98,
        "weightedAverageShsOut": 65767787,
        "weightedAverageShsOutDil": 65767787,
        "link": "https://www.sec.gov/Archives/edgar/data/785161/000100515097000385/0001005150-97-000385-index.html",
        "finalLink": "https://www.sec.gov/Archives/edgar/data/785161/"
    },
    {
        "date": "1996-12-31",
        "symbol": "EHC",
        "reportedCurrency": "USD",
        "cik": "0000785161",
        "fillingDate": "1997-03-27",
        "acceptedDate": "1997-03-27 00:00:00",
        "calendarYear": "1996",
        "period": "Q4",
        "revenue": 642737000,
        "costOfRevenue": 0,
        "grossProfit": 642737000,
        "grossProfitRatio": 1,
        "researchAndDevelopmentExpenses": 0,
        "generalAndAdministrativeExpenses": -22493000,
        "sellingAndMarketingExpenses": 0,
        "sellingGeneralAndAdministrativeExpenses": -22493000,
        "otherExpenses": 1448703000,
        "operatingExpenses": 1426210000,
        "costAndExpenses": 253110000,
        "interestIncome": 0,
        "interestExpense": 0,
        "depreciationAndAmortization": 326266000,
        "ebitda": 715893000,
        "ebitdaratio": 1.1138194938,
        "operatingIncome": 389627000,
        "operatingIncomeRatio": 0.6061997364,
        "totalOtherIncomeExpensesNet": -235134000,
        "incomeBeforeTax": 154493000,
        "incomeBeforeTaxRatio": 0.2403673664,
        "incomeTaxExpense": 42738000,
        "netIncome": 62318000,
        "netIncomeRatio": 0.0969572313,
        "eps": 0.95,
        "epsdiluted": 0.95,
        "weightedAverageShsOut": 65767787,
        "weightedAverageShsOutDil": 65767787,
        "link": "https://www.sec.gov/Archives/edgar/data/785161/000100515097000195/0001005150-97-000195-index.html",
        "finalLink": "https://www.sec.gov/Archives/edgar/data/785161/"
    },
    {
        "date": "1996-09-30",
        "symbol": "EHC",
        "reportedCurrency": "USD",
        "cik": "0000785161",
        "fillingDate": "1996-11-14",
        "acceptedDate": "1996-11-14 00:00:00",
        "calendarYear": "1996",
        "period": "Q3",
        "revenue": 616900000,
        "costOfRevenue": 397700000,
        "grossProfit": 219200000,
        "grossProfitRatio": 0.3553250122,
        "researchAndDevelopmentExpenses": 0,
        "generalAndAdministrativeExpenses": 30800000,
        "sellingAndMarketingExpenses": 0,
        "sellingGeneralAndAdministrativeExpenses": 30800000,
        "otherExpenses": 49300000,
        "operatingExpenses": 80100000,
        "costAndExpenses": 477800000,
        "interestIncome": 0,
        "interestExpense": 0,
        "depreciationAndAmortization": -49300000,
        "ebitda": 192900000,
        "ebitdaratio": 0.3126924947,
        "operatingIncome": 139100000,
        "operatingIncomeRatio": 0.22548225,
        "totalOtherIncomeExpensesNet": -41700000,
        "incomeBeforeTax": 98600000,
        "incomeBeforeTaxRatio": 0.1598314151,
        "incomeTaxExpense": 37600000,
        "netIncome": 63500000,
        "netIncomeRatio": 0.102934025,
        "eps": 1.04,
        "epsdiluted": 1.04,
        "weightedAverageShsOut": 65767787,
        "weightedAverageShsOutDil": 65767787,
        "link": "https://www.sec.gov/Archives/edgar/data/785161/000100515096000408/0001005150-96-000408-index.html",
        "finalLink": "https://www.sec.gov/Archives/edgar/data/785161/"
    },
    {
        "date": "1996-06-30",
        "symbol": "EHC",
        "reportedCurrency": "USD",
        "cik": "0000785161",
        "fillingDate": "1996-08-14",
        "acceptedDate": "1996-08-14 00:00:00",
        "calendarYear": "1996",
        "period": "Q2",
        "revenue": 595600000,
        "costOfRevenue": 389100000,
        "grossProfit": 206500000,
        "grossProfitRatio": 0.3467092008,
        "researchAndDevelopmentExpenses": 0,
        "generalAndAdministrativeExpenses": 16600000,
        "sellingAndMarketingExpenses": 0,
        "sellingGeneralAndAdministrativeExpenses": 16600000,
        "otherExpenses": 45400000,
        "operatingExpenses": 62000000,
        "costAndExpenses": 451100000,
        "interestIncome": 0,
        "interestExpense": 0,
        "depreciationAndAmortization": -45400000,
        "ebitda": 186100000,
        "ebitdaratio": 0.3124580255,
        "operatingIncome": 144500000,
        "operatingIncomeRatio": 0.2426124916,
        "totalOtherIncomeExpensesNet": -36300000,
        "incomeBeforeTax": 96300000,
        "incomeBeforeTaxRatio": 0.1616856951,
        "incomeTaxExpense": 36700000,
        "netIncome": 62000000,
        "netIncomeRatio": 0.1040967092,
        "eps": 1.02,
        "epsdiluted": 1.02,
        "weightedAverageShsOut": 60993442,
        "weightedAverageShsOutDil": 60993442,
        "link": "https://www.sec.gov/Archives/edgar/data/785161/000100515096000287/0001005150-96-000287-index.html",
        "finalLink": "https://www.sec.gov/Archives/edgar/data/785161/"
    },
    {
        "date": "1996-03-31",
        "symbol": "EHC",
        "reportedCurrency": "USD",
        "cik": "0000785161",
        "fillingDate": "1996-05-15",
        "acceptedDate": "1996-05-15 00:00:00",
        "calendarYear": "1996",
        "period": "Q1",
        "revenue": 581200000,
        "costOfRevenue": 386300000,
        "grossProfit": 194900000,
        "grossProfitRatio": 0.3353406745,
        "researchAndDevelopmentExpenses": 0,
        "generalAndAdministrativeExpenses": 16000000,
        "sellingAndMarketingExpenses": 0,
        "sellingGeneralAndAdministrativeExpenses": 16000000,
        "otherExpenses": 42600000,
        "operatingExpenses": 58600000,
        "costAndExpenses": 444900000,
        "interestIncome": 0,
        "interestExpense": 0,
        "depreciationAndAmortization": -42600000,
        "ebitda": 174700000,
        "ebitdaratio": 0.3005849966,
        "operatingIncome": 136300000,
        "operatingIncomeRatio": 0.234514797,
        "totalOtherIncomeExpensesNet": -63300000,
        "incomeBeforeTax": 61200000,
        "incomeBeforeTaxRatio": 0.1052993806,
        "incomeTaxExpense": 23300000,
        "netIncome": 39700000,
        "netIncomeRatio": 0.0683069511,
        "eps": 0.65,
        "epsdiluted": 0.65,
        "weightedAverageShsOut": 60993442,
        "weightedAverageShsOutDil": 60993442,
        "link": "https://www.sec.gov/Archives/edgar/data/785161/000100515096000144/0001005150-96-000144-index.html",
        "finalLink": "https://www.sec.gov/Archives/edgar/data/785161/"
    },
    {
        "date": "1995-12-31",
        "symbol": "EHC",
        "reportedCurrency": "USD",
        "cik": "0000785161",
        "fillingDate": "1996-03-28",
        "acceptedDate": "1996-03-28 00:00:00",
        "calendarYear": "1995",
        "period": "Q4",
        "revenue": 446987000,
        "costOfRevenue": 0,
        "grossProfit": 446987000,
        "grossProfitRatio": 1,
        "researchAndDevelopmentExpenses": 0,
        "generalAndAdministrativeExpenses": -17686000,
        "sellingAndMarketingExpenses": 0,
        "sellingGeneralAndAdministrativeExpenses": -17686000,
        "otherExpenses": 1000754000,
        "operatingExpenses": 983068000,
        "costAndExpenses": 194468000,
        "interestIncome": 0,
        "interestExpense": 0,
        "depreciationAndAmortization": 207995000,
        "ebitda": 460514000,
        "ebitdaratio": 1.0302626251,
        "operatingIncome": 252519000,
        "operatingIncomeRatio": 0.564935893,
        "totalOtherIncomeExpensesNet": -182297000,
        "incomeBeforeTax": 70222000,
        "incomeBeforeTaxRatio": 0.1571007658,
        "incomeTaxExpense": 20591000,
        "netIncome": 34049000,
        "netIncomeRatio": 0.0761744749,
        "eps": 0.56,
        "epsdiluted": 0.56,
        "weightedAverageShsOut": 60993442,
        "weightedAverageShsOutDil": 60993442,
        "link": "https://www.sec.gov/Archives/edgar/data/785161/000100515096000062/0001005150-96-000062-index.html",
        "finalLink": "https://www.sec.gov/Archives/edgar/data/785161/"
    },
    {
        "date": "1995-09-30",
        "symbol": "EHC",
        "reportedCurrency": "USD",
        "cik": "0000785161",
        "fillingDate": "1995-11-08",
        "acceptedDate": "1995-11-08 00:00:00",
        "calendarYear": "1995",
        "period": "Q3",
        "revenue": 392700000,
        "costOfRevenue": 275600000,
        "grossProfit": 117100000,
        "grossProfitRatio": 0.2981920041,
        "researchAndDevelopmentExpenses": 0,
        "generalAndAdministrativeExpenses": 15200000,
        "sellingAndMarketingExpenses": 0,
        "sellingGeneralAndAdministrativeExpenses": 15200000,
        "otherExpenses": 31100000,
        "operatingExpenses": 46300000,
        "costAndExpenses": 321900000,
        "interestIncome": 0,
        "interestExpense": 0,
        "depreciationAndAmortization": -31100000,
        "ebitda": 100100000,
        "ebitdaratio": 0.2549019608,
        "operatingIncome": 70800000,
        "operatingIncomeRatio": 0.1802902979,
        "totalOtherIncomeExpensesNet": -27100000,
        "incomeBeforeTax": 43700000,
        "incomeBeforeTaxRatio": 0.111280876,
        "incomeTaxExpense": 16600000,
        "netIncome": 27100000,
        "netIncomeRatio": 0.069009422,
        "eps": 0.95,
        "epsdiluted": 0.95,
        "weightedAverageShsOut": 28452309,
        "weightedAverageShsOutDil": 28452309,
        "link": "https://www.sec.gov/Archives/edgar/data/785161/000089061395000148/0000890613-95-000148-index.html",
        "finalLink": "https://www.sec.gov/Archives/edgar/data/785161/"
    },
    {
        "date": "1995-06-30",
        "symbol": "EHC",
        "reportedCurrency": "USD",
        "cik": "0000785161",
        "fillingDate": "1995-08-14",
        "acceptedDate": "1995-08-14 00:00:00",
        "calendarYear": "1995",
        "period": "Q2",
        "revenue": 378900000,
        "costOfRevenue": 273000000,
        "grossProfit": 105900000,
        "grossProfitRatio": 0.27949327,
        "researchAndDevelopmentExpenses": 0,
        "generalAndAdministrativeExpenses": 26700000,
        "sellingAndMarketingExpenses": 0,
        "sellingGeneralAndAdministrativeExpenses": 26700000,
        "otherExpenses": 29500000,
        "operatingExpenses": 56200000,
        "costAndExpenses": 329200000,
        "interestIncome": 0,
        "interestExpense": 0,
        "depreciationAndAmortization": -32800000,
        "ebitda": 79200000,
        "ebitdaratio": 0.2090261283,
        "operatingIncome": 49700000,
        "operatingIncomeRatio": 0.1311691739,
        "totalOtherIncomeExpensesNet": -53200000,
        "incomeBeforeTax": -3500000,
        "incomeBeforeTaxRatio": -0.0092372658,
        "incomeTaxExpense": -1400000,
        "netIncome": -2100000,
        "netIncomeRatio": -0.0055423595,
        "eps": -0.0738,
        "epsdiluted": -0.0738,
        "weightedAverageShsOut": 28452309,
        "weightedAverageShsOutDil": 28452309,
        "link": "https://www.sec.gov/Archives/edgar/data/785161/000089061395000107/0000890613-95-000107-index.html",
        "finalLink": "https://www.sec.gov/Archives/edgar/data/785161/"
    },
    {
        "date": "1995-03-31",
        "symbol": "EHC",
        "reportedCurrency": "USD",
        "cik": "0000785161",
        "fillingDate": "1995-05-15",
        "acceptedDate": "1995-05-15 00:00:00",
        "calendarYear": "1995",
        "period": "Q1",
        "revenue": 307000000,
        "costOfRevenue": 219900000,
        "grossProfit": 87100000,
        "grossProfitRatio": 0.283713355,
        "researchAndDevelopmentExpenses": 0,
        "generalAndAdministrativeExpenses": 16000000,
        "sellingAndMarketingExpenses": 0,
        "sellingGeneralAndAdministrativeExpenses": 16000000,
        "otherExpenses": 22900000,
        "operatingExpenses": 38900000,
        "costAndExpenses": 258800000,
        "interestIncome": 0,
        "interestExpense": 0,
        "depreciationAndAmortization": -22900000,
        "ebitda": 70000000,
        "ebitdaratio": 0.2280130293,
        "operatingIncome": 48200000,
        "operatingIncomeRatio": 0.1570032573,
        "totalOtherIncomeExpensesNet": -17300000,
        "incomeBeforeTax": 30900000,
        "incomeBeforeTaxRatio": 0.1006514658,
        "incomeTaxExpense": 11800000,
        "netIncome": 19100000,
        "netIncomeRatio": 0.0622149837,
        "eps": 0.67,
        "epsdiluted": 0.67,
        "weightedAverageShsOut": 28452309,
        "weightedAverageShsOutDil": 28452309,
        "link": "https://www.sec.gov/Archives/edgar/data/785161/000089061395000072/0000890613-95-000072-index.html",
        "finalLink": "https://www.sec.gov/Archives/edgar/data/785161/"
    },
    {
        "date": "1994-12-31",
        "symbol": "EHC",
        "reportedCurrency": "USD",
        "cik": "0000785161",
        "fillingDate": "1995-03-08",
        "acceptedDate": "1995-03-08 00:00:00",
        "calendarYear": "1994",
        "period": "Q4",
        "revenue": 387641000,
        "costOfRevenue": 0,
        "grossProfit": 387641000,
        "grossProfitRatio": 1,
        "researchAndDevelopmentExpenses": 0,
        "generalAndAdministrativeExpenses": 0,
        "sellingAndMarketingExpenses": 0,
        "sellingGeneralAndAdministrativeExpenses": 3339000,
        "otherExpenses": 787988000,
        "operatingExpenses": 791327000,
        "costAndExpenses": 233627000,
        "interestIncome": 0,
        "interestExpense": 0,
        "depreciationAndAmortization": 123488000,
        "ebitda": 277502000,
        "ebitdaratio": 0.7158737079,
        "operatingIncome": 154014000,
        "operatingIncomeRatio": 0.397310914,
        "totalOtherIncomeExpensesNet": -131451000,
        "incomeBeforeTax": 22563000,
        "incomeBeforeTaxRatio": 0.0582059173,
        "incomeTaxExpense": 9135000,
        "netIncome": 13225000,
        "netIncomeRatio": 0.0341166182,
        "eps": 0.46,
        "epsdiluted": 0.46,
        "weightedAverageShsOut": 28452309,
        "weightedAverageShsOutDil": 28452309,
        "link": "https://www.sec.gov/Archives/edgar/data/785161/000089061395000029/0000890613-95-000029-index.html",
        "finalLink": "https://www.sec.gov/Archives/edgar/data/785161/"
    },
    {
        "date": "1994-09-30",
        "symbol": "EHC",
        "reportedCurrency": "USD",
        "cik": "0000785161",
        "fillingDate": "1994-09-30",
        "acceptedDate": "1994-09-29 20:00:00",
        "calendarYear": "1994",
        "period": "Q3",
        "revenue": 261100000,
        "costOfRevenue": 195600000,
        "grossProfit": 65500000,
        "grossProfitRatio": 0.2508617388,
        "researchAndDevelopmentExpenses": 0,
        "generalAndAdministrativeExpenses": 0,
        "sellingAndMarketingExpenses": 0,
        "sellingGeneralAndAdministrativeExpenses": 12400000,
        "otherExpenses": 16000000,
        "operatingExpenses": 28400000,
        "costAndExpenses": 224000000,
        "interestIncome": 0,
        "interestExpense": 0,
        "depreciationAndAmortization": -18000000,
        "ebitda": 51500000,
        "ebitdaratio": 0.1972424358,
        "operatingIncome": 37100000,
        "operatingIncomeRatio": 0.1420911528,
        "totalOtherIncomeExpensesNet": -14200000,
        "incomeBeforeTax": 22900000,
        "incomeBeforeTaxRatio": 0.0877058598,
        "incomeTaxExpense": 8400000,
        "netIncome": 14500000,
        "netIncomeRatio": 0.0555342781,
        "eps": 0.51,
        "epsdiluted": 0.51,
        "weightedAverageShsOut": 28452309,
        "weightedAverageShsOutDil": 28452309,
        "link": "",
        "finalLink": ""
    },
    {
        "date": "1994-06-30",
        "symbol": "EHC",
        "reportedCurrency": "USD",
        "cik": "0000785161",
        "fillingDate": "1994-06-30",
        "acceptedDate": "1994-06-29 20:00:00",
        "calendarYear": "1994",
        "period": "Q2",
        "revenue": 247400000,
        "costOfRevenue": 185600000,
        "grossProfit": 61800000,
        "grossProfitRatio": 0.2497978981,
        "researchAndDevelopmentExpenses": 0,
        "generalAndAdministrativeExpenses": 0,
        "sellingAndMarketingExpenses": 0,
        "sellingGeneralAndAdministrativeExpenses": 11100000,
        "otherExpenses": 16000000,
        "operatingExpenses": 27100000,
        "costAndExpenses": 212700000,
        "interestIncome": 0,
        "interestExpense": 0,
        "depreciationAndAmortization": -16000000,
        "ebitda": 50000000,
        "ebitdaratio": 0.2021018593,
        "operatingIncome": 34700000,
        "operatingIncomeRatio": 0.1402586904,
        "totalOtherIncomeExpensesNet": -12900000,
        "incomeBeforeTax": 21800000,
        "incomeBeforeTaxRatio": 0.0881164107,
        "incomeTaxExpense": 8500000,
        "netIncome": 13300000,
        "netIncomeRatio": 0.0537590946,
        "eps": 0.47,
        "epsdiluted": 0.47,
        "weightedAverageShsOut": 28452309,
        "weightedAverageShsOutDil": 28452309,
        "link": "",
        "finalLink": ""
    },
    {
        "date": "1994-03-31",
        "symbol": "EHC",
        "reportedCurrency": "USD",
        "cik": "0000785161",
        "fillingDate": "1994-03-31",
        "acceptedDate": "1994-03-30 19:00:00",
        "calendarYear": "1994",
        "period": "Q1",
        "revenue": 231300000,
        "costOfRevenue": 178200000,
        "grossProfit": 53100000,
        "grossProfitRatio": 0.2295719844,
        "researchAndDevelopmentExpenses": 0,
        "generalAndAdministrativeExpenses": 0,
        "sellingAndMarketingExpenses": 0,
        "sellingGeneralAndAdministrativeExpenses": 10300000,
        "otherExpenses": 13900000,
        "operatingExpenses": 24200000,
        "costAndExpenses": 202400000,
        "interestIncome": 0,
        "interestExpense": 0,
        "depreciationAndAmortization": -13900000,
        "ebitda": 42100000,
        "ebitdaratio": 0.1820146995,
        "operatingIncome": 28900000,
        "operatingIncomeRatio": 0.1249459576,
        "totalOtherIncomeExpensesNet": -9100000,
        "incomeBeforeTax": 19800000,
        "incomeBeforeTaxRatio": 0.0856031128,
        "incomeTaxExpense": 7700000,
        "netIncome": 12100000,
        "netIncomeRatio": 0.0523130134,
        "eps": 0.43,
        "epsdiluted": 0.43,
        "weightedAverageShsOut": 28452309,
        "weightedAverageShsOutDil": 28452309,
        "link": "",
        "finalLink": ""
    },
    {
        "date": "1993-12-31",
        "symbol": "EHC",
        "reportedCurrency": "USD",
        "cik": "0000785161",
        "fillingDate": "1993-12-31",
        "acceptedDate": "1993-12-30 19:00:00",
        "calendarYear": "1993",
        "period": "Q4",
        "revenue": 125300000,
        "costOfRevenue": 89000000,
        "grossProfit": 36300000,
        "grossProfitRatio": 0.2897047087,
        "researchAndDevelopmentExpenses": 0,
        "generalAndAdministrativeExpenses": 0,
        "sellingAndMarketingExpenses": 0,
        "sellingGeneralAndAdministrativeExpenses": 6500000,
        "otherExpenses": 10100000,
        "operatingExpenses": 16600000,
        "costAndExpenses": 105600000,
        "interestIncome": 0,
        "interestExpense": 0,
        "depreciationAndAmortization": -10100000,
        "ebitda": 29800000,
        "ebitdaratio": 0.2378292099,
        "operatingIncome": 19700000,
        "operatingIncomeRatio": 0.1572226656,
        "totalOtherIncomeExpensesNet": -52500000,
        "incomeBeforeTax": -32800000,
        "incomeBeforeTaxRatio": -0.2617717478,
        "incomeTaxExpense": -11500000,
        "netIncome": -21300000,
        "netIncomeRatio": -0.1699920192,
        "eps": -0.75,
        "epsdiluted": -0.75,
        "weightedAverageShsOut": 28452309,
        "weightedAverageShsOutDil": 28452309,
        "link": "",
        "finalLink": ""
    },
    {
        "date": "1993-09-30",
        "symbol": "EHC",
        "reportedCurrency": "USD",
        "cik": "0000785161",
        "fillingDate": "1993-09-30",
        "acceptedDate": "1993-09-29 20:00:00",
        "calendarYear": "1993",
        "period": "Q3",
        "revenue": 121300000,
        "costOfRevenue": 87300000,
        "grossProfit": 34000000,
        "grossProfitRatio": 0.2802967848,
        "researchAndDevelopmentExpenses": 0,
        "generalAndAdministrativeExpenses": 0,
        "sellingAndMarketingExpenses": 0,
        "sellingGeneralAndAdministrativeExpenses": 7600000,
        "otherExpenses": 9200000,
        "operatingExpenses": 16800000,
        "costAndExpenses": 104100000,
        "interestIncome": 0,
        "interestExpense": 0,
        "depreciationAndAmortization": -9300000,
        "ebitda": 25600000,
        "ebitdaratio": 0.2110469909,
        "operatingIncome": 17200000,
        "operatingIncomeRatio": 0.141797197,
        "totalOtherIncomeExpensesNet": -2100000,
        "incomeBeforeTax": 15100000,
        "incomeBeforeTaxRatio": 0.1244847486,
        "incomeTaxExpense": 5500000,
        "netIncome": 9600000,
        "netIncomeRatio": 0.0791426216,
        "eps": 0.34,
        "epsdiluted": 0.34,
        "weightedAverageShsOut": 28452309,
        "weightedAverageShsOutDil": 28452309,
        "link": "",
        "finalLink": ""
    },
    {
        "date": "1993-06-30",
        "symbol": "EHC",
        "reportedCurrency": "USD",
        "cik": "0000785161",
        "fillingDate": "1993-06-30",
        "acceptedDate": "1993-06-29 20:00:00",
        "calendarYear": "1993",
        "period": "Q2",
        "revenue": 119600000,
        "costOfRevenue": 86600000,
        "grossProfit": 33000000,
        "grossProfitRatio": 0.2759197324,
        "researchAndDevelopmentExpenses": 0,
        "generalAndAdministrativeExpenses": 0,
        "sellingAndMarketingExpenses": 0,
        "sellingGeneralAndAdministrativeExpenses": 7100000,
        "otherExpenses": 8800000,
        "operatingExpenses": 15900000,
        "costAndExpenses": 102500000,
        "interestIncome": 0,
        "interestExpense": 0,
        "depreciationAndAmortization": -8700000,
        "ebitda": 25100000,
        "ebitdaratio": 0.2098662207,
        "operatingIncome": 17100000,
        "operatingIncomeRatio": 0.1429765886,
        "totalOtherIncomeExpensesNet": -2500000,
        "incomeBeforeTax": 14600000,
        "incomeBeforeTaxRatio": 0.1220735786,
        "incomeTaxExpense": 5000000,
        "netIncome": 9600000,
        "netIncomeRatio": 0.0802675585,
        "eps": 0.34,
        "epsdiluted": 0.34,
        "weightedAverageShsOut": 28452309,
        "weightedAverageShsOutDil": 28452309,
        "link": "",
        "finalLink": ""
    },
    {
        "date": "1993-03-31",
        "symbol": "EHC",
        "reportedCurrency": "USD",
        "cik": "0000785161",
        "fillingDate": "1993-03-31",
        "acceptedDate": "1993-03-30 19:00:00",
        "calendarYear": "1993",
        "period": "Q1",
        "revenue": 116100000,
        "costOfRevenue": 86000000,
        "grossProfit": 30100000,
        "grossProfitRatio": 0.2592592593,
        "researchAndDevelopmentExpenses": 0,
        "generalAndAdministrativeExpenses": 0,
        "sellingAndMarketingExpenses": 0,
        "sellingGeneralAndAdministrativeExpenses": 5600000,
        "otherExpenses": 8400000,
        "operatingExpenses": 14000000,
        "costAndExpenses": 100000000,
        "interestIncome": 0,
        "interestExpense": 0,
        "depreciationAndAmortization": -8400000,
        "ebitda": 23700000,
        "ebitdaratio": 0.2041343669,
        "operatingIncome": 16100000,
        "operatingIncomeRatio": 0.1386735573,
        "totalOtherIncomeExpensesNet": -2200000,
        "incomeBeforeTax": 13900000,
        "incomeBeforeTaxRatio": 0.1197243755,
        "incomeTaxExpense": 5100000,
        "netIncome": 8800000,
        "netIncomeRatio": 0.075796727,
        "eps": 0.31,
        "epsdiluted": 0.31,
        "weightedAverageShsOut": 28452309,
        "weightedAverageShsOutDil": 28452309,
        "link": "",
        "finalLink": ""
    },
    {
        "date": "1992-12-31",
        "symbol": "EHC",
        "reportedCurrency": "USD",
        "cik": "0000785161",
        "fillingDate": "1992-12-31",
        "acceptedDate": "1992-12-30 19:00:00",
        "calendarYear": "1992",
        "period": "Q4",
        "revenue": 108700000,
        "costOfRevenue": 90600000,
        "grossProfit": 18100000,
        "grossProfitRatio": 0.1665133395,
        "researchAndDevelopmentExpenses": 0,
        "generalAndAdministrativeExpenses": 0,
        "sellingAndMarketingExpenses": 0,
        "sellingGeneralAndAdministrativeExpenses": -8400000,
        "otherExpenses": 7300000,
        "operatingExpenses": -1100000,
        "costAndExpenses": 89500000,
        "interestIncome": 0,
        "interestExpense": 0,
        "depreciationAndAmortization": -7300000,
        "ebitda": 26500000,
        "ebitdaratio": 0.2437902484,
        "operatingIncome": 19200000,
        "operatingIncomeRatio": 0.1766329347,
        "totalOtherIncomeExpensesNet": -5300000,
        "incomeBeforeTax": 13900000,
        "incomeBeforeTaxRatio": 0.127874885,
        "incomeTaxExpense": 4900000,
        "netIncome": 9000000,
        "netIncomeRatio": 0.0827966881,
        "eps": 0.32,
        "epsdiluted": 0.32,
        "weightedAverageShsOut": 28452309,
        "weightedAverageShsOutDil": 28452309,
        "link": "",
        "finalLink": ""
    },
    {
        "date": "1992-09-30",
        "symbol": "EHC",
        "reportedCurrency": "USD",
        "cik": "0000785161",
        "fillingDate": "1992-09-30",
        "acceptedDate": "1992-09-29 20:00:00",
        "calendarYear": "1992",
        "period": "Q3",
        "revenue": 102100000,
        "costOfRevenue": 76400000,
        "grossProfit": 25700000,
        "grossProfitRatio": 0.2517140059,
        "researchAndDevelopmentExpenses": 0,
        "generalAndAdministrativeExpenses": 0,
        "sellingAndMarketingExpenses": 0,
        "sellingGeneralAndAdministrativeExpenses": 5500000,
        "otherExpenses": 6600000,
        "operatingExpenses": 12100000,
        "costAndExpenses": 88500000,
        "interestIncome": 0,
        "interestExpense": 0,
        "depreciationAndAmortization": -6600000,
        "ebitda": 19300000,
        "ebitdaratio": 0.1890303624,
        "operatingIncome": 13600000,
        "operatingIncomeRatio": 0.1332027424,
        "totalOtherIncomeExpensesNet": -1700000,
        "incomeBeforeTax": 11900000,
        "incomeBeforeTaxRatio": 0.1165523996,
        "incomeTaxExpense": 3700000,
        "netIncome": 8200000,
        "netIncomeRatio": 0.0803134182,
        "eps": 0.29,
        "epsdiluted": 0.29,
        "weightedAverageShsOut": 28452309,
        "weightedAverageShsOutDil": 28452309,
        "link": "",
        "finalLink": ""
    },
    {
        "date": "1992-06-30",
        "symbol": "EHC",
        "reportedCurrency": "USD",
        "cik": "0000785161",
        "fillingDate": "1992-06-30",
        "acceptedDate": "1992-06-29 20:00:00",
        "calendarYear": "1992",
        "period": "Q2",
        "revenue": 102600000,
        "costOfRevenue": 76800000,
        "grossProfit": 25800000,
        "grossProfitRatio": 0.2514619883,
        "researchAndDevelopmentExpenses": 0,
        "generalAndAdministrativeExpenses": 0,
        "sellingAndMarketingExpenses": 0,
        "sellingGeneralAndAdministrativeExpenses": 5400000,
        "otherExpenses": 5900000,
        "operatingExpenses": 11300000,
        "costAndExpenses": 88100000,
        "interestIncome": 0,
        "interestExpense": 0,
        "depreciationAndAmortization": -5900000,
        "ebitda": 19000000,
        "ebitdaratio": 0.1851851852,
        "operatingIncome": 14500000,
        "operatingIncomeRatio": 0.1413255361,
        "totalOtherIncomeExpensesNet": -2500000,
        "incomeBeforeTax": 12000000,
        "incomeBeforeTaxRatio": 0.1169590643,
        "incomeTaxExpense": 4200000,
        "netIncome": 7800000,
        "netIncomeRatio": 0.0760233918,
        "eps": 0.27,
        "epsdiluted": 0.27,
        "weightedAverageShsOut": 28452309,
        "weightedAverageShsOutDil": 28452309,
        "link": "",
        "finalLink": ""
    },
    {
        "date": "1992-03-31",
        "symbol": "EHC",
        "reportedCurrency": "USD",
        "cik": "0000785161",
        "fillingDate": "1992-03-31",
        "acceptedDate": "1992-03-30 19:00:00",
        "calendarYear": "1992",
        "period": "Q1",
        "revenue": 93600000,
        "costOfRevenue": 72900000,
        "grossProfit": 20700000,
        "grossProfitRatio": 0.2211538462,
        "researchAndDevelopmentExpenses": 0,
        "generalAndAdministrativeExpenses": 0,
        "sellingAndMarketingExpenses": 0,
        "sellingGeneralAndAdministrativeExpenses": 5700000,
        "otherExpenses": 5700000,
        "operatingExpenses": 11400000,
        "costAndExpenses": 84300000,
        "interestIncome": 0,
        "interestExpense": 0,
        "depreciationAndAmortization": -5700000,
        "ebitda": 13800000,
        "ebitdaratio": 0.1474358974,
        "operatingIncome": 9300000,
        "operatingIncomeRatio": 0.0993589744,
        "totalOtherIncomeExpensesNet": -2100000,
        "incomeBeforeTax": 7200000,
        "incomeBeforeTaxRatio": 0.0769230769,
        "incomeTaxExpense": 2500000,
        "netIncome": 4700000,
        "netIncomeRatio": 0.0502136752,
        "eps": 0.17,
        "epsdiluted": 0.17,
        "weightedAverageShsOut": 28452309,
        "weightedAverageShsOutDil": 28452309,
        "link": "",
        "finalLink": ""
    },
    {
        "date": "1991-12-31",
        "symbol": "EHC",
        "reportedCurrency": "USD",
        "cik": "0000785161",
        "fillingDate": "1991-12-31",
        "acceptedDate": "1991-12-30 19:00:00",
        "calendarYear": "1991",
        "period": "Q4",
        "revenue": 64800000,
        "costOfRevenue": 47200000,
        "grossProfit": 17600000,
        "grossProfitRatio": 0.2716049383,
        "researchAndDevelopmentExpenses": 0,
        "generalAndAdministrativeExpenses": 0,
        "sellingAndMarketingExpenses": 0,
        "sellingGeneralAndAdministrativeExpenses": 1600000,
        "otherExpenses": 4500000,
        "operatingExpenses": 6100000,
        "costAndExpenses": 53300000,
        "interestIncome": 0,
        "interestExpense": 0,
        "depreciationAndAmortization": -4500000,
        "ebitda": 14300000,
        "ebitdaratio": 0.2206790123,
        "operatingIncome": 11500000,
        "operatingIncomeRatio": 0.1774691358,
        "totalOtherIncomeExpensesNet": -1200000,
        "incomeBeforeTax": 10300000,
        "incomeBeforeTaxRatio": 0.1589506173,
        "incomeTaxExpense": 3400000,
        "netIncome": 6900000,
        "netIncomeRatio": 0.1064814815,
        "eps": 0.24,
        "epsdiluted": 0.24,
        "weightedAverageShsOut": 28452309,
        "weightedAverageShsOutDil": 28452309,
        "link": "",
        "finalLink": ""
    },
    {
        "date": "1991-09-30",
        "symbol": "EHC",
        "reportedCurrency": "USD",
        "cik": "0000785161",
        "fillingDate": "1991-09-30",
        "acceptedDate": "1991-09-29 20:00:00",
        "calendarYear": "1991",
        "period": "Q3",
        "revenue": 55800000,
        "costOfRevenue": 41300000,
        "grossProfit": 14500000,
        "grossProfitRatio": 0.2598566308,
        "researchAndDevelopmentExpenses": 0,
        "generalAndAdministrativeExpenses": 0,
        "sellingAndMarketingExpenses": 0,
        "sellingGeneralAndAdministrativeExpenses": 1300000,
        "otherExpenses": 3500000,
        "operatingExpenses": 4800000,
        "costAndExpenses": 46100000,
        "interestIncome": 0,
        "interestExpense": 0,
        "depreciationAndAmortization": -3500000,
        "ebitda": 11500000,
        "ebitdaratio": 0.20609319,
        "operatingIncome": 9700000,
        "operatingIncomeRatio": 0.1738351254,
        "totalOtherIncomeExpensesNet": -900000,
        "incomeBeforeTax": 8800000,
        "incomeBeforeTaxRatio": 0.1577060932,
        "incomeTaxExpense": 2800000,
        "netIncome": 6000000,
        "netIncomeRatio": 0.1075268817,
        "eps": 0.21,
        "epsdiluted": 0.21,
        "weightedAverageShsOut": 28452309,
        "weightedAverageShsOutDil": 28452309,
        "link": "",
        "finalLink": ""
    },
    {
        "date": "1991-06-30",
        "symbol": "EHC",
        "reportedCurrency": "USD",
        "cik": "0000785161",
        "fillingDate": "1991-06-30",
        "acceptedDate": "1991-06-29 20:00:00",
        "calendarYear": "1991",
        "period": "Q2",
        "revenue": 54400000,
        "costOfRevenue": 39600000,
        "grossProfit": 14800000,
        "grossProfitRatio": 0.2720588235,
        "researchAndDevelopmentExpenses": 0,
        "generalAndAdministrativeExpenses": 0,
        "sellingAndMarketingExpenses": 0,
        "sellingGeneralAndAdministrativeExpenses": 1400000,
        "otherExpenses": 3400000,
        "operatingExpenses": 4800000,
        "costAndExpenses": 44400000,
        "interestIncome": 0,
        "interestExpense": 0,
        "depreciationAndAmortization": -3400000,
        "ebitda": 12100000,
        "ebitdaratio": 0.2224264706,
        "operatingIncome": 10000000,
        "operatingIncomeRatio": 0.1838235294,
        "totalOtherIncomeExpensesNet": -1900000,
        "incomeBeforeTax": 8100000,
        "incomeBeforeTaxRatio": 0.1488970588,
        "incomeTaxExpense": 2900000,
        "netIncome": 5200000,
        "netIncomeRatio": 0.0955882353,
        "eps": 0.18,
        "epsdiluted": 0.18,
        "weightedAverageShsOut": 28452309,
        "weightedAverageShsOutDil": 28452309,
        "link": "",
        "finalLink": ""
    },
    {
        "date": "1991-03-31",
        "symbol": "EHC",
        "reportedCurrency": "USD",
        "cik": "0000785161",
        "fillingDate": "1991-03-31",
        "acceptedDate": "1991-03-30 19:00:00",
        "calendarYear": "1991",
        "period": "Q1",
        "revenue": 50600000,
        "costOfRevenue": 37600000,
        "grossProfit": 13000000,
        "grossProfitRatio": 0.256916996,
        "researchAndDevelopmentExpenses": 0,
        "generalAndAdministrativeExpenses": 0,
        "sellingAndMarketingExpenses": 0,
        "sellingGeneralAndAdministrativeExpenses": 1000000,
        "otherExpenses": 3300000,
        "operatingExpenses": 4300000,
        "costAndExpenses": 41900000,
        "interestIncome": 0,
        "interestExpense": 0,
        "depreciationAndAmortization": -3300000,
        "ebitda": 11100000,
        "ebitdaratio": 0.2193675889,
        "operatingIncome": 8700000,
        "operatingIncomeRatio": 0.1719367589,
        "totalOtherIncomeExpensesNet": -2100000,
        "incomeBeforeTax": 6600000,
        "incomeBeforeTaxRatio": 0.1304347826,
        "incomeTaxExpense": 2400000,
        "netIncome": 4200000,
        "netIncomeRatio": 0.0830039526,
        "eps": 0.15,
        "epsdiluted": 0.15,
        "weightedAverageShsOut": 28452309,
        "weightedAverageShsOutDil": 28452309,
        "link": "",
        "finalLink": ""
    },
    {
        "date": "1990-12-31",
        "symbol": "EHC",
        "reportedCurrency": "USD",
        "cik": "0000785161",
        "fillingDate": "1990-12-31",
        "acceptedDate": "1990-12-30 19:00:00",
        "calendarYear": "1990",
        "period": "Q4",
        "revenue": 49000000,
        "costOfRevenue": 39400000,
        "grossProfit": 9600000,
        "grossProfitRatio": 0.1959183673,
        "researchAndDevelopmentExpenses": 0,
        "generalAndAdministrativeExpenses": 0,
        "sellingAndMarketingExpenses": 0,
        "sellingGeneralAndAdministrativeExpenses": 1000000,
        "otherExpenses": 3200000,
        "operatingExpenses": 4200000,
        "costAndExpenses": 43600000,
        "interestIncome": 0,
        "interestExpense": 0,
        "depreciationAndAmortization": -3200000,
        "ebitda": 8600000,
        "ebitdaratio": 0.1755102041,
        "operatingIncome": 5400000,
        "operatingIncomeRatio": 0.1102040816,
        "totalOtherIncomeExpensesNet": 900000,
        "incomeBeforeTax": 6300000,
        "incomeBeforeTaxRatio": 0.1285714286,
        "incomeTaxExpense": 2200000,
        "netIncome": 4100000,
        "netIncomeRatio": 0.0836734694,
        "eps": 0.14,
        "epsdiluted": 0.14,
        "weightedAverageShsOut": 28452309,
        "weightedAverageShsOutDil": 28452309,
        "link": "",
        "finalLink": ""
    },
    {
        "date": "1990-09-30",
        "symbol": "EHC",
        "reportedCurrency": "USD",
        "cik": "0000785161",
        "fillingDate": "1990-09-30",
        "acceptedDate": "1990-09-29 20:00:00",
        "calendarYear": "1990",
        "period": "Q3",
        "revenue": 46100000,
        "costOfRevenue": 33600000,
        "grossProfit": 12500000,
        "grossProfitRatio": 0.2711496746,
        "researchAndDevelopmentExpenses": 0,
        "generalAndAdministrativeExpenses": 0,
        "sellingAndMarketingExpenses": 0,
        "sellingGeneralAndAdministrativeExpenses": 1400000,
        "otherExpenses": 3000000,
        "operatingExpenses": 4400000,
        "costAndExpenses": 38000000,
        "interestIncome": 0,
        "interestExpense": 0,
        "depreciationAndAmortization": -3000000,
        "ebitda": 11100000,
        "ebitdaratio": 0.2407809111,
        "operatingIncome": 8100000,
        "operatingIncomeRatio": 0.1757049892,
        "totalOtherIncomeExpensesNet": -3100000,
        "incomeBeforeTax": 5000000,
        "incomeBeforeTaxRatio": 0.1084598698,
        "incomeTaxExpense": 1700000,
        "netIncome": 3300000,
        "netIncomeRatio": 0.0715835141,
        "eps": 0.12,
        "epsdiluted": 0.12,
        "weightedAverageShsOut": 28452309,
        "weightedAverageShsOutDil": 28452309,
        "link": "",
        "finalLink": ""
    },
    {
        "date": "1990-06-30",
        "symbol": "EHC",
        "reportedCurrency": "USD",
        "cik": "0000785161",
        "fillingDate": "1990-06-30",
        "acceptedDate": "1990-06-29 20:00:00",
        "calendarYear": "1990",
        "period": "Q2",
        "revenue": 42800000,
        "costOfRevenue": 30700000,
        "grossProfit": 12100000,
        "grossProfitRatio": 0.2827102804,
        "researchAndDevelopmentExpenses": 0,
        "generalAndAdministrativeExpenses": 0,
        "sellingAndMarketingExpenses": 0,
        "sellingGeneralAndAdministrativeExpenses": 1500000,
        "otherExpenses": 2500000,
        "operatingExpenses": 4000000,
        "costAndExpenses": 34700000,
        "interestIncome": 0,
        "interestExpense": 0,
        "depreciationAndAmortization": -2600000,
        "ebitda": 10600000,
        "ebitdaratio": 0.2476635514,
        "operatingIncome": 8100000,
        "operatingIncomeRatio": 0.1892523364,
        "totalOtherIncomeExpensesNet": -3400000,
        "incomeBeforeTax": 4700000,
        "incomeBeforeTaxRatio": 0.1098130841,
        "incomeTaxExpense": 1800000,
        "netIncome": 2900000,
        "netIncomeRatio": 0.0677570093,
        "eps": 0.1,
        "epsdiluted": 0.1,
        "weightedAverageShsOut": 28452309,
        "weightedAverageShsOutDil": 28452309,
        "link": "",
        "finalLink": ""
    },
    {
        "date": "1990-03-31",
        "symbol": "EHC",
        "reportedCurrency": "USD",
        "cik": "0000785161",
        "fillingDate": "1990-03-31",
        "acceptedDate": "1990-03-30 19:00:00",
        "calendarYear": "1990",
        "period": "Q1",
        "revenue": 42600000,
        "costOfRevenue": 32000000,
        "grossProfit": 10600000,
        "grossProfitRatio": 0.2488262911,
        "researchAndDevelopmentExpenses": 0,
        "generalAndAdministrativeExpenses": 0,
        "sellingAndMarketingExpenses": 0,
        "sellingGeneralAndAdministrativeExpenses": 1400000,
        "otherExpenses": 2300000,
        "operatingExpenses": 3700000,
        "costAndExpenses": 35700000,
        "interestIncome": 0,
        "interestExpense": 0,
        "depreciationAndAmortization": -2300000,
        "ebitda": 9200000,
        "ebitdaratio": 0.2159624413,
        "operatingIncome": 6900000,
        "operatingIncomeRatio": 0.161971831,
        "totalOtherIncomeExpensesNet": -2800000,
        "incomeBeforeTax": 4100000,
        "incomeBeforeTaxRatio": 0.0962441315,
        "incomeTaxExpense": 1500000,
        "netIncome": 2600000,
        "netIncomeRatio": 0.0610328638,
        "eps": 0.0914,
        "epsdiluted": 0.0914,
        "weightedAverageShsOut": 28452309,
        "weightedAverageShsOutDil": 28452309,
        "link": "",
        "finalLink": ""
    },
    {
        "date": "1989-12-31",
        "symbol": "EHC",
        "reportedCurrency": "USD",
        "cik": "0000785161",
        "fillingDate": "1989-12-31",
        "acceptedDate": "1989-12-30 19:00:00",
        "calendarYear": "1989",
        "period": "Q4",
        "revenue": 9500000,
        "costOfRevenue": 0,
        "grossProfit": 9500000,
        "grossProfitRatio": 1,
        "researchAndDevelopmentExpenses": 0,
        "generalAndAdministrativeExpenses": 0,
        "sellingAndMarketingExpenses": 0,
        "sellingGeneralAndAdministrativeExpenses": 0,
        "otherExpenses": -97200000,
        "operatingExpenses": -97200000,
        "costAndExpenses": -97200000,
        "interestIncome": 0,
        "interestExpense": 0,
        "depreciationAndAmortization": 0,
        "ebitda": -87700000,
        "ebitdaratio": -9.2315789474,
        "operatingIncome": -87700000,
        "operatingIncomeRatio": -9.2315789474,
        "totalOtherIncomeExpensesNet": 87700000,
        "incomeBeforeTax": 0,
        "incomeBeforeTaxRatio": 0,
        "incomeTaxExpense": -2500000,
        "netIncome": 2500000,
        "netIncomeRatio": 0.2631578947,
        "eps": 0.0879,
        "epsdiluted": 0.0879,
        "weightedAverageShsOut": 28452309,
        "weightedAverageShsOutDil": 28452309,
        "link": "",
        "finalLink": ""
    },
    {
        "date": "1989-09-30",
        "symbol": "EHC",
        "reportedCurrency": "USD",
        "cik": "0000785161",
        "fillingDate": "1989-09-30",
        "acceptedDate": "1989-09-29 20:00:00",
        "calendarYear": "1989",
        "period": "Q3",
        "revenue": 37000000,
        "costOfRevenue": 0,
        "grossProfit": 37000000,
        "grossProfitRatio": 1,
        "researchAndDevelopmentExpenses": 0,
        "generalAndAdministrativeExpenses": 0,
        "sellingAndMarketingExpenses": 0,
        "sellingGeneralAndAdministrativeExpenses": 0,
        "otherExpenses": 0,
        "operatingExpenses": 0,
        "costAndExpenses": 0,
        "interestIncome": 0,
        "interestExpense": 0,
        "depreciationAndAmortization": 0,
        "ebitda": 37000000,
        "ebitdaratio": 1,
        "operatingIncome": 37000000,
        "operatingIncomeRatio": 1,
        "totalOtherIncomeExpensesNet": -37000000,
        "incomeBeforeTax": 0,
        "incomeBeforeTaxRatio": 0,
        "incomeTaxExpense": -2100000,
        "netIncome": 2100000,
        "netIncomeRatio": 0.0567567568,
        "eps": 0.0738,
        "epsdiluted": 0.0738,
        "weightedAverageShsOut": 28452309,
        "weightedAverageShsOutDil": 28452309,
        "link": "",
        "finalLink": ""
    },
    {
        "date": "1989-06-30",
        "symbol": "EHC",
        "reportedCurrency": "USD",
        "cik": "0000785161",
        "fillingDate": "1989-06-30",
        "acceptedDate": "1989-06-29 20:00:00",
        "calendarYear": "1989",
        "period": "Q2",
        "revenue": 36700000,
        "costOfRevenue": 0,
        "grossProfit": 36700000,
        "grossProfitRatio": 1,
        "researchAndDevelopmentExpenses": 0,
        "generalAndAdministrativeExpenses": 0,
        "sellingAndMarketingExpenses": 0,
        "sellingGeneralAndAdministrativeExpenses": 0,
        "otherExpenses": 0,
        "operatingExpenses": 0,
        "costAndExpenses": 0,
        "interestIncome": 0,
        "interestExpense": 0,
        "depreciationAndAmortization": 0,
        "ebitda": 36700000,
        "ebitdaratio": 1,
        "operatingIncome": 36700000,
        "operatingIncomeRatio": 1,
        "totalOtherIncomeExpensesNet": -36700000,
        "incomeBeforeTax": 0,
        "incomeBeforeTaxRatio": 0,
        "incomeTaxExpense": -1900000,
        "netIncome": 1900000,
        "netIncomeRatio": 0.0517711172,
        "eps": 0.0668,
        "epsdiluted": 0.0668,
        "weightedAverageShsOut": 28452309,
        "weightedAverageShsOutDil": 28452309,
        "link": "",
        "finalLink": ""
    },
    {
        "date": "1989-03-31",
        "symbol": "EHC",
        "reportedCurrency": "USD",
        "cik": "0000785161",
        "fillingDate": "1989-03-31",
        "acceptedDate": "1989-03-30 19:00:00",
        "calendarYear": "1989",
        "period": "Q1",
        "revenue": 31100000,
        "costOfRevenue": 0,
        "grossProfit": 31100000,
        "grossProfitRatio": 1,
        "researchAndDevelopmentExpenses": 0,
        "generalAndAdministrativeExpenses": 0,
        "sellingAndMarketingExpenses": 0,
        "sellingGeneralAndAdministrativeExpenses": 0,
        "otherExpenses": 0,
        "operatingExpenses": 0,
        "costAndExpenses": 0,
        "interestIncome": 0,
        "interestExpense": 0,
        "depreciationAndAmortization": 0,
        "ebitda": 31100000,
        "ebitdaratio": 1,
        "operatingIncome": 31100000,
        "operatingIncomeRatio": 1,
        "totalOtherIncomeExpensesNet": -31100000,
        "incomeBeforeTax": 0,
        "incomeBeforeTaxRatio": 0,
        "incomeTaxExpense": -1600000,
        "netIncome": 1600000,
        "netIncomeRatio": 0.0514469453,
        "eps": 0.0562,
        "epsdiluted": 0.0562,
        "weightedAverageShsOut": 28452309,
        "weightedAverageShsOutDil": 28452309,
        "link": "",
        "finalLink": ""
    },
    {
        "date": "1988-12-31",
        "symbol": "EHC",
        "reportedCurrency": "USD",
        "cik": "0000785161",
        "fillingDate": "1988-12-31",
        "acceptedDate": "1988-12-30 19:00:00",
        "calendarYear": "1988",
        "period": "Q4",
        "revenue": 12000000,
        "costOfRevenue": 0,
        "grossProfit": 12000000,
        "grossProfitRatio": 1,
        "researchAndDevelopmentExpenses": 0,
        "generalAndAdministrativeExpenses": 0,
        "sellingAndMarketingExpenses": 0,
        "sellingGeneralAndAdministrativeExpenses": 0,
        "otherExpenses": -63300000,
        "operatingExpenses": -63300000,
        "costAndExpenses": -63300000,
        "interestIncome": 0,
        "interestExpense": 0,
        "depreciationAndAmortization": 0,
        "ebitda": -51300000,
        "ebitdaratio": -4.275,
        "operatingIncome": -51300000,
        "operatingIncomeRatio": -4.275,
        "totalOtherIncomeExpensesNet": 51300000,
        "incomeBeforeTax": 0,
        "incomeBeforeTaxRatio": 0,
        "incomeTaxExpense": -2000000,
        "netIncome": 2000000,
        "netIncomeRatio": 0.1666666667,
        "eps": 0.0703,
        "epsdiluted": 0.0703,
        "weightedAverageShsOut": 28452309,
        "weightedAverageShsOutDil": 28452309,
        "link": "",
        "finalLink": ""
    },
    {
        "date": "1988-09-30",
        "symbol": "EHC",
        "reportedCurrency": "USD",
        "cik": "0000785161",
        "fillingDate": "1988-09-30",
        "acceptedDate": "1988-09-29 20:00:00",
        "calendarYear": "1988",
        "period": "Q3",
        "revenue": 23900000,
        "costOfRevenue": 0,
        "grossProfit": 23900000,
        "grossProfitRatio": 1,
        "researchAndDevelopmentExpenses": 0,
        "generalAndAdministrativeExpenses": 0,
        "sellingAndMarketingExpenses": 0,
        "sellingGeneralAndAdministrativeExpenses": 0,
        "otherExpenses": 0,
        "operatingExpenses": 0,
        "costAndExpenses": 0,
        "interestIncome": 0,
        "interestExpense": 0,
        "depreciationAndAmortization": 0,
        "ebitda": 23900000,
        "ebitdaratio": 1,
        "operatingIncome": 23900000,
        "operatingIncomeRatio": 1,
        "totalOtherIncomeExpensesNet": -23900000,
        "incomeBeforeTax": 0,
        "incomeBeforeTaxRatio": 0,
        "incomeTaxExpense": -1500000,
        "netIncome": 1500000,
        "netIncomeRatio": 0.0627615063,
        "eps": 0.0527,
        "epsdiluted": 0.0527,
        "weightedAverageShsOut": 28452309,
        "weightedAverageShsOutDil": 28452309,
        "link": "",
        "finalLink": ""
    },
    {
        "date": "1988-06-30",
        "symbol": "EHC",
        "reportedCurrency": "USD",
        "cik": "0000785161",
        "fillingDate": "1988-06-30",
        "acceptedDate": "1988-06-29 20:00:00",
        "calendarYear": "1988",
        "period": "Q2",
        "revenue": 21300000,
        "costOfRevenue": 0,
        "grossProfit": 21300000,
        "grossProfitRatio": 1,
        "researchAndDevelopmentExpenses": 0,
        "generalAndAdministrativeExpenses": 0,
        "sellingAndMarketingExpenses": 0,
        "sellingGeneralAndAdministrativeExpenses": 0,
        "otherExpenses": 0,
        "operatingExpenses": 0,
        "costAndExpenses": 0,
        "interestIncome": 0,
        "interestExpense": 0,
        "depreciationAndAmortization": 0,
        "ebitda": 21300000,
        "ebitdaratio": 1,
        "operatingIncome": 21300000,
        "operatingIncomeRatio": 1,
        "totalOtherIncomeExpensesNet": -21300000,
        "incomeBeforeTax": 0,
        "incomeBeforeTaxRatio": 0,
        "incomeTaxExpense": -1300000,
        "netIncome": 1300000,
        "netIncomeRatio": 0.0610328638,
        "eps": 0.0457,
        "epsdiluted": 0.0457,
        "weightedAverageShsOut": 28452309,
        "weightedAverageShsOutDil": 28452309,
        "link": "",
        "finalLink": ""
    },
    {
        "date": "1988-03-31",
        "symbol": "EHC",
        "reportedCurrency": "USD",
        "cik": "0000785161",
        "fillingDate": "1988-03-31",
        "acceptedDate": "1988-03-30 19:00:00",
        "calendarYear": "1988",
        "period": "Q1",
        "revenue": 17800000,
        "costOfRevenue": 0,
        "grossProfit": 17800000,
        "grossProfitRatio": 1,
        "researchAndDevelopmentExpenses": 0,
        "generalAndAdministrativeExpenses": 0,
        "sellingAndMarketingExpenses": 0,
        "sellingGeneralAndAdministrativeExpenses": 0,
        "otherExpenses": 0,
        "operatingExpenses": 0,
        "costAndExpenses": 0,
        "interestIncome": 0,
        "interestExpense": 0,
        "depreciationAndAmortization": 0,
        "ebitda": 17800000,
        "ebitdaratio": 1,
        "operatingIncome": 17800000,
        "operatingIncomeRatio": 1,
        "totalOtherIncomeExpensesNet": -17800000,
        "incomeBeforeTax": 0,
        "incomeBeforeTaxRatio": 0,
        "incomeTaxExpense": -900000,
        "netIncome": 900000,
        "netIncomeRatio": 0.0505617978,
        "eps": 0.0316,
        "epsdiluted": 0.0316,
        "weightedAverageShsOut": 28452309,
        "weightedAverageShsOutDil": 28452309,
        "link": "",
        "finalLink": ""
    },
    {
        "date": "1987-12-31",
        "symbol": "EHC",
        "reportedCurrency": "USD",
        "cik": "0000785161",
        "fillingDate": "1987-12-31",
        "acceptedDate": "1987-12-30 19:00:00",
        "calendarYear": "1987",
        "period": "Q4",
        "revenue": 8400000,
        "costOfRevenue": 0,
        "grossProfit": 8400000,
        "grossProfitRatio": 1,
        "researchAndDevelopmentExpenses": 0,
        "generalAndAdministrativeExpenses": 0,
        "sellingAndMarketingExpenses": 0,
        "sellingGeneralAndAdministrativeExpenses": 0,
        "otherExpenses": -38400000,
        "operatingExpenses": -38400000,
        "costAndExpenses": -38400000,
        "interestIncome": 0,
        "interestExpense": 0,
        "depreciationAndAmortization": 0,
        "ebitda": -30000000,
        "ebitdaratio": -3.5714285714,
        "operatingIncome": -30000000,
        "operatingIncomeRatio": -3.5714285714,
        "totalOtherIncomeExpensesNet": 30000000,
        "incomeBeforeTax": 0,
        "incomeBeforeTaxRatio": 0,
        "incomeTaxExpense": -1200000,
        "netIncome": 1200000,
        "netIncomeRatio": 0.1428571429,
        "eps": 0.0422,
        "epsdiluted": 0.0422,
        "weightedAverageShsOut": 28452309,
        "weightedAverageShsOutDil": 28452309,
        "link": "",
        "finalLink": ""
    },
    {
        "date": "1987-09-30",
        "symbol": "EHC",
        "reportedCurrency": "USD",
        "cik": "0000785161",
        "fillingDate": "1987-09-30",
        "acceptedDate": "1987-09-29 20:00:00",
        "calendarYear": "1987",
        "period": "Q3",
        "revenue": 13600000,
        "costOfRevenue": 0,
        "grossProfit": 13600000,
        "grossProfitRatio": 1,
        "researchAndDevelopmentExpenses": 0,
        "generalAndAdministrativeExpenses": 0,
        "sellingAndMarketingExpenses": 0,
        "sellingGeneralAndAdministrativeExpenses": 0,
        "otherExpenses": 0,
        "operatingExpenses": 0,
        "costAndExpenses": 0,
        "interestIncome": 0,
        "interestExpense": 0,
        "depreciationAndAmortization": 0,
        "ebitda": 13600000,
        "ebitdaratio": 1,
        "operatingIncome": 13600000,
        "operatingIncomeRatio": 1,
        "totalOtherIncomeExpensesNet": -13600000,
        "incomeBeforeTax": 0,
        "incomeBeforeTaxRatio": 0,
        "incomeTaxExpense": -1200000,
        "netIncome": 1200000,
        "netIncomeRatio": 0.0882352941,
        "eps": 0.0422,
        "epsdiluted": 0.0422,
        "weightedAverageShsOut": 28452309,
        "weightedAverageShsOutDil": 28452309,
        "link": "",
        "finalLink": ""
    },
    {
        "date": "1987-06-30",
        "symbol": "EHC",
        "reportedCurrency": "USD",
        "cik": "0000785161",
        "fillingDate": "1987-06-30",
        "acceptedDate": "1987-06-29 20:00:00",
        "calendarYear": "1987",
        "period": "Q2",
        "revenue": 11700000,
        "costOfRevenue": 0,
        "grossProfit": 11700000,
        "grossProfitRatio": 1,
        "researchAndDevelopmentExpenses": 0,
        "generalAndAdministrativeExpenses": 0,
        "sellingAndMarketingExpenses": 0,
        "sellingGeneralAndAdministrativeExpenses": 0,
        "otherExpenses": 0,
        "operatingExpenses": 0,
        "costAndExpenses": 0,
        "interestIncome": 0,
        "interestExpense": 0,
        "depreciationAndAmortization": 0,
        "ebitda": 11700000,
        "ebitdaratio": 1,
        "operatingIncome": 11700000,
        "operatingIncomeRatio": 1,
        "totalOtherIncomeExpensesNet": -11700000,
        "incomeBeforeTax": 0,
        "incomeBeforeTaxRatio": 0,
        "incomeTaxExpense": -800000,
        "netIncome": 800000,
        "netIncomeRatio": 0.0683760684,
        "eps": 0.0281,
        "epsdiluted": 0.0281,
        "weightedAverageShsOut": 28452309,
        "weightedAverageShsOutDil": 28452309,
        "link": "",
        "finalLink": ""
    },
    {
        "date": "1987-03-31",
        "symbol": "EHC",
        "reportedCurrency": "USD",
        "cik": "0000785161",
        "fillingDate": "1987-03-31",
        "acceptedDate": "1987-03-30 19:00:00",
        "calendarYear": "1987",
        "period": "Q1",
        "revenue": 11300000,
        "costOfRevenue": 0,
        "grossProfit": 11300000,
        "grossProfitRatio": 1,
        "researchAndDevelopmentExpenses": 0,
        "generalAndAdministrativeExpenses": 0,
        "sellingAndMarketingExpenses": 0,
        "sellingGeneralAndAdministrativeExpenses": 0,
        "otherExpenses": 0,
        "operatingExpenses": 0,
        "costAndExpenses": 0,
        "interestIncome": 0,
        "interestExpense": 0,
        "depreciationAndAmortization": 0,
        "ebitda": 11300000,
        "ebitdaratio": 1,
        "operatingIncome": 11300000,
        "operatingIncomeRatio": 1,
        "totalOtherIncomeExpensesNet": -11300000,
        "incomeBeforeTax": 0,
        "incomeBeforeTaxRatio": 0,
        "incomeTaxExpense": -500000,
        "netIncome": 500000,
        "netIncomeRatio": 0.0442477876,
        "eps": 0.0176,
        "epsdiluted": 0.0176,
        "weightedAverageShsOut": 28452309,
        "weightedAverageShsOutDil": 28452309,
        "link": "",
        "finalLink": ""
    },
    {
        "date": "1986-12-31",
        "symbol": "EHC",
        "reportedCurrency": "USD",
        "cik": "0000785161",
        "fillingDate": "1986-12-31",
        "acceptedDate": "1986-12-30 19:00:00",
        "calendarYear": "1986",
        "period": "Q4",
        "revenue": 6900000,
        "costOfRevenue": 0,
        "grossProfit": 6900000,
        "grossProfitRatio": 1,
        "researchAndDevelopmentExpenses": 0,
        "generalAndAdministrativeExpenses": 0,
        "sellingAndMarketingExpenses": 0,
        "sellingGeneralAndAdministrativeExpenses": 0,
        "otherExpenses": -17100000,
        "operatingExpenses": -17100000,
        "costAndExpenses": -17100000,
        "interestIncome": 0,
        "interestExpense": 0,
        "depreciationAndAmortization": 0,
        "ebitda": -10200000,
        "ebitdaratio": -1.4782608696,
        "operatingIncome": -10200000,
        "operatingIncomeRatio": -1.4782608696,
        "totalOtherIncomeExpensesNet": 10200000,
        "incomeBeforeTax": 0,
        "incomeBeforeTaxRatio": 0,
        "incomeTaxExpense": -300000,
        "netIncome": 300000,
        "netIncomeRatio": 0.0434782609,
        "eps": 0.0105,
        "epsdiluted": 0.0105,
        "weightedAverageShsOut": 28452309,
        "weightedAverageShsOutDil": 28452309,
        "link": "",
        "finalLink": ""
    },
    {
        "date": "1986-09-30",
        "symbol": "EHC",
        "reportedCurrency": "USD",
        "cik": "0000785161",
        "fillingDate": "1986-09-30",
        "acceptedDate": "1986-09-29 20:00:00",
        "calendarYear": "1986",
        "period": "Q3",
        "revenue": 5700000,
        "costOfRevenue": 0,
        "grossProfit": 5700000,
        "grossProfitRatio": 1,
        "researchAndDevelopmentExpenses": 0,
        "generalAndAdministrativeExpenses": 0,
        "sellingAndMarketingExpenses": 0,
        "sellingGeneralAndAdministrativeExpenses": 0,
        "otherExpenses": 0,
        "operatingExpenses": 0,
        "costAndExpenses": 0,
        "interestIncome": 0,
        "interestExpense": 0,
        "depreciationAndAmortization": 0,
        "ebitda": 5700000,
        "ebitdaratio": 1,
        "operatingIncome": 5700000,
        "operatingIncomeRatio": 1,
        "totalOtherIncomeExpensesNet": -5700000,
        "incomeBeforeTax": 0,
        "incomeBeforeTaxRatio": 0,
        "incomeTaxExpense": -300000,
        "netIncome": 300000,
        "netIncomeRatio": 0.0526315789,
        "eps": 0.0105,
        "epsdiluted": 0.0105,
        "weightedAverageShsOut": 28452309,
        "weightedAverageShsOutDil": 28452309,
        "link": "",
        "finalLink": ""
    },
    {
        "date": "1986-06-30",
        "symbol": "EHC",
        "reportedCurrency": "USD",
        "cik": "0000785161",
        "fillingDate": "1986-06-30",
        "acceptedDate": "1986-06-29 20:00:00",
        "calendarYear": "1986",
        "period": "Q2",
        "revenue": 3000000,
        "costOfRevenue": 0,
        "grossProfit": 3000000,
        "grossProfitRatio": 1,
        "researchAndDevelopmentExpenses": 0,
        "generalAndAdministrativeExpenses": 0,
        "sellingAndMarketingExpenses": 0,
        "sellingGeneralAndAdministrativeExpenses": 0,
        "otherExpenses": 0,
        "operatingExpenses": 0,
        "costAndExpenses": 0,
        "interestIncome": 0,
        "interestExpense": 0,
        "depreciationAndAmortization": 0,
        "ebitda": 3000000,
        "ebitdaratio": 1,
        "operatingIncome": 3000000,
        "operatingIncomeRatio": 1,
        "totalOtherIncomeExpensesNet": -3000000,
        "incomeBeforeTax": 0,
        "incomeBeforeTaxRatio": 0,
        "incomeTaxExpense": 100000,
        "netIncome": -100000,
        "netIncomeRatio": -0.0333333333,
        "eps": -0.0035,
        "epsdiluted": -0.0035,
        "weightedAverageShsOut": 28452309,
        "weightedAverageShsOutDil": 28452309,
        "link": "",
        "finalLink": ""
    },
    {
        "date": "1986-03-31",
        "symbol": "EHC",
        "reportedCurrency": "USD",
        "cik": "0000785161",
        "fillingDate": "1986-03-31",
        "acceptedDate": "1986-03-30 19:00:00",
        "calendarYear": "1986",
        "period": "Q1",
        "revenue": 3000000,
        "costOfRevenue": 0,
        "grossProfit": 3000000,
        "grossProfitRatio": 1,
        "researchAndDevelopmentExpenses": 0,
        "generalAndAdministrativeExpenses": 0,
        "sellingAndMarketingExpenses": 0,
        "sellingGeneralAndAdministrativeExpenses": 0,
        "otherExpenses": 0,
        "operatingExpenses": 0,
        "costAndExpenses": 0,
        "interestIncome": 0,
        "interestExpense": 0,
        "depreciationAndAmortization": 0,
        "ebitda": 3000000,
        "ebitdaratio": 1,
        "operatingIncome": 3000000,
        "operatingIncomeRatio": 1,
        "totalOtherIncomeExpensesNet": -3000000,
        "incomeBeforeTax": 0,
        "incomeBeforeTaxRatio": 0,
        "incomeTaxExpense": 0,
        "netIncome": 0,
        "netIncomeRatio": 0,
        "eps": 0,
        "epsdiluted": 0,
        "weightedAverageShsOut": 28452309,
        "weightedAverageShsOutDil": 28452309,
        "link": "",
        "finalLink": ""
    },
    {
        "date": "1985-12-31",
        "symbol": "EHC",
        "reportedCurrency": "USD",
        "cik": "0000785161",
        "fillingDate": "1985-12-31",
        "acceptedDate": "1985-12-30 19:00:00",
        "calendarYear": "1985",
        "period": "Q4",
        "revenue": 1200000,
        "costOfRevenue": 0,
        "grossProfit": 1200000,
        "grossProfitRatio": 1,
        "researchAndDevelopmentExpenses": 0,
        "generalAndAdministrativeExpenses": 0,
        "sellingAndMarketingExpenses": 0,
        "sellingGeneralAndAdministrativeExpenses": 0,
        "otherExpenses": -6200000,
        "operatingExpenses": -6200000,
        "costAndExpenses": -6200000,
        "interestIncome": 0,
        "interestExpense": 0,
        "depreciationAndAmortization": 0,
        "ebitda": -5000000,
        "ebitdaratio": -4.1666666667,
        "operatingIncome": -5000000,
        "operatingIncomeRatio": -4.1666666667,
        "totalOtherIncomeExpensesNet": 5000000,
        "incomeBeforeTax": 0,
        "incomeBeforeTaxRatio": 0,
        "incomeTaxExpense": 400000,
        "netIncome": -400000,
        "netIncomeRatio": -0.3333333333,
        "eps": -0.0141,
        "epsdiluted": -0.0141,
        "weightedAverageShsOut": 28452309,
        "weightedAverageShsOutDil": 28452309,
        "link": "",
        "finalLink": ""
    },
    {
        "date": "1985-09-30",
        "symbol": "EHC",
        "reportedCurrency": "USD",
        "cik": "0000785161",
        "fillingDate": "1985-09-30",
        "acceptedDate": "1985-09-29 20:00:00",
        "calendarYear": "1985",
        "period": "Q3",
        "revenue": 1100000,
        "costOfRevenue": 0,
        "grossProfit": 1100000,
        "grossProfitRatio": 1,
        "researchAndDevelopmentExpenses": 0,
        "generalAndAdministrativeExpenses": 0,
        "sellingAndMarketingExpenses": 0,
        "sellingGeneralAndAdministrativeExpenses": 0,
        "otherExpenses": 0,
        "operatingExpenses": 0,
        "costAndExpenses": 0,
        "interestIncome": 0,
        "interestExpense": 0,
        "depreciationAndAmortization": 0,
        "ebitda": 1100000,
        "ebitdaratio": 1,
        "operatingIncome": 1100000,
        "operatingIncomeRatio": 1,
        "totalOtherIncomeExpensesNet": -1100000,
        "incomeBeforeTax": 0,
        "incomeBeforeTaxRatio": 0,
        "incomeTaxExpense": 400000,
        "netIncome": -400000,
        "netIncomeRatio": -0.3636363636,
        "eps": -0.0141,
        "epsdiluted": -0.0141,
        "weightedAverageShsOut": 28452309,
        "weightedAverageShsOutDil": 28452309,
        "link": "",
        "finalLink": ""
    }
]