[
    {
        "date": "2022-06-30",
        "symbol": "ENDP",
        "reportedCurrency": "USD",
        "cik": "0001593034",
        "fillingDate": "2022-08-09",
        "acceptedDate": "2022-08-09 08:54:07",
        "calendarYear": "2022",
        "period": "Q2",
        "revenue": 569114000,
        "costOfRevenue": 263786000,
        "grossProfit": 305328000,
        "grossProfitRatio": 0.5364970814,
        "researchAndDevelopmentExpenses": 29788000,
        "generalAndAdministrativeExpenses": 0,
        "sellingAndMarketingExpenses": 0,
        "sellingGeneralAndAdministrativeExpenses": 180830000,
        "otherExpenses": 0,
        "operatingExpenses": 210618000,
        "costAndExpenses": 474404000,
        "interestIncome": 0,
        "interestExpense": 139784000,
        "depreciationAndAmortization": -146935000,
        "ebitda": -1880883000,
        "ebitdaratio": -3.3049318766,
        "operatingIncome": -1733948000,
        "operatingIncomeRatio": -3.0467498603,
        "totalOtherIncomeExpensesNet": -139784000,
        "incomeBeforeTax": -1873732000,
        "incomeBeforeTaxRatio": -3.2923667314,
        "incomeTaxExpense": 11695000,
        "netIncome": -1885427000,
        "netIncomeRatio": -3.3129162171,
        "eps": -8.02,
        "epsdiluted": -8.02,
        "weightedAverageShsOut": 235117000,
        "weightedAverageShsOutDil": 235117000,
        "link": "https://www.sec.gov/Archives/edgar/data/1593034/000159303422000057/0001593034-22-000057-index.htm",
        "finalLink": "https://www.sec.gov/Archives/edgar/data/1593034/000159303422000057/endp-20220630.htm"
    },
    {
        "date": "2022-03-31",
        "symbol": "ENDP",
        "reportedCurrency": "USD",
        "cik": "0001593034",
        "fillingDate": "2022-05-06",
        "acceptedDate": "2022-05-06 11:07:42",
        "calendarYear": "2022",
        "period": "Q1",
        "revenue": 652259000,
        "costOfRevenue": 273215000,
        "grossProfit": 379044000,
        "grossProfitRatio": 0.5811249826,
        "researchAndDevelopmentExpenses": 36130000,
        "generalAndAdministrativeExpenses": 0,
        "sellingAndMarketingExpenses": 0,
        "sellingGeneralAndAdministrativeExpenses": 227161000,
        "otherExpenses": 0,
        "operatingExpenses": 263291000,
        "costAndExpenses": 536506000,
        "interestIncome": 126000,
        "interestExpense": 135075000,
        "depreciationAndAmortization": 106315000,
        "ebitda": 167601000,
        "ebitdaratio": 0.256954676,
        "operatingIncome": 61286000,
        "operatingIncomeRatio": 0.0939596081,
        "totalOtherIncomeExpensesNet": -128401000,
        "incomeBeforeTax": -67115000,
        "incomeBeforeTaxRatio": -0.1028962421,
        "incomeTaxExpense": -1815000,
        "netIncome": -65300000,
        "netIncomeRatio": -0.1001136052,
        "eps": -0.28,
        "epsdiluted": -0.28,
        "weightedAverageShsOut": 233879000,
        "weightedAverageShsOutDil": 233879000,
        "link": "https://www.sec.gov/Archives/edgar/data/1593034/000159303422000044/0001593034-22-000044-index.htm",
        "finalLink": "https://www.sec.gov/Archives/edgar/data/1593034/000159303422000044/endp-20220331.htm"
    },
    {
        "date": "2021-12-31",
        "symbol": "ENDP",
        "reportedCurrency": "USD",
        "cik": "0001593034",
        "fillingDate": "2022-03-01",
        "acceptedDate": "2022-03-01 11:16:08",
        "calendarYear": "2021",
        "period": "Q4",
        "revenue": 789429000,
        "costOfRevenue": 311223000,
        "grossProfit": 478206000,
        "grossProfitRatio": 0.6057618861,
        "researchAndDevelopmentExpenses": 58536000,
        "generalAndAdministrativeExpenses": 0,
        "sellingAndMarketingExpenses": 0,
        "sellingGeneralAndAdministrativeExpenses": 250103000,
        "otherExpenses": 0,
        "operatingExpenses": 308639000,
        "costAndExpenses": 619862000,
        "interestIncome": 0,
        "interestExpense": 143501000,
        "depreciationAndAmortization": 106643000,
        "ebitda": -297417000,
        "ebitdaratio": -0.376749524,
        "operatingIncome": -404060000,
        "operatingIncomeRatio": -0.5118383034,
        "totalOtherIncomeExpensesNet": -143501000,
        "incomeBeforeTax": -547561000,
        "incomeBeforeTaxRatio": -0.6936165254,
        "incomeTaxExpense": 9106000,
        "netIncome": -556667000,
        "netIncomeRatio": -0.7051514449,
        "eps": -2.38,
        "epsdiluted": -2.38,
        "weightedAverageShsOut": 233681000,
        "weightedAverageShsOutDil": 233681000,
        "link": "https://www.sec.gov/Archives/edgar/data/1593034/000159303422000012/0001593034-22-000012-index.htm",
        "finalLink": "https://www.sec.gov/Archives/edgar/data/1593034/000159303422000012/endp-20211231.htm"
    },
    {
        "date": "2021-09-30",
        "symbol": "ENDP",
        "reportedCurrency": "USD",
        "cik": "0001593034",
        "fillingDate": "2021-11-05",
        "acceptedDate": "2021-11-05 11:42:12",
        "calendarYear": "2021",
        "period": "Q3",
        "revenue": 772028000,
        "costOfRevenue": 286068000,
        "grossProfit": 485960000,
        "grossProfitRatio": 0.6294590352,
        "researchAndDevelopmentExpenses": 25616000,
        "generalAndAdministrativeExpenses": 0,
        "sellingAndMarketingExpenses": 0,
        "sellingGeneralAndAdministrativeExpenses": 246864000,
        "otherExpenses": 0,
        "operatingExpenses": 272480000,
        "costAndExpenses": 558548000,
        "interestIncome": 36000,
        "interestExpense": 142994000,
        "depreciationAndAmortization": 112752000,
        "ebitda": 180087000,
        "ebitdaratio": 0.2332648557,
        "operatingIncome": 213480000,
        "operatingIncomeRatio": 0.2765184682,
        "totalOtherIncomeExpensesNet": -261221000,
        "incomeBeforeTax": -47741000,
        "incomeBeforeTaxRatio": -0.0618384307,
        "incomeTaxExpense": 1548000,
        "netIncome": -77207000,
        "netIncomeRatio": -0.1000054402,
        "eps": -0.33,
        "epsdiluted": -0.33,
        "weightedAverageShsOut": 233578000,
        "weightedAverageShsOutDil": 233578000,
        "link": "https://www.sec.gov/Archives/edgar/data/1593034/000159303421000101/0001593034-21-000101-index.htm",
        "finalLink": "https://www.sec.gov/Archives/edgar/data/1593034/000159303421000101/endp-20210930.htm"
    },
    {
        "date": "2021-06-30",
        "symbol": "ENDP",
        "reportedCurrency": "USD",
        "cik": "0001593034",
        "fillingDate": "2021-08-06",
        "acceptedDate": "2021-08-06 08:59:37",
        "calendarYear": "2021",
        "period": "Q2",
        "revenue": 713830000,
        "costOfRevenue": 318480000,
        "grossProfit": 395350000,
        "grossProfitRatio": 0.5538433521,
        "researchAndDevelopmentExpenses": 34669000,
        "generalAndAdministrativeExpenses": 0,
        "sellingAndMarketingExpenses": 0,
        "sellingGeneralAndAdministrativeExpenses": 177619000,
        "otherExpenses": 0,
        "operatingExpenses": 212288000,
        "costAndExpenses": 530768000,
        "interestIncome": 90000,
        "interestExpense": 141643000,
        "depreciationAndAmortization": 119218000,
        "ebitda": 256461000,
        "ebitdaratio": 0.3592746172,
        "operatingIncome": 183062000,
        "operatingIncomeRatio": 0.2564504154,
        "totalOtherIncomeExpensesNet": -182146000,
        "incomeBeforeTax": 916000,
        "incomeBeforeTaxRatio": 0.0012832187,
        "incomeTaxExpense": 11100000,
        "netIncome": -15500000,
        "netIncomeRatio": -0.0217138534,
        "eps": -0.0664,
        "epsdiluted": -0.0664,
        "weightedAverageShsOut": 233331000,
        "weightedAverageShsOutDil": 233331000,
        "link": "https://www.sec.gov/Archives/edgar/data/1593034/000159303421000089/0001593034-21-000089-index.htm",
        "finalLink": "https://www.sec.gov/Archives/edgar/data/1593034/000159303421000089/endp-20210630.htm"
    },
    {
        "date": "2021-03-31",
        "symbol": "ENDP",
        "reportedCurrency": "USD",
        "cik": "0001593034",
        "fillingDate": "2021-05-07",
        "acceptedDate": "2021-05-07 10:21:59",
        "calendarYear": "2021",
        "period": "Q1",
        "revenue": 717919000,
        "costOfRevenue": 305293000,
        "grossProfit": 412626000,
        "grossProfitRatio": 0.5747528621,
        "researchAndDevelopmentExpenses": 29739000,
        "generalAndAdministrativeExpenses": 0,
        "sellingAndMarketingExpenses": 0,
        "sellingGeneralAndAdministrativeExpenses": 187174000,
        "otherExpenses": 0,
        "operatingExpenses": 216913000,
        "costAndExpenses": 522206000,
        "interestIncome": 356000,
        "interestExpense": 134697000,
        "depreciationAndAmortization": 118485000,
        "ebitda": 295430000,
        "ebitdaratio": 0.4115088192,
        "operatingIncome": 195713000,
        "operatingIncomeRatio": 0.2726115342,
        "totalOtherIncomeExpensesNet": -147930000,
        "incomeBeforeTax": 47783000,
        "incomeBeforeTaxRatio": 0.0665576479,
        "incomeTaxExpense": 724000,
        "netIncome": 41524000,
        "netIncomeRatio": 0.0578393941,
        "eps": 0.18,
        "epsdiluted": 0.17,
        "weightedAverageShsOut": 230551000,
        "weightedAverageShsOutDil": 238671000,
        "link": "https://www.sec.gov/Archives/edgar/data/1593034/000159303421000063/0001593034-21-000063-index.htm",
        "finalLink": "https://www.sec.gov/Archives/edgar/data/1593034/000159303421000063/endp-20210331.htm"
    },
    {
        "date": "2020-12-31",
        "symbol": "ENDP",
        "reportedCurrency": "USD",
        "cik": "0001593034",
        "fillingDate": "2021-02-26",
        "acceptedDate": "2021-02-26 10:54:38",
        "calendarYear": "2020",
        "period": "Q4",
        "revenue": 760221000,
        "costOfRevenue": 369539000,
        "grossProfit": 390682000,
        "grossProfitRatio": 0.5139058248,
        "researchAndDevelopmentExpenses": 64737000,
        "generalAndAdministrativeExpenses": 176221000,
        "sellingAndMarketingExpenses": 0,
        "sellingGeneralAndAdministrativeExpenses": 176221000,
        "otherExpenses": 0,
        "operatingExpenses": 240958000,
        "costAndExpenses": 610497000,
        "interestIncome": 95000,
        "interestExpense": 135345000,
        "depreciationAndAmortization": 127344000,
        "ebitda": 232566000,
        "ebitdaratio": 0.3059189367,
        "operatingIncome": 149724000,
        "operatingIncomeRatio": 0.1969479928,
        "totalOtherIncomeExpensesNet": -157943000,
        "incomeBeforeTax": -8219000,
        "incomeBeforeTaxRatio": -0.0108113299,
        "incomeTaxExpense": -149466000,
        "netIncome": 119343000,
        "netIncomeRatio": 0.1569846137,
        "eps": 0.52,
        "epsdiluted": 0.52,
        "weightedAverageShsOut": 230040000,
        "weightedAverageShsOutDil": 230040000,
        "link": "https://www.sec.gov/Archives/edgar/data/1593034/000159303421000012/0001593034-21-000012-index.htm",
        "finalLink": "https://www.sec.gov/Archives/edgar/data/1593034/000159303421000012/endp-20201231.htm"
    },
    {
        "date": "2020-09-30",
        "symbol": "ENDP",
        "reportedCurrency": "USD",
        "cik": "0001593034",
        "fillingDate": "2020-11-06",
        "acceptedDate": "2020-11-06 10:22:48",
        "calendarYear": "2020",
        "period": "Q3",
        "revenue": 634860000,
        "costOfRevenue": 348077000,
        "grossProfit": 286783000,
        "grossProfitRatio": 0.4517263649,
        "researchAndDevelopmentExpenses": 32055000,
        "generalAndAdministrativeExpenses": 0,
        "sellingAndMarketingExpenses": 0,
        "sellingGeneralAndAdministrativeExpenses": 182259000,
        "otherExpenses": 0,
        "operatingExpenses": 214314000,
        "costAndExpenses": 562391000,
        "interestIncome": 181000,
        "interestExpense": 135829000,
        "depreciationAndAmortization": 127265000,
        "ebitda": 191381000,
        "ebitdaratio": 0.3014538638,
        "operatingIncome": 72469000,
        "operatingIncomeRatio": 0.1141495763,
        "totalOtherIncomeExpensesNet": -137269000,
        "incomeBeforeTax": -64800000,
        "incomeBeforeTaxRatio": -0.1020697477,
        "incomeTaxExpense": 4174000,
        "netIncome": -75887000,
        "netIncomeRatio": -0.1195334404,
        "eps": -0.33,
        "epsdiluted": -0.33,
        "weightedAverageShsOut": 230040000,
        "weightedAverageShsOutDil": 230040000,
        "link": "https://www.sec.gov/Archives/edgar/data/1593034/000159303420000090/0001593034-20-000090-index.htm",
        "finalLink": "https://www.sec.gov/Archives/edgar/data/1593034/000159303420000090/endp-20200930.htm"
    },
    {
        "date": "2020-06-30",
        "symbol": "ENDP",
        "reportedCurrency": "USD",
        "cik": "0001593034",
        "fillingDate": "2020-08-06",
        "acceptedDate": "2020-08-06 14:05:03",
        "calendarYear": "2020",
        "period": "Q2",
        "revenue": 687588000,
        "costOfRevenue": 336096000,
        "grossProfit": 351492000,
        "grossProfitRatio": 0.5111956579,
        "researchAndDevelopmentExpenses": 30495000,
        "generalAndAdministrativeExpenses": 173258000,
        "sellingAndMarketingExpenses": 0,
        "sellingGeneralAndAdministrativeExpenses": 173258000,
        "otherExpenses": 0,
        "operatingExpenses": 203753000,
        "costAndExpenses": 539849000,
        "interestIncome": 398000,
        "interestExpense": 129562000,
        "depreciationAndAmortization": 122610000,
        "ebitda": 17610000,
        "ebitdaratio": 0.0256112672,
        "operatingIncome": 18575000,
        "operatingIncomeRatio": 0.0270147239,
        "totalOtherIncomeExpensesNet": 6677000,
        "incomeBeforeTax": 25252000,
        "incomeBeforeTaxRatio": 0.036725481,
        "incomeTaxExpense": 7642000,
        "netIncome": 10558000,
        "netIncomeRatio": 0.0153551255,
        "eps": 0.046,
        "epsdiluted": 0.0452,
        "weightedAverageShsOut": 229716000,
        "weightedAverageShsOutDil": 233681000,
        "link": "https://www.sec.gov/Archives/edgar/data/1593034/000159303420000071/0001593034-20-000071-index.htm",
        "finalLink": "https://www.sec.gov/Archives/edgar/data/1593034/000159303420000071/endp-20200630.htm"
    },
    {
        "date": "2020-03-31",
        "symbol": "ENDP",
        "reportedCurrency": "USD",
        "cik": "0001593034",
        "fillingDate": "2020-05-07",
        "acceptedDate": "2020-05-07 10:49:02",
        "calendarYear": "2020",
        "period": "Q1",
        "revenue": 820405000,
        "costOfRevenue": 388799000,
        "grossProfit": 431606000,
        "grossProfitRatio": 0.5260889439,
        "researchAndDevelopmentExpenses": 31615000,
        "generalAndAdministrativeExpenses": 166768000,
        "sellingAndMarketingExpenses": 0,
        "sellingGeneralAndAdministrativeExpenses": 166768000,
        "otherExpenses": 0,
        "operatingExpenses": 198383000,
        "costAndExpenses": 587182000,
        "interestIncome": 3496000,
        "interestExpense": 136373000,
        "depreciationAndAmortization": 141588000,
        "ebitda": 271559000,
        "ebitdaratio": 0.3310060275,
        "operatingIncome": 233223000,
        "operatingIncomeRatio": 0.2842778871,
        "totalOtherIncomeExpensesNet": -211974000,
        "incomeBeforeTax": 21249000,
        "incomeBeforeTaxRatio": 0.0259006223,
        "incomeTaxExpense": -136332000,
        "netIncome": 129930000,
        "netIncomeRatio": 0.1583729987,
        "eps": 0.57,
        "epsdiluted": 0.56,
        "weightedAverageShsOut": 227198000,
        "weightedAverageShsOutDil": 233014000,
        "link": "https://www.sec.gov/Archives/edgar/data/1593034/000159303420000047/0001593034-20-000047-index.htm",
        "finalLink": "https://www.sec.gov/Archives/edgar/data/1593034/000159303420000047/endp-03312020x10q.htm"
    },
    {
        "date": "2019-12-31",
        "symbol": "ENDP",
        "reportedCurrency": "USD",
        "cik": "0001593034",
        "fillingDate": "2020-02-26",
        "acceptedDate": "2020-02-26 11:23:23",
        "calendarYear": "2019",
        "period": "Q4",
        "revenue": 764800000,
        "costOfRevenue": 400056000,
        "grossProfit": 364744000,
        "grossProfitRatio": 0.4769142259,
        "researchAndDevelopmentExpenses": 34379000,
        "generalAndAdministrativeExpenses": 160671000,
        "sellingAndMarketingExpenses": 0,
        "sellingGeneralAndAdministrativeExpenses": 160671000,
        "otherExpenses": 0,
        "operatingExpenses": 195050000,
        "costAndExpenses": 595106000,
        "interestIncome": 4371000,
        "interestExpense": 138718000,
        "depreciationAndAmortization": 144453000,
        "ebitda": 48476000,
        "ebitdaratio": 0.0633838912,
        "operatingIncome": 169694000,
        "operatingIncomeRatio": 0.2218802301,
        "totalOtherIncomeExpensesNet": -394235000,
        "incomeBeforeTax": -224541000,
        "incomeBeforeTaxRatio": -0.2935944038,
        "incomeTaxExpense": -16052000,
        "netIncome": -218643000,
        "netIncomeRatio": -0.2858825837,
        "eps": -0.96,
        "epsdiluted": -0.96,
        "weightedAverageShsOut": 226787000,
        "weightedAverageShsOutDil": 226787000,
        "link": "https://www.sec.gov/Archives/edgar/data/1593034/000159303420000019/0001593034-20-000019-index.htm",
        "finalLink": "https://www.sec.gov/Archives/edgar/data/1593034/000159303420000019/endp-12312019x10k.htm"
    },
    {
        "date": "2019-09-30",
        "symbol": "ENDP",
        "reportedCurrency": "USD",
        "cik": "0001593034",
        "fillingDate": "2019-11-04",
        "acceptedDate": "2019-11-04 17:21:50",
        "calendarYear": "2019",
        "period": "Q3",
        "revenue": 729426000,
        "costOfRevenue": 389165000,
        "grossProfit": 340261000,
        "grossProfitRatio": 0.466477751,
        "researchAndDevelopmentExpenses": 36519000,
        "generalAndAdministrativeExpenses": 168329000,
        "sellingAndMarketingExpenses": 0,
        "sellingGeneralAndAdministrativeExpenses": 168329000,
        "otherExpenses": 0,
        "operatingExpenses": 204848000,
        "costAndExpenses": 594013000,
        "interestIncome": 6110000,
        "interestExpense": 143013000,
        "depreciationAndAmortization": 147621000,
        "ebitda": 228580000,
        "ebitdaratio": 0.3133696907,
        "operatingIncome": 135413000,
        "operatingIncomeRatio": 0.1856432318,
        "totalOtherIncomeExpensesNet": -159483000,
        "incomeBeforeTax": -24070000,
        "incomeBeforeTaxRatio": -0.0329985495,
        "incomeTaxExpense": 17361000,
        "netIncome": -79415000,
        "netIncomeRatio": -0.1088732784,
        "eps": -0.35,
        "epsdiluted": -0.35,
        "weightedAverageShsOut": 226598000,
        "weightedAverageShsOutDil": 226598000,
        "link": "https://www.sec.gov/Archives/edgar/data/1593034/000159303419000050/0001593034-19-000050-index.htm",
        "finalLink": "https://www.sec.gov/Archives/edgar/data/1593034/000159303419000050/endp-9302019x10q.htm"
    },
    {
        "date": "2019-06-30",
        "symbol": "ENDP",
        "reportedCurrency": "USD",
        "cik": "0001593034",
        "fillingDate": "2019-08-05",
        "acceptedDate": "2019-08-05 17:00:51",
        "calendarYear": "2019",
        "period": "Q2",
        "revenue": 699727000,
        "costOfRevenue": 388208000,
        "grossProfit": 311519000,
        "grossProfitRatio": 0.4452007712,
        "researchAndDevelopmentExpenses": 26348000,
        "generalAndAdministrativeExpenses": 152297000,
        "sellingAndMarketingExpenses": 0,
        "sellingGeneralAndAdministrativeExpenses": 152297000,
        "otherExpenses": 0,
        "operatingExpenses": 178645000,
        "costAndExpenses": 566853000,
        "interestIncome": 5034000,
        "interestExpense": 139843000,
        "depreciationAndAmortization": 158055000,
        "ebitda": 195361000,
        "ebitdaratio": 0.2791960293,
        "operatingIncome": 132874000,
        "operatingIncomeRatio": 0.1898940587,
        "totalOtherIncomeExpensesNet": -227458000,
        "incomeBeforeTax": -94584000,
        "incomeBeforeTaxRatio": -0.1351727174,
        "incomeTaxExpense": 3468000,
        "netIncome": -106005000,
        "netIncomeRatio": -0.1514947973,
        "eps": -0.47,
        "epsdiluted": -0.47,
        "weightedAverageShsOut": 226221000,
        "weightedAverageShsOutDil": 226221000,
        "link": "https://www.sec.gov/Archives/edgar/data/1593034/000159303419000029/0001593034-19-000029-index.htm",
        "finalLink": "https://www.sec.gov/Archives/edgar/data/1593034/000159303419000029/endp-6302019x10q.htm"
    },
    {
        "date": "2019-03-31",
        "symbol": "ENDP",
        "reportedCurrency": "USD",
        "cik": "0001593034",
        "fillingDate": "2019-05-09",
        "acceptedDate": "2019-05-09 09:48:12",
        "calendarYear": "2019",
        "period": "Q1",
        "revenue": 720411000,
        "costOfRevenue": 391909000,
        "grossProfit": 328502000,
        "grossProfitRatio": 0.4559924821,
        "researchAndDevelopmentExpenses": 33486000,
        "generalAndAdministrativeExpenses": 151123000,
        "sellingAndMarketingExpenses": 0,
        "sellingGeneralAndAdministrativeExpenses": 151123000,
        "otherExpenses": 0,
        "operatingExpenses": 184609000,
        "costAndExpenses": 576518000,
        "interestIncome": 4431000,
        "interestExpense": 137106000,
        "depreciationAndAmortization": 162733000,
        "ebitda": 292169000,
        "ebitdaratio": 0.4055587713,
        "operatingIncome": 143893000,
        "operatingIncomeRatio": 0.1997373721,
        "totalOtherIncomeExpensesNet": -145602000,
        "incomeBeforeTax": -1709000,
        "incomeBeforeTaxRatio": -0.0023722569,
        "incomeTaxExpense": 10903000,
        "netIncome": -18573000,
        "netIncomeRatio": -0.0257811166,
        "eps": -0.0827,
        "epsdiluted": -0.0827,
        "weightedAverageShsOut": 224594000,
        "weightedAverageShsOutDil": 224594000,
        "link": "https://www.sec.gov/Archives/edgar/data/1593034/000159303419000016/0001593034-19-000016-index.htm",
        "finalLink": "https://www.sec.gov/Archives/edgar/data/1593034/000159303419000016/endp-3312019x10q.htm"
    },
    {
        "date": "2018-12-31",
        "symbol": "ENDP",
        "reportedCurrency": "USD",
        "cik": "0001593034",
        "fillingDate": "2019-02-28",
        "acceptedDate": "2019-02-28 14:20:23",
        "calendarYear": "2018",
        "period": "Q4",
        "revenue": 786389000,
        "costOfRevenue": 433214000,
        "grossProfit": 353175000,
        "grossProfitRatio": 0.4491097917,
        "researchAndDevelopmentExpenses": 25395000,
        "generalAndAdministrativeExpenses": 167422000,
        "sellingAndMarketingExpenses": 0,
        "sellingGeneralAndAdministrativeExpenses": 167422000,
        "otherExpenses": 0,
        "operatingExpenses": 192817000,
        "costAndExpenses": 626031000,
        "interestIncome": 3409000,
        "interestExpense": 139169000,
        "depreciationAndAmortization": 167204000,
        "ebitda": 12671000,
        "ebitdaratio": 0.0161128907,
        "operatingIncome": -150250000,
        "operatingIncomeRatio": -0.1910632015,
        "totalOtherIncomeExpensesNet": -117023000,
        "incomeBeforeTax": -267273000,
        "incomeBeforeTaxRatio": -0.3398737775,
        "incomeTaxExpense": -1794000,
        "netIncome": -291908000,
        "netIncomeRatio": -0.3712005127,
        "eps": -1.3,
        "epsdiluted": -1.3,
        "weightedAverageShsOut": 224353000,
        "weightedAverageShsOutDil": 224353000,
        "link": "https://www.sec.gov/Archives/edgar/data/1593034/000159303419000009/0001593034-19-000009-index.htm",
        "finalLink": "https://www.sec.gov/Archives/edgar/data/1593034/000159303419000009/endp-12312018x10k.htm"
    },
    {
        "date": "2018-09-30",
        "symbol": "ENDP",
        "reportedCurrency": "USD",
        "cik": "0001593034",
        "fillingDate": "2018-11-08",
        "acceptedDate": "2018-11-08 09:59:48",
        "calendarYear": "2018",
        "period": "Q3",
        "revenue": 745466000,
        "costOfRevenue": 412965000,
        "grossProfit": 332501000,
        "grossProfitRatio": 0.4460310732,
        "researchAndDevelopmentExpenses": 39683000,
        "generalAndAdministrativeExpenses": 163791000,
        "sellingAndMarketingExpenses": 0,
        "sellingGeneralAndAdministrativeExpenses": 163791000,
        "otherExpenses": 0,
        "operatingExpenses": 203474000,
        "costAndExpenses": 616439000,
        "interestIncome": 2982000,
        "interestExpense": 134829000,
        "depreciationAndAmortization": 176857000,
        "ebitda": 141484000,
        "ebitdaratio": 0.1897926934,
        "operatingIncome": -12728000,
        "operatingIncomeRatio": -0.017073884,
        "totalOtherIncomeExpensesNet": -130340000,
        "incomeBeforeTax": -143068000,
        "incomeBeforeTaxRatio": -0.1919175388,
        "incomeTaxExpense": 3003000,
        "netIncome": -173205000,
        "netIncomeRatio": -0.2323446006,
        "eps": -0.77,
        "epsdiluted": -0.77,
        "weightedAverageShsOut": 224132000,
        "weightedAverageShsOutDil": 224132000,
        "link": "https://www.sec.gov/Archives/edgar/data/1593034/000159303418000036/0001593034-18-000036-index.htm",
        "finalLink": "https://www.sec.gov/Archives/edgar/data/1593034/000159303418000036/endp-9302018x10q.htm"
    },
    {
        "date": "2018-06-30",
        "symbol": "ENDP",
        "reportedCurrency": "USD",
        "cik": "0001593034",
        "fillingDate": "2018-08-08",
        "acceptedDate": "2018-08-08 13:30:59",
        "calendarYear": "2018",
        "period": "Q2",
        "revenue": 714696000,
        "costOfRevenue": 381905000,
        "grossProfit": 332791000,
        "grossProfitRatio": 0.4656399364,
        "researchAndDevelopmentExpenses": 82102000,
        "generalAndAdministrativeExpenses": 148157000,
        "sellingAndMarketingExpenses": 0,
        "sellingGeneralAndAdministrativeExpenses": 148157000,
        "otherExpenses": 0,
        "operatingExpenses": 230259000,
        "costAndExpenses": 612164000,
        "interestIncome": 3280000,
        "interestExpense": 133339000,
        "depreciationAndAmortization": 188056000,
        "ebitda": 266763000,
        "ebitdaratio": 0.373253803,
        "operatingIncome": 54984000,
        "operatingIncomeRatio": 0.0769334094,
        "totalOtherIncomeExpensesNet": -101228000,
        "incomeBeforeTax": -46244000,
        "incomeBeforeTaxRatio": -0.0647044338,
        "incomeTaxExpense": 6235000,
        "netIncome": -60867000,
        "netIncomeRatio": -0.0851648813,
        "eps": -0.27,
        "epsdiluted": -0.27,
        "weightedAverageShsOut": 223834000,
        "weightedAverageShsOutDil": 223834000,
        "link": "https://www.sec.gov/Archives/edgar/data/1593034/000159303418000030/0001593034-18-000030-index.htm",
        "finalLink": "https://www.sec.gov/Archives/edgar/data/1593034/000159303418000030/endp-6302018x10q.htm"
    },
    {
        "date": "2018-03-31",
        "symbol": "ENDP",
        "reportedCurrency": "USD",
        "cik": "0001593034",
        "fillingDate": "2018-05-08",
        "acceptedDate": "2018-05-08 11:21:42",
        "calendarYear": "2018",
        "period": "Q1",
        "revenue": 700527000,
        "costOfRevenue": 403598000,
        "grossProfit": 296929000,
        "grossProfitRatio": 0.4238651758,
        "researchAndDevelopmentExpenses": 38646000,
        "generalAndAdministrativeExpenses": 166667000,
        "sellingAndMarketingExpenses": 0,
        "sellingGeneralAndAdministrativeExpenses": 166667000,
        "otherExpenses": 0,
        "operatingExpenses": 205313000,
        "costAndExpenses": 608911000,
        "interestIncome": 3523000,
        "interestExpense": 127513000,
        "depreciationAndAmortization": 191590000,
        "ebitda": -170895000,
        "ebitdaratio": -0.2439520532,
        "operatingIncome": -361135000,
        "operatingIncomeRatio": -0.5155190307,
        "totalOtherIncomeExpensesNet": -121112000,
        "incomeBeforeTax": -482247000,
        "incomeBeforeTaxRatio": -0.6884060143,
        "incomeTaxExpense": 15491000,
        "netIncome": -505489000,
        "netIncomeRatio": -0.7215838933,
        "eps": -2.26,
        "epsdiluted": -2.26,
        "weightedAverageShsOut": 223521000,
        "weightedAverageShsOutDil": 223521000,
        "link": "https://www.sec.gov/Archives/edgar/data/1593034/000159303418000022/0001593034-18-000022-index.htm",
        "finalLink": "https://www.sec.gov/Archives/edgar/data/1593034/000159303418000022/endp-3312018x10q.htm"
    },
    {
        "date": "2017-12-31",
        "symbol": "ENDP",
        "reportedCurrency": "USD",
        "cik": "0001593034",
        "fillingDate": "2018-02-27",
        "acceptedDate": "2018-02-27 13:31:13",
        "calendarYear": "2017",
        "period": "Q4",
        "revenue": 768640000,
        "costOfRevenue": 505645000,
        "grossProfit": 262995000,
        "grossProfitRatio": 0.342156276,
        "researchAndDevelopmentExpenses": 48545000,
        "generalAndAdministrativeExpenses": 161199000,
        "sellingAndMarketingExpenses": 0,
        "sellingGeneralAndAdministrativeExpenses": 161199000,
        "otherExpenses": 0,
        "operatingExpenses": 209744000,
        "costAndExpenses": 715389000,
        "interestIncome": 2254000,
        "interestExpense": 129215000,
        "depreciationAndAmortization": 240829000,
        "ebitda": -151149000,
        "ebitdaratio": -0.1966447231,
        "operatingIncome": -303576000,
        "operatingIncomeRatio": -0.3949521232,
        "totalOtherIncomeExpensesNet": -120781000,
        "incomeBeforeTax": -424357000,
        "incomeBeforeTaxRatio": -0.5520881037,
        "incomeTaxExpense": -152776000,
        "netIncome": -368417000,
        "netIncomeRatio": -0.4793102102,
        "eps": -1.65,
        "epsdiluted": -1.65,
        "weightedAverageShsOut": 223322000,
        "weightedAverageShsOutDil": 223322000,
        "link": "https://www.sec.gov/Archives/edgar/data/1593034/000159303418000010/0001593034-18-000010-index.htm",
        "finalLink": "https://www.sec.gov/Archives/edgar/data/1593034/000159303418000010/endp-12312017x10k.htm"
    },
    {
        "date": "2017-09-30",
        "symbol": "ENDP",
        "reportedCurrency": "USD",
        "cik": "0001593034",
        "fillingDate": "2017-11-09",
        "acceptedDate": "2017-11-09 16:12:37",
        "calendarYear": "2017",
        "period": "Q3",
        "revenue": 786887000,
        "costOfRevenue": 514522000,
        "grossProfit": 272365000,
        "grossProfitRatio": 0.3461297493,
        "researchAndDevelopmentExpenses": 39644000,
        "generalAndAdministrativeExpenses": 135880000,
        "sellingAndMarketingExpenses": 0,
        "sellingGeneralAndAdministrativeExpenses": 135880000,
        "otherExpenses": 0,
        "operatingExpenses": 175524000,
        "costAndExpenses": 690046000,
        "interestIncome": 1151000,
        "interestExpense": 128672000,
        "depreciationAndAmortization": 243280000,
        "ebitda": 247173000,
        "ebitdaratio": 0.3141149873,
        "operatingIncome": -2372000,
        "operatingIncomeRatio": -0.0030144099,
        "totalOtherIncomeExpensesNet": -125424000,
        "incomeBeforeTax": -127796000,
        "incomeBeforeTaxRatio": -0.1624070546,
        "incomeTaxExpense": -28109000,
        "netIncome": -96670000,
        "netIncomeRatio": -0.1228511845,
        "eps": -0.43,
        "epsdiluted": -0.43,
        "weightedAverageShsOut": 223299000,
        "weightedAverageShsOutDil": 223299000,
        "link": "https://www.sec.gov/Archives/edgar/data/1593034/000159303417000053/0001593034-17-000053-index.htm",
        "finalLink": "https://www.sec.gov/Archives/edgar/data/1593034/000159303417000053/endp-9302017x10q.htm"
    },
    {
        "date": "2017-06-30",
        "symbol": "ENDP",
        "reportedCurrency": "USD",
        "cik": "0001593034",
        "fillingDate": "2017-08-08",
        "acceptedDate": "2017-08-08 13:21:52",
        "calendarYear": "2017",
        "period": "Q2",
        "revenue": 875731000,
        "costOfRevenue": 539401000,
        "grossProfit": 336330000,
        "grossProfitRatio": 0.3840562913,
        "researchAndDevelopmentExpenses": 40869000,
        "generalAndAdministrativeExpenses": 155555000,
        "sellingAndMarketingExpenses": 0,
        "sellingGeneralAndAdministrativeExpenses": 155555000,
        "otherExpenses": 0,
        "operatingExpenses": 196424000,
        "costAndExpenses": 735825000,
        "interestIncome": 1607000,
        "interestExpense": 123354000,
        "depreciationAndAmortization": 212801000,
        "ebitda": -586728000,
        "ebitdaratio": -0.6699865598,
        "operatingIncome": -586728000,
        "operatingIncomeRatio": -0.6699865598,
        "totalOtherIncomeExpensesNet": -166772000,
        "incomeBeforeTax": -753500000,
        "incomeBeforeTaxRatio": -0.8604240343,
        "incomeTaxExpense": -57480000,
        "netIncome": -1396518000,
        "netIncomeRatio": -1.5946883232,
        "eps": -6.26,
        "epsdiluted": -6.26,
        "weightedAverageShsOut": 223158000,
        "weightedAverageShsOutDil": 223158000,
        "link": "https://www.sec.gov/Archives/edgar/data/1593034/000159303417000039/0001593034-17-000039-index.htm",
        "finalLink": "https://www.sec.gov/Archives/edgar/data/1593034/000159303417000039/endp-6302017x10q.htm"
    },
    {
        "date": "2017-03-31",
        "symbol": "ENDP",
        "reportedCurrency": "USD",
        "cik": "0001593034",
        "fillingDate": "2017-05-09",
        "acceptedDate": "2017-05-09 13:45:09",
        "calendarYear": "2017",
        "period": "Q1",
        "revenue": 1037600000,
        "costOfRevenue": 668962000,
        "grossProfit": 368638000,
        "grossProfitRatio": 0.3552794911,
        "researchAndDevelopmentExpenses": 43009000,
        "generalAndAdministrativeExpenses": 177240000,
        "sellingAndMarketingExpenses": 0,
        "sellingGeneralAndAdministrativeExpenses": 177240000,
        "otherExpenses": 0,
        "operatingExpenses": 220249000,
        "costAndExpenses": 889211000,
        "interestIncome": 1454000,
        "interestExpense": 113453000,
        "depreciationAndAmortization": 286855000,
        "ebitda": 214552000,
        "ebitdaratio": 0.2067771781,
        "operatingIncome": -67389000,
        "operatingIncomeRatio": -0.0649469931,
        "totalOtherIncomeExpensesNet": -109962000,
        "incomeBeforeTax": -177351000,
        "incomeBeforeTaxRatio": -0.1709242483,
        "incomeTaxExpense": -11928000,
        "netIncome": -173828000,
        "netIncomeRatio": -0.1675289129,
        "eps": -0.78,
        "epsdiluted": -0.78,
        "weightedAverageShsOut": 223014000,
        "weightedAverageShsOutDil": 223014000,
        "link": "https://www.sec.gov/Archives/edgar/data/1593034/000159303417000020/0001593034-17-000020-index.htm",
        "finalLink": "https://www.sec.gov/Archives/edgar/data/1593034/000159303417000020/endp-3312017x10q.htm"
    },
    {
        "date": "2016-12-31",
        "symbol": "ENDP",
        "reportedCurrency": "USD",
        "cik": "0001593034",
        "fillingDate": "2017-03-01",
        "acceptedDate": "2017-03-01 14:19:13",
        "calendarYear": "2016",
        "period": "Q4",
        "revenue": 1241513000,
        "costOfRevenue": 756578000,
        "grossProfit": 484935000,
        "grossProfitRatio": 0.3906000179,
        "researchAndDevelopmentExpenses": 46206000,
        "generalAndAdministrativeExpenses": 212568000,
        "sellingAndMarketingExpenses": 0,
        "sellingGeneralAndAdministrativeExpenses": 212568000,
        "otherExpenses": 0,
        "operatingExpenses": 258774000,
        "costAndExpenses": 1015352000,
        "interestIncome": 958000,
        "interestExpense": 112741000,
        "depreciationAndAmortization": 266977000,
        "ebitda": -3030415000,
        "ebitdaratio": -2.440904767,
        "operatingIncome": -3294559000,
        "operatingIncomeRatio": -2.6536645206,
        "totalOtherIncomeExpensesNet": -111043000,
        "incomeBeforeTax": -3405602000,
        "incomeBeforeTaxRatio": -2.7431061938,
        "incomeTaxExpense": -72277000,
        "netIncome": -3337856000,
        "netIncomeRatio": -2.6885389037,
        "eps": -14.98,
        "epsdiluted": -14.98,
        "weightedAverageShsOut": 222870000,
        "weightedAverageShsOutDil": 222870000,
        "link": "https://www.sec.gov/Archives/edgar/data/1593034/000159303417000009/0001593034-17-000009-index.htm",
        "finalLink": "https://www.sec.gov/Archives/edgar/data/1593034/000159303417000009/endp-12312016x10k.htm"
    },
    {
        "date": "2016-09-30",
        "symbol": "ENDP",
        "reportedCurrency": "USD",
        "cik": "0001593034",
        "fillingDate": "2016-11-08",
        "acceptedDate": "2016-11-08 12:13:35",
        "calendarYear": "2016",
        "period": "Q3",
        "revenue": 884335000,
        "costOfRevenue": 557472000,
        "grossProfit": 326863000,
        "grossProfitRatio": 0.3696144561,
        "researchAndDevelopmentExpenses": 44885000,
        "generalAndAdministrativeExpenses": 186735000,
        "sellingAndMarketingExpenses": 0,
        "sellingGeneralAndAdministrativeExpenses": 186735000,
        "otherExpenses": 0,
        "operatingExpenses": 231620000,
        "costAndExpenses": 789092000,
        "interestIncome": 904000,
        "interestExpense": 113088000,
        "depreciationAndAmortization": 239421000,
        "ebitda": 179775000,
        "ebitdaratio": 0.2032883466,
        "operatingIncome": -35993000,
        "operatingIncomeRatio": -0.0407006395,
        "totalOtherIncomeExpensesNet": -109318000,
        "incomeBeforeTax": -145311000,
        "incomeBeforeTaxRatio": -0.1643166899,
        "incomeTaxExpense": 46185000,
        "netIncome": -218919000,
        "netIncomeRatio": -0.2475521154,
        "eps": -0.98,
        "epsdiluted": -0.98,
        "weightedAverageShsOut": 222767000,
        "weightedAverageShsOutDil": 222767000,
        "link": "https://www.sec.gov/Archives/edgar/data/1593034/000159303416000082/0001593034-16-000082-index.htm",
        "finalLink": "https://www.sec.gov/Archives/edgar/data/1593034/000159303416000082/endp-9302016x10q.htm"
    },
    {
        "date": "2016-06-30",
        "symbol": "ENDP",
        "reportedCurrency": "USD",
        "cik": "0001593034",
        "fillingDate": "2016-08-09",
        "acceptedDate": "2016-08-09 11:21:27",
        "calendarYear": "2016",
        "period": "Q2",
        "revenue": 920887000,
        "costOfRevenue": 632218000,
        "grossProfit": 288669000,
        "grossProfitRatio": 0.3134684277,
        "researchAndDevelopmentExpenses": 50589000,
        "generalAndAdministrativeExpenses": 193070000,
        "sellingAndMarketingExpenses": 0,
        "sellingGeneralAndAdministrativeExpenses": 193070000,
        "otherExpenses": 0,
        "operatingExpenses": 243659000,
        "costAndExpenses": 875877000,
        "interestIncome": 1178000,
        "interestExpense": 113097000,
        "depreciationAndAmortization": 240822000,
        "ebitda": 142220000,
        "ebitdaratio": 0.1544380581,
        "operatingIncome": -48371000,
        "operatingIncomeRatio": -0.0525265315,
        "totalOtherIncomeExpensesNet": -117094000,
        "incomeBeforeTax": -165465000,
        "incomeBeforeTaxRatio": -0.1796800259,
        "incomeTaxExpense": -555277000,
        "netIncome": 343578000,
        "netIncomeRatio": 0.3730946359,
        "eps": 1.54,
        "epsdiluted": 1.54,
        "weightedAverageShsOut": 222667000,
        "weightedAverageShsOutDil": 222863000,
        "link": "https://www.sec.gov/Archives/edgar/data/1593034/000159303416000071/0001593034-16-000071-index.htm",
        "finalLink": "https://www.sec.gov/Archives/edgar/data/1593034/000159303416000071/endp-6302016x10q.htm"
    },
    {
        "date": "2016-03-31",
        "symbol": "ENDP",
        "reportedCurrency": "USD",
        "cik": "0001593034",
        "fillingDate": "2016-05-06",
        "acceptedDate": "2016-05-06 16:25:03",
        "calendarYear": "2016",
        "period": "Q1",
        "revenue": 963539000,
        "costOfRevenue": 688705000,
        "grossProfit": 274834000,
        "grossProfitRatio": 0.2852339137,
        "researchAndDevelopmentExpenses": 41692000,
        "generalAndAdministrativeExpenses": 178355000,
        "sellingAndMarketingExpenses": 0,
        "sellingGeneralAndAdministrativeExpenses": 178355000,
        "otherExpenses": 0,
        "operatingExpenses": 220047000,
        "costAndExpenses": 908752000,
        "interestIncome": 677000,
        "interestExpense": 117470000,
        "depreciationAndAmortization": 236089000,
        "ebitda": 100975000,
        "ebitdaratio": 0.1047959657,
        "operatingIncome": -92592000,
        "operatingIncomeRatio": -0.096095747,
        "totalOtherIncomeExpensesNet": -114886000,
        "incomeBeforeTax": -207478000,
        "incomeBeforeTaxRatio": -0.2153291149,
        "incomeTaxExpense": -118715000,
        "netIncome": -133869000,
        "netIncomeRatio": -0.138934698,
        "eps": -0.6,
        "epsdiluted": -0.6,
        "weightedAverageShsOut": 222657468,
        "weightedAverageShsOutDil": 222657468,
        "link": "https://www.sec.gov/Archives/edgar/data/1593034/000159303416000056/0001593034-16-000056-index.htm",
        "finalLink": "https://www.sec.gov/Archives/edgar/data/1593034/000159303416000056/endp-3312016x10q.htm"
    },
    {
        "date": "2015-12-31",
        "symbol": "ENDP",
        "reportedCurrency": "USD",
        "cik": "0001593034",
        "fillingDate": "2016-02-29",
        "acceptedDate": "2016-02-29 17:37:32",
        "calendarYear": "2015",
        "period": "Q4",
        "revenue": 1073697000,
        "costOfRevenue": 810068000,
        "grossProfit": 263629000,
        "grossProfitRatio": 0.245533889,
        "researchAndDevelopmentExpenses": 43989000,
        "generalAndAdministrativeExpenses": 212014000,
        "sellingAndMarketingExpenses": 0,
        "sellingGeneralAndAdministrativeExpenses": 212014000,
        "otherExpenses": 0,
        "operatingExpenses": 256003000,
        "costAndExpenses": 1066071000,
        "interestIncome": 2353000,
        "interestExpense": 125371000,
        "depreciationAndAmortization": 250804000,
        "ebitda": 0,
        "ebitdaratio": 0,
        "operatingIncome": -203513000,
        "operatingIncomeRatio": -0.1895441638,
        "totalOtherIncomeExpensesNet": -149715000,
        "incomeBeforeTax": -353228000,
        "incomeBeforeTaxRatio": -0.328982944,
        "incomeTaxExpense": -796937000,
        "netIncome": -118463000,
        "netIncomeRatio": -0.110331872,
        "eps": -0.53,
        "epsdiluted": -0.53,
        "weightedAverageShsOut": 222124282,
        "weightedAverageShsOutDil": 225321000,
        "link": "https://www.sec.gov/Archives/edgar/data/1593034/000159303416000051/0001593034-16-000051-index.htm",
        "finalLink": "https://www.sec.gov/Archives/edgar/data/1593034/000159303416000051/endp-12312015x10k.htm"
    },
    {
        "date": "2015-09-30",
        "symbol": "ENDP",
        "reportedCurrency": "USD",
        "cik": "0001593034",
        "fillingDate": "2015-11-09",
        "acceptedDate": "2015-11-09 14:02:07",
        "calendarYear": "2015",
        "period": "Q3",
        "revenue": 745727000,
        "costOfRevenue": 442459000,
        "grossProfit": 303268000,
        "grossProfitRatio": 0.4066742923,
        "researchAndDevelopmentExpenses": 21327000,
        "generalAndAdministrativeExpenses": 163221000,
        "sellingAndMarketingExpenses": 0,
        "sellingGeneralAndAdministrativeExpenses": 163221000,
        "otherExpenses": 0,
        "operatingExpenses": 184548000,
        "costAndExpenses": 627007000,
        "interestIncome": 2255000,
        "interestExpense": 98701000,
        "depreciationAndAmortization": 132771000,
        "ebitda": -777199000,
        "ebitdaratio": -1.0422031119,
        "operatingIncome": -777199000,
        "operatingIncomeRatio": -1.0422031119,
        "totalOtherIncomeExpensesNet": -187446000,
        "incomeBeforeTax": -964645000,
        "incomeBeforeTaxRatio": -1.293563194,
        "incomeTaxExpense": -160939000,
        "netIncome": -1050442000,
        "netIncomeRatio": -1.4086146807,
        "eps": -4.64,
        "epsdiluted": -4.64,
        "weightedAverageShsOut": 226417040,
        "weightedAverageShsOutDil": 226417040,
        "link": "https://www.sec.gov/Archives/edgar/data/1593034/000159303415000034/0001593034-15-000034-index.htm",
        "finalLink": "https://www.sec.gov/Archives/edgar/data/1593034/000159303415000034/endp-9302015x10q.htm"
    },
    {
        "date": "2015-06-30",
        "symbol": "ENDP",
        "reportedCurrency": "USD",
        "cik": "0001593034",
        "fillingDate": "2015-08-10",
        "acceptedDate": "2015-08-10 17:08:51",
        "calendarYear": "2015",
        "period": "Q2",
        "revenue": 735166000,
        "costOfRevenue": 438858000,
        "grossProfit": 296308000,
        "grossProfitRatio": 0.4030491073,
        "researchAndDevelopmentExpenses": 18984000,
        "generalAndAdministrativeExpenses": 154491000,
        "sellingAndMarketingExpenses": 0,
        "sellingGeneralAndAdministrativeExpenses": 154491000,
        "otherExpenses": 0,
        "operatingExpenses": 173475000,
        "costAndExpenses": 612333000,
        "interestIncome": 369000,
        "interestExpense": 80980000,
        "depreciationAndAmortization": 129591000,
        "ebitda": 1490000,
        "ebitdaratio": 0.0020267531,
        "operatingIncome": 1490000,
        "operatingIncomeRatio": 0.0020267531,
        "totalOtherIncomeExpensesNet": -105104000,
        "incomeBeforeTax": -103614000,
        "incomeBeforeTaxRatio": -0.1409395973,
        "incomeTaxExpense": -12720000,
        "netIncome": -250419000,
        "netIncomeRatio": -0.3406291912,
        "eps": -1.35,
        "epsdiluted": -1.35,
        "weightedAverageShsOut": 185328000,
        "weightedAverageShsOutDil": 185328000,
        "link": "https://www.sec.gov/Archives/edgar/data/1593034/000159303415000025/0001593034-15-000025-index.htm",
        "finalLink": "https://www.sec.gov/Archives/edgar/data/1593034/000159303415000025/endp-6302015x10q.htm"
    },
    {
        "date": "2015-03-31",
        "symbol": "ENDP",
        "reportedCurrency": "USD",
        "cik": "0001593034",
        "fillingDate": "2015-05-11",
        "acceptedDate": "2015-05-11 16:57:37",
        "calendarYear": "2015",
        "period": "Q1",
        "revenue": 714128000,
        "costOfRevenue": 384266000,
        "grossProfit": 329862000,
        "grossProfitRatio": 0.4619087895,
        "researchAndDevelopmentExpenses": 17897000,
        "generalAndAdministrativeExpenses": 211578000,
        "sellingAndMarketingExpenses": 0,
        "sellingGeneralAndAdministrativeExpenses": 211578000,
        "otherExpenses": 0,
        "operatingExpenses": 229475000,
        "costAndExpenses": 613741000,
        "interestIncome": 710000,
        "interestExpense": 73849000,
        "depreciationAndAmortization": 119590000,
        "ebitda": 45747000,
        "ebitdaratio": 0.0640599444,
        "operatingIncome": 45747000,
        "operatingIncomeRatio": 0.0640599444,
        "totalOtherIncomeExpensesNet": -62124000,
        "incomeBeforeTax": -16377000,
        "incomeBeforeTaxRatio": -0.0229328636,
        "incomeTaxExpense": -166869000,
        "netIncome": -75718000,
        "netIncomeRatio": -0.1060286111,
        "eps": -0.45,
        "epsdiluted": -0.43,
        "weightedAverageShsOut": 169653000,
        "weightedAverageShsOutDil": 176825000,
        "link": "https://www.sec.gov/Archives/edgar/data/1593034/000159303415000011/0001593034-15-000011-index.htm",
        "finalLink": "https://www.sec.gov/Archives/edgar/data/1593034/000159303415000011/endp-3312015x10q.htm"
    },
    {
        "date": "2014-12-31",
        "symbol": "ENDP",
        "reportedCurrency": "USD",
        "cik": "0001593034",
        "fillingDate": "2015-03-02",
        "acceptedDate": "2015-03-02 17:10:30",
        "calendarYear": "2014",
        "period": "Q4",
        "revenue": 799957000,
        "costOfRevenue": 423656000,
        "grossProfit": 376301000,
        "grossProfitRatio": 0.4704015341,
        "researchAndDevelopmentExpenses": 40431000,
        "generalAndAdministrativeExpenses": 192282000,
        "sellingAndMarketingExpenses": 0,
        "sellingGeneralAndAdministrativeExpenses": 192282000,
        "otherExpenses": 0,
        "operatingExpenses": 232713000,
        "costAndExpenses": 656369000,
        "interestIncome": 1481000,
        "interestExpense": 61068000,
        "depreciationAndAmortization": 98639000,
        "ebitda": 42976000,
        "ebitdaratio": 0.0537228876,
        "operatingIncome": -72668000,
        "operatingIncomeRatio": -0.0908398826,
        "totalOtherIncomeExpensesNet": -47249000,
        "incomeBeforeTax": -119917000,
        "incomeBeforeTaxRatio": -0.1499043074,
        "incomeTaxExpense": -63248000,
        "netIncome": -53483000,
        "netIncomeRatio": -0.0668573436,
        "eps": -0.35,
        "epsdiluted": -0.35,
        "weightedAverageShsOut": 153912985,
        "weightedAverageShsOutDil": 153912985,
        "link": "https://www.sec.gov/Archives/edgar/data/1593034/000159303415000005/0001593034-15-000005-index.htm",
        "finalLink": "https://www.sec.gov/Archives/edgar/data/1593034/000159303415000005/endp-12312014x10k.htm"
    },
    {
        "date": "2014-09-30",
        "symbol": "ENDP",
        "reportedCurrency": "USD",
        "cik": "0001593034",
        "fillingDate": "2014-11-10",
        "acceptedDate": "2014-11-10 17:09:54",
        "calendarYear": "2014",
        "period": "Q3",
        "revenue": 763938000,
        "costOfRevenue": 379199000,
        "grossProfit": 384739000,
        "grossProfitRatio": 0.5036259487,
        "researchAndDevelopmentExpenses": 30918000,
        "generalAndAdministrativeExpenses": 205260000,
        "sellingAndMarketingExpenses": 0,
        "sellingGeneralAndAdministrativeExpenses": 205260000,
        "otherExpenses": 0,
        "operatingExpenses": 236178000,
        "costAndExpenses": 615377000,
        "interestIncome": 486000,
        "interestExpense": 62435000,
        "depreciationAndAmortization": 80194000,
        "ebitda": -248220000,
        "ebitdaratio": -0.3249216559,
        "operatingIncome": -331709000,
        "operatingIncomeRatio": -0.4342093207,
        "totalOtherIncomeExpensesNet": -59105000,
        "incomeBeforeTax": -390814000,
        "incomeBeforeTaxRatio": -0.5115781647,
        "incomeTaxExpense": -138765000,
        "netIncome": -252084000,
        "netIncomeRatio": -0.329979658,
        "eps": -1.64,
        "epsdiluted": -1.64,
        "weightedAverageShsOut": 153669377,
        "weightedAverageShsOutDil": 153669377,
        "link": "https://www.sec.gov/Archives/edgar/data/1593034/000159303414000044/0001593034-14-000044-index.htm",
        "finalLink": "https://www.sec.gov/Archives/edgar/data/1593034/000159303414000044/endp-09302014x10q.htm"
    },
    {
        "date": "2014-06-30",
        "symbol": "ENDP",
        "reportedCurrency": "USD",
        "cik": "0001593034",
        "fillingDate": "2014-08-04",
        "acceptedDate": "2014-08-04 17:23:29",
        "calendarYear": "2014",
        "period": "Q2",
        "revenue": 718684000,
        "costOfRevenue": 345739000,
        "grossProfit": 372945000,
        "grossProfitRatio": 0.5189276511,
        "researchAndDevelopmentExpenses": 41174000,
        "generalAndAdministrativeExpenses": 171609000,
        "sellingAndMarketingExpenses": 0,
        "sellingGeneralAndAdministrativeExpenses": 171609000,
        "otherExpenses": 0,
        "operatingExpenses": 212783000,
        "costAndExpenses": 558522000,
        "interestIncome": 1302000,
        "interestExpense": 53483000,
        "depreciationAndAmortization": 78230000,
        "ebitda": 104590000,
        "ebitdaratio": 0.1455298852,
        "operatingIncome": 104590000,
        "operatingIncomeRatio": 0.1455298852,
        "totalOtherIncomeExpensesNet": -65442000,
        "incomeBeforeTax": 39148000,
        "incomeBeforeTaxRatio": 0.0544717845,
        "incomeTaxExpense": 15594000,
        "netIncome": 21160000,
        "netIncomeRatio": 0.0294427036,
        "eps": 0.14,
        "epsdiluted": 0.13,
        "weightedAverageShsOut": 152615132,
        "weightedAverageShsOutDil": 163369000,
        "link": "https://www.sec.gov/Archives/edgar/data/1593034/000159303414000034/0001593034-14-000034-index.htm",
        "finalLink": "https://www.sec.gov/Archives/edgar/data/1593034/000159303414000034/endp-06302014x10q.htm"
    },
    {
        "date": "2014-03-31",
        "symbol": "ENDP",
        "reportedCurrency": "USD",
        "cik": "0001593034",
        "fillingDate": "2014-05-09",
        "acceptedDate": "2014-05-09 17:28:07",
        "calendarYear": "2014",
        "period": "Q1",
        "revenue": 594609000,
        "costOfRevenue": 251961000,
        "grossProfit": 342648000,
        "grossProfitRatio": 0.5762576752,
        "researchAndDevelopmentExpenses": 41680000,
        "generalAndAdministrativeExpenses": 0,
        "sellingAndMarketingExpenses": 0,
        "sellingGeneralAndAdministrativeExpenses": 226704000,
        "otherExpenses": 0,
        "operatingExpenses": 268384000,
        "costAndExpenses": 520345000,
        "interestIncome": 780000,
        "interestExpense": 54178000,
        "depreciationAndAmortization": 74588000,
        "ebitda": -523567000,
        "ebitdaratio": -0.8805231673,
        "operatingIncome": -597156000,
        "operatingIncomeRatio": -1.0042834871,
        "totalOtherIncomeExpensesNet": -56962000,
        "incomeBeforeTax": -654118000,
        "incomeBeforeTaxRatio": -1.1000808935,
        "incomeTaxExpense": -215421000,
        "netIncome": -436912000,
        "netIncomeRatio": -0.7347887435,
        "eps": -3.41,
        "epsdiluted": -3.41,
        "weightedAverageShsOut": 128135000,
        "weightedAverageShsOutDil": 128135000,
        "link": "https://www.sec.gov/Archives/edgar/data/1593034/000159303414000014/0001593034-14-000014-index.htm",
        "finalLink": "https://www.sec.gov/Archives/edgar/data/1593034/000159303414000014/endp-03312014x10q.htm"
    },
    {
        "date": "2013-12-31",
        "symbol": "ENDP",
        "reportedCurrency": "USD",
        "cik": "0001593034",
        "fillingDate": "2013-12-31",
        "acceptedDate": "2013-12-30 19:00:00",
        "calendarYear": "2013",
        "period": "Q4",
        "revenue": 426925000,
        "costOfRevenue": 156453000,
        "grossProfit": 270472000,
        "grossProfitRatio": 0.6335351643,
        "researchAndDevelopmentExpenses": 28732000,
        "generalAndAdministrativeExpenses": 0,
        "sellingAndMarketingExpenses": 0,
        "sellingGeneralAndAdministrativeExpenses": 159903000,
        "otherExpenses": 0,
        "operatingExpenses": 188635000,
        "costAndExpenses": 345088000,
        "interestIncome": 478000,
        "interestExpense": 44140000,
        "depreciationAndAmortization": 59241000,
        "ebitda": -769375000,
        "ebitdaratio": -1.8021315219,
        "operatingIncome": -717111000,
        "operatingIncomeRatio": -1.6797118932,
        "totalOtherIncomeExpensesNet": -44564000,
        "incomeBeforeTax": -761675000,
        "incomeBeforeTaxRatio": -1.7840955671,
        "incomeTaxExpense": -96846000,
        "netIncome": -775910000,
        "netIncomeRatio": -1.8174386602,
        "eps": -6.73,
        "epsdiluted": -6.73,
        "weightedAverageShsOut": 115354393,
        "weightedAverageShsOutDil": 115354393,
        "link": "",
        "finalLink": ""
    },
    {
        "date": "2013-09-30",
        "symbol": "ENDP",
        "reportedCurrency": "USD",
        "cik": "0001593034",
        "fillingDate": "2013-09-30",
        "acceptedDate": "2013-09-29 20:00:00",
        "calendarYear": "2013",
        "period": "Q3",
        "revenue": 714954000,
        "costOfRevenue": 287970000,
        "grossProfit": 426984000,
        "grossProfitRatio": 0.5972188421,
        "researchAndDevelopmentExpenses": 38080000,
        "generalAndAdministrativeExpenses": 0,
        "sellingAndMarketingExpenses": 0,
        "sellingGeneralAndAdministrativeExpenses": 199719000,
        "otherExpenses": 0,
        "operatingExpenses": 237799000,
        "costAndExpenses": 525769000,
        "interestIncome": 207000,
        "interestExpense": 43357000,
        "depreciationAndAmortization": 61371000,
        "ebitda": 181754000,
        "ebitdaratio": 0.2542177539,
        "operatingIncome": 117276000,
        "operatingIncomeRatio": 0.1640329308,
        "totalOtherIncomeExpensesNet": -25858000,
        "incomeBeforeTax": 91418000,
        "incomeBeforeTaxRatio": 0.127865569,
        "incomeTaxExpense": 36803000,
        "netIncome": 40223000,
        "netIncomeRatio": 0.0562595636,
        "eps": 0.35,
        "epsdiluted": 0.33,
        "weightedAverageShsOut": 114327000,
        "weightedAverageShsOutDil": 120261000,
        "link": "",
        "finalLink": ""
    },
    {
        "date": "2013-06-30",
        "symbol": "ENDP",
        "reportedCurrency": "USD",
        "cik": "0001593034",
        "fillingDate": "2013-06-30",
        "acceptedDate": "2013-06-29 20:00:00",
        "calendarYear": "2013",
        "period": "Q2",
        "revenue": 766509000,
        "costOfRevenue": 309167000,
        "grossProfit": 457342000,
        "grossProfitRatio": 0.596655747,
        "researchAndDevelopmentExpenses": 34091000,
        "generalAndAdministrativeExpenses": 0,
        "sellingAndMarketingExpenses": 0,
        "sellingGeneralAndAdministrativeExpenses": 253335000,
        "otherExpenses": 0,
        "operatingExpenses": 287426000,
        "costAndExpenses": 596593000,
        "interestIncome": 555000,
        "interestExpense": 43041000,
        "depreciationAndAmortization": 68232000,
        "ebitda": 172306000,
        "ebitdaratio": 0.2247931857,
        "operatingIncome": 100218000,
        "operatingIncomeRatio": 0.1307460186,
        "totalOtherIncomeExpensesNet": -26073000,
        "incomeBeforeTax": 74145000,
        "incomeBeforeTaxRatio": 0.0967307625,
        "incomeTaxExpense": 26034000,
        "netIncome": 34999000,
        "netIncomeRatio": 0.0456602597,
        "eps": 0.31,
        "epsdiluted": 0.3,
        "weightedAverageShsOut": 112531000,
        "weightedAverageShsOutDil": 117221000,
        "link": "",
        "finalLink": ""
    },
    {
        "date": "2013-03-31",
        "symbol": "ENDP",
        "reportedCurrency": "USD",
        "cik": "0001593034",
        "fillingDate": "2013-03-31",
        "acceptedDate": "2013-03-30 20:00:00",
        "calendarYear": "2013",
        "period": "Q1",
        "revenue": 708519000,
        "costOfRevenue": 285926000,
        "grossProfit": 422593000,
        "grossProfitRatio": 0.5964455435,
        "researchAndDevelopmentExpenses": 41569000,
        "generalAndAdministrativeExpenses": 0,
        "sellingAndMarketingExpenses": 0,
        "sellingGeneralAndAdministrativeExpenses": 236382000,
        "otherExpenses": 0,
        "operatingExpenses": 277951000,
        "costAndExpenses": 563877000,
        "interestIncome": 87000,
        "interestExpense": 44390000,
        "depreciationAndAmortization": 66819000,
        "ebitda": 136500000,
        "ebitdaratio": 0.192655384,
        "operatingIncome": 73992000,
        "operatingIncomeRatio": 0.1044319207,
        "totalOtherIncomeExpensesNet": -37447000,
        "incomeBeforeTax": 36545000,
        "incomeBeforeTaxRatio": 0.0515794213,
        "incomeTaxExpense": 9942000,
        "netIncome": 15349000,
        "netIncomeRatio": 0.0216634981,
        "eps": 0.14,
        "epsdiluted": 0.14,
        "weightedAverageShsOut": 111216000,
        "weightedAverageShsOutDil": 113189000,
        "link": "",
        "finalLink": ""
    },
    {
        "date": "2012-12-31",
        "symbol": "ENDP",
        "reportedCurrency": "USD",
        "cik": "0001593034",
        "fillingDate": "2012-12-31",
        "acceptedDate": "2012-12-30 19:00:00",
        "calendarYear": "2012",
        "period": "Q4",
        "revenue": 801060000,
        "costOfRevenue": 307436000,
        "grossProfit": 493624000,
        "grossProfitRatio": 0.6162135171,
        "researchAndDevelopmentExpenses": 43053000,
        "generalAndAdministrativeExpenses": 0,
        "sellingAndMarketingExpenses": 0,
        "sellingGeneralAndAdministrativeExpenses": 117725000,
        "otherExpenses": 0,
        "operatingExpenses": 160778000,
        "costAndExpenses": 468214000,
        "interestIncome": 86000,
        "interestExpense": 44534000,
        "depreciationAndAmortization": 73744000,
        "ebitda": -642287000,
        "ebitdaratio": -0.8017963698,
        "operatingIncome": -704318000,
        "operatingIncomeRatio": -0.8792325169,
        "totalOtherIncomeExpensesNet": -43757000,
        "incomeBeforeTax": -748075000,
        "incomeBeforeTaxRatio": -0.9338563903,
        "incomeTaxExpense": -44299000,
        "netIncome": -716266000,
        "netIncomeRatio": -0.8941477542,
        "eps": -6.17,
        "epsdiluted": -6.17,
        "weightedAverageShsOut": 116022000,
        "weightedAverageShsOutDil": 116022000,
        "link": "",
        "finalLink": ""
    },
    {
        "date": "2012-09-30",
        "symbol": "ENDP",
        "reportedCurrency": "USD",
        "cik": "0001593034",
        "fillingDate": "2012-09-30",
        "acceptedDate": "2012-09-29 20:00:00",
        "calendarYear": "2012",
        "period": "Q3",
        "revenue": 750482000,
        "costOfRevenue": 294267000,
        "grossProfit": 456215000,
        "grossProfitRatio": 0.6078959922,
        "researchAndDevelopmentExpenses": 48952000,
        "generalAndAdministrativeExpenses": 82600000,
        "sellingAndMarketingExpenses": 210446000,
        "sellingGeneralAndAdministrativeExpenses": 293046000,
        "otherExpenses": 0,
        "operatingExpenses": 341998000,
        "costAndExpenses": 636265000,
        "interestIncome": 115000,
        "interestExpense": 45620000,
        "depreciationAndAmortization": 72217000,
        "ebitda": 199933000,
        "ebitdaratio": 0.266406123,
        "operatingIncome": 143516000,
        "operatingIncomeRatio": 0.1912317684,
        "totalOtherIncomeExpensesNet": -47044000,
        "incomeBeforeTax": 96472000,
        "incomeBeforeTaxRatio": 0.1285467206,
        "incomeTaxExpense": 28287000,
        "netIncome": 53809000,
        "netIncomeRatio": 0.0716992546,
        "eps": 0.46,
        "epsdiluted": 0.45,
        "weightedAverageShsOut": 116022000,
        "weightedAverageShsOutDil": 119579000,
        "link": "",
        "finalLink": ""
    },
    {
        "date": "2012-06-30",
        "symbol": "ENDP",
        "reportedCurrency": "USD",
        "cik": "0001593034",
        "fillingDate": "2012-06-30",
        "acceptedDate": "2012-06-29 20:00:00",
        "calendarYear": "2012",
        "period": "Q2",
        "revenue": 785188000,
        "costOfRevenue": 294570000,
        "grossProfit": 490618000,
        "grossProfitRatio": 0.6248414392,
        "researchAndDevelopmentExpenses": 45427000,
        "generalAndAdministrativeExpenses": 0,
        "sellingAndMarketingExpenses": 0,
        "sellingGeneralAndAdministrativeExpenses": 233622000,
        "otherExpenses": 0,
        "operatingExpenses": 279049000,
        "costAndExpenses": 573619000,
        "interestIncome": 93000,
        "interestExpense": 46078000,
        "depreciationAndAmortization": 72606000,
        "ebitda": 129925000,
        "ebitdaratio": 0.1654699257,
        "operatingIncome": 70153000,
        "operatingIncomeRatio": 0.0893454816,
        "totalOtherIncomeExpensesNet": -46282000,
        "incomeBeforeTax": 23871000,
        "incomeBeforeTaxRatio": 0.0304016363,
        "incomeTaxExpense": 1776000,
        "netIncome": 9465000,
        "netIncomeRatio": 0.0120544379,
        "eps": 0.0809,
        "epsdiluted": 0.0782,
        "weightedAverageShsOut": 116992000,
        "weightedAverageShsOutDil": 121080000,
        "link": "",
        "finalLink": ""
    },
    {
        "date": "2012-03-31",
        "symbol": "ENDP",
        "reportedCurrency": "USD",
        "cik": "0001593034",
        "fillingDate": "2012-03-31",
        "acceptedDate": "2012-03-30 20:00:00",
        "calendarYear": "2012",
        "period": "Q1",
        "revenue": 690633000,
        "costOfRevenue": 364820000,
        "grossProfit": 325813000,
        "grossProfitRatio": 0.4717599651,
        "researchAndDevelopmentExpenses": 88688000,
        "generalAndAdministrativeExpenses": 0,
        "sellingAndMarketingExpenses": 0,
        "sellingGeneralAndAdministrativeExpenses": 254454000,
        "otherExpenses": 0,
        "operatingExpenses": 343142000,
        "costAndExpenses": 707962000,
        "interestIncome": 112000,
        "interestExpense": 47008000,
        "depreciationAndAmortization": 66957000,
        "ebitda": -12706000,
        "ebitdaratio": -0.0183976149,
        "operatingIncome": -61078000,
        "operatingIncomeRatio": -0.0884377086,
        "totalOtherIncomeExpensesNet": -52773000,
        "incomeBeforeTax": -113851000,
        "incomeBeforeTaxRatio": -0.1648502171,
        "incomeTaxExpense": -39326000,
        "netIncome": -87345000,
        "netIncomeRatio": -0.1264709332,
        "eps": -0.75,
        "epsdiluted": -0.75,
        "weightedAverageShsOut": 117052000,
        "weightedAverageShsOutDil": 117052000,
        "link": "",
        "finalLink": ""
    },
    {
        "date": "2011-12-31",
        "symbol": "ENDP",
        "reportedCurrency": "USD",
        "cik": "0001593034",
        "fillingDate": "2011-12-31",
        "acceptedDate": "2011-12-30 19:00:00",
        "calendarYear": "2011",
        "period": "Q4",
        "revenue": 803406000,
        "costOfRevenue": 294781000,
        "grossProfit": 508625000,
        "grossProfitRatio": 0.6330858868,
        "researchAndDevelopmentExpenses": 55432000,
        "generalAndAdministrativeExpenses": 0,
        "sellingAndMarketingExpenses": 0,
        "sellingGeneralAndAdministrativeExpenses": 276294000,
        "otherExpenses": 0,
        "operatingExpenses": 331726000,
        "costAndExpenses": 626507000,
        "interestIncome": 154000,
        "interestExpense": 51036000,
        "depreciationAndAmortization": 68227000,
        "ebitda": 165200000,
        "ebitdaratio": 0.2056245535,
        "operatingIncome": 113018000,
        "operatingIncomeRatio": 0.1406735822,
        "totalOtherIncomeExpensesNet": -53762000,
        "incomeBeforeTax": 59256000,
        "incomeBeforeTaxRatio": 0.0737559839,
        "incomeTaxExpense": 9343000,
        "netIncome": 36594000,
        "netIncomeRatio": 0.0455485769,
        "eps": 0.31,
        "epsdiluted": 0.31,
        "weightedAverageShsOut": 116842811,
        "weightedAverageShsOutDil": 116842811,
        "link": "",
        "finalLink": ""
    },
    {
        "date": "2011-09-30",
        "symbol": "ENDP",
        "reportedCurrency": "USD",
        "cik": "0001593034",
        "fillingDate": "2011-09-30",
        "acceptedDate": "2011-09-29 20:00:00",
        "calendarYear": "2011",
        "period": "Q3",
        "revenue": 759078000,
        "costOfRevenue": 302172000,
        "grossProfit": 456906000,
        "grossProfitRatio": 0.6019223321,
        "researchAndDevelopmentExpenses": 43884000,
        "generalAndAdministrativeExpenses": 0,
        "sellingAndMarketingExpenses": 0,
        "sellingGeneralAndAdministrativeExpenses": 244359000,
        "otherExpenses": 0,
        "operatingExpenses": 288243000,
        "costAndExpenses": 590415000,
        "interestIncome": 147000,
        "interestExpense": 52939000,
        "depreciationAndAmortization": 71448000,
        "ebitda": 199093000,
        "ebitdaratio": 0.262282664,
        "operatingIncome": 140154000,
        "operatingIncomeRatio": 0.1846371519,
        "totalOtherIncomeExpensesNet": -49792000,
        "incomeBeforeTax": 90362000,
        "incomeBeforeTaxRatio": 0.1190417849,
        "incomeTaxExpense": 34057000,
        "netIncome": 40649000,
        "netIncomeRatio": 0.0535504915,
        "eps": 0.35,
        "epsdiluted": 0.34,
        "weightedAverageShsOut": 116842811,
        "weightedAverageShsOutDil": 120847000,
        "link": "",
        "finalLink": ""
    },
    {
        "date": "2011-06-30",
        "symbol": "ENDP",
        "reportedCurrency": "USD",
        "cik": "0001593034",
        "fillingDate": "2011-06-30",
        "acceptedDate": "2011-06-29 20:00:00",
        "calendarYear": "2011",
        "period": "Q2",
        "revenue": 607611000,
        "costOfRevenue": 236697000,
        "grossProfit": 370914000,
        "grossProfitRatio": 0.6104464863,
        "researchAndDevelopmentExpenses": 40840000,
        "generalAndAdministrativeExpenses": 0,
        "sellingAndMarketingExpenses": 0,
        "sellingGeneralAndAdministrativeExpenses": 178133000,
        "otherExpenses": 0,
        "operatingExpenses": 218973000,
        "costAndExpenses": 455670000,
        "interestIncome": 171000,
        "interestExpense": 25731000,
        "depreciationAndAmortization": 49998000,
        "ebitda": 163092000,
        "ebitdaratio": 0.2684151538,
        "operatingIncome": 134315000,
        "operatingIncomeRatio": 0.22105426,
        "totalOtherIncomeExpensesNet": -33983000,
        "incomeBeforeTax": 100332000,
        "incomeBeforeTaxRatio": 0.1651253845,
        "incomeTaxExpense": 32780000,
        "netIncome": 54583000,
        "netIncomeRatio": 0.0898321459,
        "eps": 0.47,
        "epsdiluted": 0.44,
        "weightedAverageShsOut": 116663000,
        "weightedAverageShsOutDil": 122686000,
        "link": "",
        "finalLink": ""
    },
    {
        "date": "2011-03-31",
        "symbol": "ENDP",
        "reportedCurrency": "USD",
        "cik": "0001593034",
        "fillingDate": "2011-03-31",
        "acceptedDate": "2011-03-30 20:00:00",
        "calendarYear": "2011",
        "period": "Q1",
        "revenue": 560026000,
        "costOfRevenue": 231558000,
        "grossProfit": 328468000,
        "grossProfitRatio": 0.5865227686,
        "researchAndDevelopmentExpenses": 42130000,
        "generalAndAdministrativeExpenses": 0,
        "sellingAndMarketingExpenses": 0,
        "sellingGeneralAndAdministrativeExpenses": 159386000,
        "otherExpenses": 0,
        "operatingExpenses": 201516000,
        "costAndExpenses": 433074000,
        "interestIncome": 127000,
        "interestExpense": 18917000,
        "depreciationAndAmortization": 47741000,
        "ebitda": 155891000,
        "ebitdaratio": 0.2783638617,
        "operatingIncome": 120879000,
        "operatingIncomeRatio": 0.2158453358,
        "totalOtherIncomeExpensesNet": -19138000,
        "incomeBeforeTax": 101741000,
        "incomeBeforeTaxRatio": 0.1816719224,
        "incomeTaxExpense": 33446000,
        "netIncome": 55787000,
        "netIncomeRatio": 0.0996150179,
        "eps": 0.48,
        "epsdiluted": 0.46,
        "weightedAverageShsOut": 116568422,
        "weightedAverageShsOutDil": 120761000,
        "link": "",
        "finalLink": ""
    },
    {
        "date": "2010-12-31",
        "symbol": "ENDP",
        "reportedCurrency": "USD",
        "cik": "0001593034",
        "fillingDate": "2010-12-31",
        "acceptedDate": "2010-12-30 19:00:00",
        "calendarYear": "2010",
        "period": "Q4",
        "revenue": 511190000,
        "costOfRevenue": 169548000,
        "grossProfit": 341642000,
        "grossProfitRatio": 0.6683268452,
        "researchAndDevelopmentExpenses": 39256000,
        "generalAndAdministrativeExpenses": 0,
        "sellingAndMarketingExpenses": 0,
        "sellingGeneralAndAdministrativeExpenses": 162179000,
        "otherExpenses": 0,
        "operatingExpenses": 201435000,
        "costAndExpenses": 370983000,
        "interestIncome": 340000,
        "interestExpense": 14174000,
        "depreciationAndAmortization": 38545000,
        "ebitda": 177113000,
        "ebitdaratio": 0.3464719576,
        "operatingIncome": 149522000,
        "operatingIncomeRatio": 0.2924978971,
        "totalOtherIncomeExpensesNet": -12380000,
        "incomeBeforeTax": 137142000,
        "incomeBeforeTaxRatio": 0.2682798959,
        "incomeTaxExpense": 31409000,
        "netIncome": 92985000,
        "netIncomeRatio": 0.1818990982,
        "eps": 0.81,
        "epsdiluted": 0.81,
        "weightedAverageShsOut": 115469000,
        "weightedAverageShsOutDil": 115469000,
        "link": "",
        "finalLink": ""
    },
    {
        "date": "2010-09-30",
        "symbol": "ENDP",
        "reportedCurrency": "USD",
        "cik": "0001593034",
        "fillingDate": "2010-09-30",
        "acceptedDate": "2010-09-29 20:00:00",
        "calendarYear": "2010",
        "period": "Q3",
        "revenue": 444103000,
        "costOfRevenue": 133920000,
        "grossProfit": 310183000,
        "grossProfitRatio": 0.6984483329,
        "researchAndDevelopmentExpenses": 31445000,
        "generalAndAdministrativeExpenses": 0,
        "sellingAndMarketingExpenses": 0,
        "sellingGeneralAndAdministrativeExpenses": 137816000,
        "otherExpenses": 0,
        "operatingExpenses": 169261000,
        "costAndExpenses": 303181000,
        "interestIncome": 168000,
        "interestExpense": 13147000,
        "depreciationAndAmortization": 26904000,
        "ebitda": 127797000,
        "ebitdaratio": 0.2877643249,
        "operatingIncome": 115932000,
        "operatingIncomeRatio": 0.2610475498,
        "totalOtherIncomeExpensesNet": -12920000,
        "incomeBeforeTax": 103012000,
        "incomeBeforeTaxRatio": 0.2319551996,
        "incomeTaxExpense": 33540000,
        "netIncome": 54206000,
        "netIncomeRatio": 0.1220572705,
        "eps": 0.47,
        "epsdiluted": 0.46,
        "weightedAverageShsOut": 115469000,
        "weightedAverageShsOutDil": 116597000,
        "link": "",
        "finalLink": ""
    },
    {
        "date": "2010-06-30",
        "symbol": "ENDP",
        "reportedCurrency": "USD",
        "cik": "0001593034",
        "fillingDate": "2010-06-30",
        "acceptedDate": "2010-06-29 20:00:00",
        "calendarYear": "2010",
        "period": "Q2",
        "revenue": 396524000,
        "costOfRevenue": 107216000,
        "grossProfit": 289308000,
        "grossProfitRatio": 0.7296103136,
        "researchAndDevelopmentExpenses": 44656000,
        "generalAndAdministrativeExpenses": 0,
        "sellingAndMarketingExpenses": 0,
        "sellingGeneralAndAdministrativeExpenses": 133251000,
        "otherExpenses": 0,
        "operatingExpenses": 177907000,
        "costAndExpenses": 285123000,
        "interestIncome": 423000,
        "interestExpense": 10407000,
        "depreciationAndAmortization": 21434000,
        "ebitda": 115663000,
        "ebitdaratio": 0.2916923061,
        "operatingIncome": 93605000,
        "operatingIncomeRatio": 0.2360638952,
        "totalOtherIncomeExpensesNet": -9783000,
        "incomeBeforeTax": 83822000,
        "incomeBeforeTaxRatio": 0.2113919964,
        "incomeTaxExpense": 32362000,
        "netIncome": 51460000,
        "netIncomeRatio": 0.1297777688,
        "eps": 0.44,
        "epsdiluted": 0.44,
        "weightedAverageShsOut": 116060000,
        "weightedAverageShsOutDil": 116660000,
        "link": "",
        "finalLink": ""
    },
    {
        "date": "2010-03-31",
        "symbol": "ENDP",
        "reportedCurrency": "USD",
        "cik": "0001593034",
        "fillingDate": "2010-03-31",
        "acceptedDate": "2010-03-30 20:00:00",
        "calendarYear": "2010",
        "period": "Q1",
        "revenue": 364412000,
        "costOfRevenue": 94073000,
        "grossProfit": 270339000,
        "grossProfitRatio": 0.7418498842,
        "researchAndDevelopmentExpenses": 29168000,
        "generalAndAdministrativeExpenses": 1529000,
        "sellingAndMarketingExpenses": 131806000,
        "sellingGeneralAndAdministrativeExpenses": 133335000,
        "otherExpenses": 0,
        "operatingExpenses": 162503000,
        "costAndExpenses": 256576000,
        "interestIncome": 424000,
        "interestExpense": 10228000,
        "depreciationAndAmortization": 21521000,
        "ebitda": 128471000,
        "ebitdaratio": 0.3525432752,
        "operatingIncome": 106307000,
        "operatingIncomeRatio": 0.291722007,
        "totalOtherIncomeExpensesNet": -9585000,
        "incomeBeforeTax": 96722000,
        "incomeBeforeTaxRatio": 0.2654193605,
        "incomeTaxExpense": 36367000,
        "netIncome": 60355000,
        "netIncomeRatio": 0.1656229762,
        "eps": 0.52,
        "epsdiluted": 0.51,
        "weightedAverageShsOut": 116486544,
        "weightedAverageShsOutDil": 118031000,
        "link": "",
        "finalLink": ""
    },
    {
        "date": "2009-12-31",
        "symbol": "ENDP",
        "reportedCurrency": "USD",
        "cik": "0001593034",
        "fillingDate": "2009-12-31",
        "acceptedDate": "2009-12-30 19:00:00",
        "calendarYear": "2009",
        "period": "Q4",
        "revenue": 391406000,
        "costOfRevenue": 99673000,
        "grossProfit": 291733000,
        "grossProfitRatio": 0.7453462645,
        "researchAndDevelopmentExpenses": 48705000,
        "generalAndAdministrativeExpenses": 0,
        "sellingAndMarketingExpenses": 0,
        "sellingGeneralAndAdministrativeExpenses": 51922000,
        "otherExpenses": 0,
        "operatingExpenses": 100627000,
        "costAndExpenses": 200300000,
        "interestIncome": -2941000,
        "interestExpense": 6564000,
        "depreciationAndAmortization": 43402000,
        "ebitda": 205514000,
        "ebitdaratio": 0.525066044,
        "operatingIncome": 163328000,
        "operatingIncomeRatio": 0.4172853763,
        "totalOtherIncomeExpensesNet": -7780000,
        "incomeBeforeTax": 155548000,
        "incomeBeforeTaxRatio": 0.3974083177,
        "incomeTaxExpense": 7700000,
        "netIncome": 147848000,
        "netIncomeRatio": 0.3777356504,
        "eps": 1.26,
        "epsdiluted": 1.26,
        "weightedAverageShsOut": 116990000,
        "weightedAverageShsOutDil": 116990000,
        "link": "",
        "finalLink": ""
    },
    {
        "date": "2009-09-30",
        "symbol": "ENDP",
        "reportedCurrency": "USD",
        "cik": "0001593034",
        "fillingDate": "2009-09-30",
        "acceptedDate": "2009-09-29 20:00:00",
        "calendarYear": "2009",
        "period": "Q3",
        "revenue": 361027000,
        "costOfRevenue": 97307000,
        "grossProfit": 263720000,
        "grossProfitRatio": 0.7304716822,
        "researchAndDevelopmentExpenses": 59690000,
        "generalAndAdministrativeExpenses": 20206000,
        "sellingAndMarketingExpenses": 119716000,
        "sellingGeneralAndAdministrativeExpenses": 139922000,
        "otherExpenses": 0,
        "operatingExpenses": 199612000,
        "costAndExpenses": 296919000,
        "interestIncome": 746000,
        "interestExpense": 10950000,
        "depreciationAndAmortization": 21835000,
        "ebitda": 112114000,
        "ebitdaratio": 0.3105418708,
        "operatingIncome": 84314000,
        "operatingIncomeRatio": 0.2335393198,
        "totalOtherIncomeExpensesNet": -4985000,
        "incomeBeforeTax": 79329000,
        "incomeBeforeTaxRatio": 0.2197314882,
        "incomeTaxExpense": 29907000,
        "netIncome": 49422000,
        "netIncomeRatio": 0.1368928086,
        "eps": 0.42,
        "epsdiluted": 0.42,
        "weightedAverageShsOut": 116990000,
        "weightedAverageShsOutDil": 117643000,
        "link": "",
        "finalLink": ""
    },
    {
        "date": "2009-06-30",
        "symbol": "ENDP",
        "reportedCurrency": "USD",
        "cik": "0001593034",
        "fillingDate": "2009-06-30",
        "acceptedDate": "2009-06-29 20:00:00",
        "calendarYear": "2009",
        "period": "Q2",
        "revenue": 373108000,
        "costOfRevenue": 95069000,
        "grossProfit": 278039000,
        "grossProfitRatio": 0.7451971011,
        "researchAndDevelopmentExpenses": 48508000,
        "generalAndAdministrativeExpenses": 0,
        "sellingAndMarketingExpenses": 0,
        "sellingGeneralAndAdministrativeExpenses": 129592000,
        "otherExpenses": 0,
        "operatingExpenses": 178100000,
        "costAndExpenses": 273169000,
        "interestIncome": 1055000,
        "interestExpense": 11471000,
        "depreciationAndAmortization": 19732000,
        "ebitda": 87218000,
        "ebitdaratio": 0.2337607342,
        "operatingIncome": 64916000,
        "operatingIncomeRatio": 0.1739871565,
        "totalOtherIncomeExpensesNet": -8901000,
        "incomeBeforeTax": 56015000,
        "incomeBeforeTaxRatio": 0.1501307932,
        "incomeTaxExpense": 25986000,
        "netIncome": 30029000,
        "netIncomeRatio": 0.0804833989,
        "eps": 0.26,
        "epsdiluted": 0.26,
        "weightedAverageShsOut": 117158000,
        "weightedAverageShsOutDil": 117350000,
        "link": "",
        "finalLink": ""
    },
    {
        "date": "2009-03-31",
        "symbol": "ENDP",
        "reportedCurrency": "USD",
        "cik": "0001593034",
        "fillingDate": "2009-03-31",
        "acceptedDate": "2009-03-30 20:00:00",
        "calendarYear": "2009",
        "period": "Q1",
        "revenue": 335300000,
        "costOfRevenue": 83009000,
        "grossProfit": 252291000,
        "grossProfitRatio": 0.7524336415,
        "researchAndDevelopmentExpenses": 28414000,
        "generalAndAdministrativeExpenses": 0,
        "sellingAndMarketingExpenses": 0,
        "sellingGeneralAndAdministrativeExpenses": 120006000,
        "otherExpenses": 0,
        "operatingExpenses": 148420000,
        "costAndExpenses": 231429000,
        "interestIncome": 1140000,
        "interestExpense": 8733000,
        "depreciationAndAmortization": 14915000,
        "ebitda": 92416000,
        "ebitdaratio": 0.2756218312,
        "operatingIncome": 77466000,
        "operatingIncomeRatio": 0.2310348941,
        "totalOtherIncomeExpensesNet": -8698000,
        "incomeBeforeTax": 68768000,
        "incomeBeforeTaxRatio": 0.2050939457,
        "incomeTaxExpense": 29731000,
        "netIncome": 39037000,
        "netIncomeRatio": 0.1164240978,
        "eps": 0.33,
        "epsdiluted": 0.33,
        "weightedAverageShsOut": 116822000,
        "weightedAverageShsOutDil": 117209000,
        "link": "",
        "finalLink": ""
    },
    {
        "date": "2008-12-31",
        "symbol": "ENDP",
        "reportedCurrency": "USD",
        "cik": "0001593034",
        "fillingDate": "2008-12-31",
        "acceptedDate": "2008-12-30 19:00:00",
        "calendarYear": "2008",
        "period": "Q4",
        "revenue": 347336000,
        "costOfRevenue": 76681000,
        "grossProfit": 270655000,
        "grossProfitRatio": 0.7792310616,
        "researchAndDevelopmentExpenses": 27967000,
        "generalAndAdministrativeExpenses": 0,
        "sellingAndMarketingExpenses": 0,
        "sellingGeneralAndAdministrativeExpenses": 130288000,
        "otherExpenses": 0,
        "operatingExpenses": 158255000,
        "costAndExpenses": 234936000,
        "interestIncome": 3538000,
        "interestExpense": 2805000,
        "depreciationAndAmortization": 17538000,
        "ebitda": 132253000,
        "ebitdaratio": 0.3807638713,
        "operatingIncome": 112930000,
        "operatingIncomeRatio": 0.3251318608,
        "totalOtherIncomeExpensesNet": -1020000,
        "incomeBeforeTax": 111910000,
        "incomeBeforeTaxRatio": 0.3221952231,
        "incomeTaxExpense": 36968000,
        "netIncome": 74942000,
        "netIncomeRatio": 0.215762259,
        "eps": 0.63,
        "epsdiluted": 0.63,
        "weightedAverageShsOut": 119439000,
        "weightedAverageShsOutDil": 119439000,
        "link": "",
        "finalLink": ""
    },
    {
        "date": "2008-09-30",
        "symbol": "ENDP",
        "reportedCurrency": "USD",
        "cik": "0001593034",
        "fillingDate": "2008-09-30",
        "acceptedDate": "2008-09-29 20:00:00",
        "calendarYear": "2008",
        "period": "Q3",
        "revenue": 316768000,
        "costOfRevenue": 71027000,
        "grossProfit": 245741000,
        "grossProfitRatio": 0.7757759622,
        "researchAndDevelopmentExpenses": 22165000,
        "generalAndAdministrativeExpenses": 0,
        "sellingAndMarketingExpenses": 0,
        "sellingGeneralAndAdministrativeExpenses": 116249000,
        "otherExpenses": 0,
        "operatingExpenses": 138414000,
        "costAndExpenses": 209441000,
        "interestIncome": 5017000,
        "interestExpense": 2830000,
        "depreciationAndAmortization": 11265000,
        "ebitda": 123609000,
        "ebitdaratio": 0.3902193403,
        "operatingIncome": 107327000,
        "operatingIncomeRatio": 0.3388189464,
        "totalOtherIncomeExpensesNet": 2187000,
        "incomeBeforeTax": 109514000,
        "incomeBeforeTaxRatio": 0.3457230528,
        "incomeTaxExpense": 41268000,
        "netIncome": 68246000,
        "netIncomeRatio": 0.2154447419,
        "eps": 0.57,
        "epsdiluted": 0.57,
        "weightedAverageShsOut": 119439000,
        "weightedAverageShsOutDil": 119954000,
        "link": "",
        "finalLink": ""
    },
    {
        "date": "2008-06-30",
        "symbol": "ENDP",
        "reportedCurrency": "USD",
        "cik": "0001593034",
        "fillingDate": "2008-06-30",
        "acceptedDate": "2008-06-29 20:00:00",
        "calendarYear": "2008",
        "period": "Q2",
        "revenue": 306161000,
        "costOfRevenue": 62993000,
        "grossProfit": 243168000,
        "grossProfitRatio": 0.7942487776,
        "researchAndDevelopmentExpenses": 26497000,
        "generalAndAdministrativeExpenses": 0,
        "sellingAndMarketingExpenses": 0,
        "sellingGeneralAndAdministrativeExpenses": 134607000,
        "otherExpenses": 0,
        "operatingExpenses": 161104000,
        "costAndExpenses": 224097000,
        "interestIncome": 7025000,
        "interestExpense": 2449000,
        "depreciationAndAmortization": 13728000,
        "ebitda": 102817000,
        "ebitdaratio": 0.3358265749,
        "operatingIncome": 82064000,
        "operatingIncomeRatio": 0.2680419779,
        "totalOtherIncomeExpensesNet": 4576000,
        "incomeBeforeTax": 86640000,
        "incomeBeforeTaxRatio": 0.2829883623,
        "incomeTaxExpense": 27615000,
        "netIncome": 59025000,
        "netIncomeRatio": 0.1927907212,
        "eps": 0.48,
        "epsdiluted": 0.48,
        "weightedAverageShsOut": 122985000,
        "weightedAverageShsOutDil": 123531000,
        "link": "",
        "finalLink": ""
    },
    {
        "date": "2008-03-31",
        "symbol": "ENDP",
        "reportedCurrency": "USD",
        "cik": "0001593034",
        "fillingDate": "2008-03-31",
        "acceptedDate": "2008-03-30 20:00:00",
        "calendarYear": "2008",
        "period": "Q1",
        "revenue": 290271000,
        "costOfRevenue": 56534000,
        "grossProfit": 233737000,
        "grossProfitRatio": 0.8052371749,
        "researchAndDevelopmentExpenses": 33582000,
        "generalAndAdministrativeExpenses": 0,
        "sellingAndMarketingExpenses": 0,
        "sellingGeneralAndAdministrativeExpenses": 115002000,
        "otherExpenses": 0,
        "operatingExpenses": 148584000,
        "costAndExpenses": 205118000,
        "interestIncome": 8983000,
        "interestExpense": 0,
        "depreciationAndAmortization": 7374000,
        "ebitda": 101510000,
        "ebitdaratio": 0.349707687,
        "operatingIncome": 85153000,
        "operatingIncomeRatio": 0.2933568975,
        "totalOtherIncomeExpensesNet": 8983000,
        "incomeBeforeTax": 94136000,
        "incomeBeforeTaxRatio": 0.3243038402,
        "incomeTaxExpense": 34608000,
        "netIncome": 59528000,
        "netIncomeRatio": 0.2050773243,
        "eps": 0.44,
        "epsdiluted": 0.44,
        "weightedAverageShsOut": 134141000,
        "weightedAverageShsOutDil": 134652000,
        "link": "",
        "finalLink": ""
    },
    {
        "date": "2007-12-31",
        "symbol": "ENDP",
        "reportedCurrency": "USD",
        "cik": "0001593034",
        "fillingDate": "2007-12-31",
        "acceptedDate": "2007-12-30 19:00:00",
        "calendarYear": "2007",
        "period": "Q4",
        "revenue": 304582000,
        "costOfRevenue": 65735000,
        "grossProfit": 238847000,
        "grossProfitRatio": 0.7841796298,
        "researchAndDevelopmentExpenses": 58684000,
        "generalAndAdministrativeExpenses": 0,
        "sellingAndMarketingExpenses": 0,
        "sellingGeneralAndAdministrativeExpenses": 112557000,
        "otherExpenses": 0,
        "operatingExpenses": 171241000,
        "costAndExpenses": 236976000,
        "interestIncome": 11126000,
        "interestExpense": 0,
        "depreciationAndAmortization": 3295000,
        "ebitda": 81910000,
        "ebitdaratio": 0.2689259378,
        "operatingIncome": 67606000,
        "operatingIncomeRatio": 0.2219632152,
        "totalOtherIncomeExpensesNet": 11009000,
        "incomeBeforeTax": 78615000,
        "incomeBeforeTaxRatio": 0.258107833,
        "incomeTaxExpense": 28017000,
        "netIncome": 50598000,
        "netIncomeRatio": 0.1661227518,
        "eps": 0.38,
        "epsdiluted": 0.38,
        "weightedAverageShsOut": 133915000,
        "weightedAverageShsOutDil": 133915000,
        "link": "",
        "finalLink": ""
    },
    {
        "date": "2007-09-30",
        "symbol": "ENDP",
        "reportedCurrency": "USD",
        "cik": "0001593034",
        "fillingDate": "2007-09-30",
        "acceptedDate": "2007-09-29 20:00:00",
        "calendarYear": "2007",
        "period": "Q3",
        "revenue": 269470000,
        "costOfRevenue": 49779000,
        "grossProfit": 219691000,
        "grossProfitRatio": 0.8152707166,
        "researchAndDevelopmentExpenses": 26886000,
        "generalAndAdministrativeExpenses": 0,
        "sellingAndMarketingExpenses": 0,
        "sellingGeneralAndAdministrativeExpenses": 112467000,
        "otherExpenses": 0,
        "operatingExpenses": 139353000,
        "costAndExpenses": 189132000,
        "interestIncome": 9733000,
        "interestExpense": 0,
        "depreciationAndAmortization": 5068000,
        "ebitda": 95139000,
        "ebitdaratio": 0.3530597098,
        "operatingIncome": 80338000,
        "operatingIncomeRatio": 0.2981333729,
        "totalOtherIncomeExpensesNet": 9733000,
        "incomeBeforeTax": 90071000,
        "incomeBeforeTaxRatio": 0.3342524214,
        "incomeTaxExpense": 30924000,
        "netIncome": 59147000,
        "netIncomeRatio": 0.2194938212,
        "eps": 0.44,
        "epsdiluted": 0.44,
        "weightedAverageShsOut": 133915000,
        "weightedAverageShsOutDil": 134611000,
        "link": "",
        "finalLink": ""
    },
    {
        "date": "2007-06-30",
        "symbol": "ENDP",
        "reportedCurrency": "USD",
        "cik": "0001593034",
        "fillingDate": "2007-06-30",
        "acceptedDate": "2007-06-29 20:00:00",
        "calendarYear": "2007",
        "period": "Q2",
        "revenue": 257147000,
        "costOfRevenue": 53460000,
        "grossProfit": 203687000,
        "grossProfitRatio": 0.7921033494,
        "researchAndDevelopmentExpenses": 26276000,
        "generalAndAdministrativeExpenses": 0,
        "sellingAndMarketingExpenses": 0,
        "sellingGeneralAndAdministrativeExpenses": 91039000,
        "otherExpenses": 0,
        "operatingExpenses": 117315000,
        "costAndExpenses": 170775000,
        "interestIncome": 8264000,
        "interestExpense": 0,
        "depreciationAndAmortization": 4015000,
        "ebitda": 98651000,
        "ebitdaratio": 0.383636597,
        "operatingIncome": 86372000,
        "operatingIncomeRatio": 0.3358856996,
        "totalOtherIncomeExpensesNet": 8264000,
        "incomeBeforeTax": 94636000,
        "incomeBeforeTaxRatio": 0.3680229596,
        "incomeTaxExpense": 34090000,
        "netIncome": 60546000,
        "netIncomeRatio": 0.2354528733,
        "eps": 0.45,
        "epsdiluted": 0.45,
        "weightedAverageShsOut": 133820000,
        "weightedAverageShsOutDil": 134504000,
        "link": "",
        "finalLink": ""
    },
    {
        "date": "2007-03-31",
        "symbol": "ENDP",
        "reportedCurrency": "USD",
        "cik": "0001593034",
        "fillingDate": "2007-03-31",
        "acceptedDate": "2007-03-30 20:00:00",
        "calendarYear": "2007",
        "period": "Q1",
        "revenue": 254409000,
        "costOfRevenue": 48395000,
        "grossProfit": 206014000,
        "grossProfitRatio": 0.8097748114,
        "researchAndDevelopmentExpenses": 26409000,
        "generalAndAdministrativeExpenses": 0,
        "sellingAndMarketingExpenses": 0,
        "sellingGeneralAndAdministrativeExpenses": 96695000,
        "otherExpenses": 0,
        "operatingExpenses": 123104000,
        "costAndExpenses": 171499000,
        "interestIncome": 0,
        "interestExpense": 0,
        "depreciationAndAmortization": 3913000,
        "ebitda": 93841000,
        "ebitdaratio": 0.3688588061,
        "operatingIncome": 82910000,
        "operatingIncomeRatio": 0.3258925588,
        "totalOtherIncomeExpensesNet": 7018000,
        "incomeBeforeTax": 89928000,
        "incomeBeforeTaxRatio": 0.3534780609,
        "incomeTaxExpense": 32779000,
        "netIncome": 57149000,
        "netIncomeRatio": 0.2246343486,
        "eps": 0.43,
        "epsdiluted": 0.43,
        "weightedAverageShsOut": 133629000,
        "weightedAverageShsOutDil": 134277000,
        "link": "",
        "finalLink": ""
    },
    {
        "date": "2006-12-31",
        "symbol": "ENDP",
        "reportedCurrency": "USD",
        "cik": "0001593034",
        "fillingDate": "2006-12-31",
        "acceptedDate": "2006-12-30 19:00:00",
        "calendarYear": "2006",
        "period": "Q4",
        "revenue": 259471000,
        "costOfRevenue": 57870000,
        "grossProfit": 201601000,
        "grossProfitRatio": 0.7769692952,
        "researchAndDevelopmentExpenses": 23426000,
        "generalAndAdministrativeExpenses": 0,
        "sellingAndMarketingExpenses": 0,
        "sellingGeneralAndAdministrativeExpenses": 123630000,
        "otherExpenses": 0,
        "operatingExpenses": 147056000,
        "costAndExpenses": 204926000,
        "interestIncome": 5061000,
        "interestExpense": 0,
        "depreciationAndAmortization": 4618000,
        "ebitda": 39250000,
        "ebitdaratio": 0.1512693133,
        "operatingIncome": 28499000,
        "operatingIncomeRatio": 0.1098350105,
        "totalOtherIncomeExpensesNet": 6133000,
        "incomeBeforeTax": 34632000,
        "incomeBeforeTaxRatio": 0.1334715633,
        "incomeTaxExpense": 19858000,
        "netIncome": 14774000,
        "netIncomeRatio": 0.0569389257,
        "eps": 0.11,
        "epsdiluted": 0.11,
        "weightedAverageShsOut": 133270000,
        "weightedAverageShsOutDil": 133270000,
        "link": "",
        "finalLink": ""
    },
    {
        "date": "2006-09-30",
        "symbol": "ENDP",
        "reportedCurrency": "USD",
        "cik": "0001593034",
        "fillingDate": "2006-09-30",
        "acceptedDate": "2006-09-29 20:00:00",
        "calendarYear": "2006",
        "period": "Q3",
        "revenue": 217125000,
        "costOfRevenue": 44406000,
        "grossProfit": 172719000,
        "grossProfitRatio": 0.7954818653,
        "researchAndDevelopmentExpenses": 14456000,
        "generalAndAdministrativeExpenses": 0,
        "sellingAndMarketingExpenses": 0,
        "sellingGeneralAndAdministrativeExpenses": 92486000,
        "otherExpenses": 0,
        "operatingExpenses": 106942000,
        "costAndExpenses": 151348000,
        "interestIncome": 7068000,
        "interestExpense": 217000,
        "depreciationAndAmortization": 4732000,
        "ebitda": 77577000,
        "ebitdaratio": 0.3572918826,
        "operatingIncome": 65777000,
        "operatingIncomeRatio": 0.302945308,
        "totalOtherIncomeExpensesNet": 6851000,
        "incomeBeforeTax": 72628000,
        "incomeBeforeTaxRatio": 0.3344985607,
        "incomeTaxExpense": 27737000,
        "netIncome": 44891000,
        "netIncomeRatio": 0.206751871,
        "eps": 0.34,
        "epsdiluted": 0.33,
        "weightedAverageShsOut": 133270000,
        "weightedAverageShsOutDil": 134147000,
        "link": "",
        "finalLink": ""
    },
    {
        "date": "2006-06-30",
        "symbol": "ENDP",
        "reportedCurrency": "USD",
        "cik": "0001593034",
        "fillingDate": "2006-06-30",
        "acceptedDate": "2006-06-29 20:00:00",
        "calendarYear": "2006",
        "period": "Q2",
        "revenue": 228020000,
        "costOfRevenue": 50408000,
        "grossProfit": 177612000,
        "grossProfitRatio": 0.7789316727,
        "researchAndDevelopmentExpenses": 19772000,
        "generalAndAdministrativeExpenses": 0,
        "sellingAndMarketingExpenses": 0,
        "sellingGeneralAndAdministrativeExpenses": 68610000,
        "otherExpenses": 0,
        "operatingExpenses": 88382000,
        "costAndExpenses": 138790000,
        "interestIncome": 6031000,
        "interestExpense": 373000,
        "depreciationAndAmortization": 4441000,
        "ebitda": 99702000,
        "ebitdaratio": 0.4372511183,
        "operatingIncome": 89230000,
        "operatingIncomeRatio": 0.3913253223,
        "totalOtherIncomeExpensesNet": 5658000,
        "incomeBeforeTax": 94888000,
        "incomeBeforeTaxRatio": 0.4161389352,
        "incomeTaxExpense": 37252000,
        "netIncome": 57636000,
        "netIncomeRatio": 0.2527673011,
        "eps": 0.43,
        "epsdiluted": 0.43,
        "weightedAverageShsOut": 133051000,
        "weightedAverageShsOutDil": 133936000,
        "link": "",
        "finalLink": ""
    },
    {
        "date": "2006-03-31",
        "symbol": "ENDP",
        "reportedCurrency": "USD",
        "cik": "0001593034",
        "fillingDate": "2006-03-31",
        "acceptedDate": "2006-03-30 19:00:00",
        "calendarYear": "2006",
        "period": "Q1",
        "revenue": 205043000,
        "costOfRevenue": 48737000,
        "grossProfit": 156306000,
        "grossProfitRatio": 0.7623083938,
        "researchAndDevelopmentExpenses": 25154000,
        "generalAndAdministrativeExpenses": 0,
        "sellingAndMarketingExpenses": 0,
        "sellingGeneralAndAdministrativeExpenses": 104129000,
        "otherExpenses": 0,
        "operatingExpenses": 129283000,
        "costAndExpenses": 178020000,
        "interestIncome": 4563000,
        "interestExpense": 0,
        "depreciationAndAmortization": 4058000,
        "ebitda": 35644000,
        "ebitdaratio": 0.1738367074,
        "operatingIncome": 27023000,
        "operatingIncomeRatio": 0.131791868,
        "totalOtherIncomeExpensesNet": 4563000,
        "incomeBeforeTax": 31586000,
        "incomeBeforeTaxRatio": 0.1540457367,
        "incomeTaxExpense": 11048000,
        "netIncome": 20538000,
        "netIncomeRatio": 0.1001643558,
        "eps": 0.15,
        "epsdiluted": 0.15,
        "weightedAverageShsOut": 132877000,
        "weightedAverageShsOutDil": 133790000,
        "link": "",
        "finalLink": ""
    },
    {
        "date": "2005-12-31",
        "symbol": "ENDP",
        "reportedCurrency": "USD",
        "cik": "0001593034",
        "fillingDate": "2005-12-31",
        "acceptedDate": "2005-12-30 19:00:00",
        "calendarYear": "2005",
        "period": "Q4",
        "revenue": 240789000,
        "costOfRevenue": 53108000,
        "grossProfit": 187681000,
        "grossProfitRatio": 0.7794417519,
        "researchAndDevelopmentExpenses": 18187000,
        "generalAndAdministrativeExpenses": 0,
        "sellingAndMarketingExpenses": 0,
        "sellingGeneralAndAdministrativeExpenses": 58321000,
        "otherExpenses": 0,
        "operatingExpenses": 76508000,
        "costAndExpenses": 129616000,
        "interestIncome": 2926000,
        "interestExpense": 0,
        "depreciationAndAmortization": 4155000,
        "ebitda": 119666000,
        "ebitdaratio": 0.4969745296,
        "operatingIncome": 111173000,
        "operatingIncomeRatio": 0.4617029848,
        "totalOtherIncomeExpensesNet": 4338000,
        "incomeBeforeTax": 115511000,
        "incomeBeforeTaxRatio": 0.4797187579,
        "incomeTaxExpense": 42630000,
        "netIncome": 72881000,
        "netIncomeRatio": 0.3026757867,
        "eps": 0.55,
        "epsdiluted": 0.55,
        "weightedAverageShsOut": 132376000,
        "weightedAverageShsOutDil": 132376000,
        "link": "",
        "finalLink": ""
    },
    {
        "date": "2005-09-30",
        "symbol": "ENDP",
        "reportedCurrency": "USD",
        "cik": "0001593034",
        "fillingDate": "2005-09-30",
        "acceptedDate": "2005-09-29 20:00:00",
        "calendarYear": "2005",
        "period": "Q3",
        "revenue": 245241000,
        "costOfRevenue": 61399000,
        "grossProfit": 183842000,
        "grossProfitRatio": 0.7496381111,
        "researchAndDevelopmentExpenses": 22148000,
        "generalAndAdministrativeExpenses": 0,
        "sellingAndMarketingExpenses": 0,
        "sellingGeneralAndAdministrativeExpenses": 56968000,
        "otherExpenses": 0,
        "operatingExpenses": 79116000,
        "costAndExpenses": 140515000,
        "interestIncome": 0,
        "interestExpense": 0,
        "depreciationAndAmortization": 4239000,
        "ebitda": 111654000,
        "ebitdaratio": 0.4552827627,
        "operatingIncome": 104726000,
        "operatingIncomeRatio": 0.4270330002,
        "totalOtherIncomeExpensesNet": 2689000,
        "incomeBeforeTax": 107415000,
        "incomeBeforeTaxRatio": 0.4379977247,
        "incomeTaxExpense": 40862000,
        "netIncome": 66553000,
        "netIncomeRatio": 0.2713779507,
        "eps": 0.5,
        "epsdiluted": 0.5,
        "weightedAverageShsOut": 132376000,
        "weightedAverageShsOutDil": 133532000,
        "link": "",
        "finalLink": ""
    },
    {
        "date": "2005-06-30",
        "symbol": "ENDP",
        "reportedCurrency": "USD",
        "cik": "0001593034",
        "fillingDate": "2005-06-30",
        "acceptedDate": "2005-06-29 20:00:00",
        "calendarYear": "2005",
        "period": "Q2",
        "revenue": 196380000,
        "costOfRevenue": 42258000,
        "grossProfit": 154122000,
        "grossProfitRatio": 0.7848151543,
        "researchAndDevelopmentExpenses": 17224000,
        "generalAndAdministrativeExpenses": 0,
        "sellingAndMarketingExpenses": 0,
        "sellingGeneralAndAdministrativeExpenses": 59779000,
        "otherExpenses": 0,
        "operatingExpenses": 77003000,
        "costAndExpenses": 119261000,
        "interestIncome": 2109000,
        "interestExpense": 0,
        "depreciationAndAmortization": 3794000,
        "ebitda": 83022000,
        "ebitdaratio": 0.4227619921,
        "operatingIncome": 77119000,
        "operatingIncomeRatio": 0.3927029229,
        "totalOtherIncomeExpensesNet": 2109000,
        "incomeBeforeTax": 79228000,
        "incomeBeforeTaxRatio": 0.4034423057,
        "incomeTaxExpense": 30182000,
        "netIncome": 49046000,
        "netIncomeRatio": 0.2497504838,
        "eps": 0.37,
        "epsdiluted": 0.37,
        "weightedAverageShsOut": 131973000,
        "weightedAverageShsOutDil": 132929000,
        "link": "",
        "finalLink": ""
    },
    {
        "date": "2005-03-31",
        "symbol": "ENDP",
        "reportedCurrency": "USD",
        "cik": "0001593034",
        "fillingDate": "2005-03-31",
        "acceptedDate": "2005-03-30 19:00:00",
        "calendarYear": "2005",
        "period": "Q1",
        "revenue": 137754000,
        "costOfRevenue": 29585000,
        "grossProfit": 108169000,
        "grossProfitRatio": 0.7852330967,
        "researchAndDevelopmentExpenses": 30748000,
        "generalAndAdministrativeExpenses": 0,
        "sellingAndMarketingExpenses": 0,
        "sellingGeneralAndAdministrativeExpenses": 57190000,
        "otherExpenses": 0,
        "operatingExpenses": 87938000,
        "costAndExpenses": 117523000,
        "interestIncome": 1859000,
        "interestExpense": 0,
        "depreciationAndAmortization": 3692000,
        "ebitda": 25782000,
        "ebitdaratio": 0.1871597195,
        "operatingIncome": 20231000,
        "operatingIncomeRatio": 0.146863249,
        "totalOtherIncomeExpensesNet": 1859000,
        "incomeBeforeTax": 22090000,
        "incomeBeforeTaxRatio": 0.1603583199,
        "incomeTaxExpense": 8275000,
        "netIncome": 13815000,
        "netIncomeRatio": 0.100287469,
        "eps": 0.1,
        "epsdiluted": 0.1,
        "weightedAverageShsOut": 131871000,
        "weightedAverageShsOutDil": 132829000,
        "link": "",
        "finalLink": ""
    },
    {
        "date": "2004-12-31",
        "symbol": "ENDP",
        "reportedCurrency": "USD",
        "cik": "0001593034",
        "fillingDate": "2004-12-31",
        "acceptedDate": "2004-12-30 19:00:00",
        "calendarYear": "2004",
        "period": "Q4",
        "revenue": 157294000,
        "costOfRevenue": 40998000,
        "grossProfit": 116296000,
        "grossProfitRatio": 0.7393543301,
        "researchAndDevelopmentExpenses": 12044000,
        "generalAndAdministrativeExpenses": 0,
        "sellingAndMarketingExpenses": 0,
        "sellingGeneralAndAdministrativeExpenses": 58485000,
        "otherExpenses": 0,
        "operatingExpenses": 70529000,
        "costAndExpenses": 111527000,
        "interestIncome": 1365000,
        "interestExpense": 0,
        "depreciationAndAmortization": 3647000,
        "ebitda": 50779000,
        "ebitdaratio": 0.3228285885,
        "operatingIncome": 45767000,
        "operatingIncomeRatio": 0.2909646903,
        "totalOtherIncomeExpensesNet": 1365000,
        "incomeBeforeTax": 47132000,
        "incomeBeforeTaxRatio": 0.2996427073,
        "incomeTaxExpense": 17922000,
        "netIncome": 29210000,
        "netIncomeRatio": 0.1857032055,
        "eps": 0.22,
        "epsdiluted": 0.22,
        "weightedAverageShsOut": 131804000,
        "weightedAverageShsOutDil": 131804000,
        "link": "",
        "finalLink": ""
    },
    {
        "date": "2004-09-30",
        "symbol": "ENDP",
        "reportedCurrency": "USD",
        "cik": "0001593034",
        "fillingDate": "2004-09-30",
        "acceptedDate": "2004-09-29 20:00:00",
        "calendarYear": "2004",
        "period": "Q3",
        "revenue": 160349000,
        "costOfRevenue": 38203000,
        "grossProfit": 122146000,
        "grossProfitRatio": 0.7617509308,
        "researchAndDevelopmentExpenses": 9501000,
        "generalAndAdministrativeExpenses": 0,
        "sellingAndMarketingExpenses": 0,
        "sellingGeneralAndAdministrativeExpenses": 46497000,
        "otherExpenses": 0,
        "operatingExpenses": 55998000,
        "costAndExpenses": 94201000,
        "interestIncome": 0,
        "interestExpense": 0,
        "depreciationAndAmortization": 3084000,
        "ebitda": 69810000,
        "ebitdaratio": 0.4353628648,
        "operatingIncome": 66148000,
        "operatingIncomeRatio": 0.4125251795,
        "totalOtherIncomeExpensesNet": 578000,
        "incomeBeforeTax": 66726000,
        "incomeBeforeTaxRatio": 0.4161298168,
        "incomeTaxExpense": 25349000,
        "netIncome": 41377000,
        "netIncomeRatio": 0.2580433928,
        "eps": 0.31,
        "epsdiluted": 0.31,
        "weightedAverageShsOut": 131804000,
        "weightedAverageShsOutDil": 132460000,
        "link": "",
        "finalLink": ""
    },
    {
        "date": "2004-06-30",
        "symbol": "ENDP",
        "reportedCurrency": "USD",
        "cik": "0001593034",
        "fillingDate": "2004-06-30",
        "acceptedDate": "2004-06-29 20:00:00",
        "calendarYear": "2004",
        "period": "Q2",
        "revenue": 143968000,
        "costOfRevenue": 28915000,
        "grossProfit": 115053000,
        "grossProfitRatio": 0.7991567571,
        "researchAndDevelopmentExpenses": 19245000,
        "generalAndAdministrativeExpenses": 0,
        "sellingAndMarketingExpenses": 0,
        "sellingGeneralAndAdministrativeExpenses": 45279000,
        "otherExpenses": 0,
        "operatingExpenses": 64524000,
        "costAndExpenses": 93439000,
        "interestIncome": 228000,
        "interestExpense": 0,
        "depreciationAndAmortization": 2362000,
        "ebitda": 53119000,
        "ebitdaratio": 0.3689639364,
        "operatingIncome": 50529000,
        "operatingIncomeRatio": 0.3509738275,
        "totalOtherIncomeExpensesNet": 228000,
        "incomeBeforeTax": 50757000,
        "incomeBeforeTaxRatio": 0.3525575128,
        "incomeTaxExpense": 19209000,
        "netIncome": 31548000,
        "netIncomeRatio": 0.2191320293,
        "eps": 0.24,
        "epsdiluted": 0.24,
        "weightedAverageShsOut": 131792000,
        "weightedAverageShsOutDil": 132789000,
        "link": "",
        "finalLink": ""
    },
    {
        "date": "2004-03-31",
        "symbol": "ENDP",
        "reportedCurrency": "USD",
        "cik": "0001593034",
        "fillingDate": "2004-03-31",
        "acceptedDate": "2004-03-30 19:00:00",
        "calendarYear": "2004",
        "period": "Q1",
        "revenue": 153489000,
        "costOfRevenue": 32873000,
        "grossProfit": 120616000,
        "grossProfitRatio": 0.7858283004,
        "researchAndDevelopmentExpenses": 9756000,
        "generalAndAdministrativeExpenses": 0,
        "sellingAndMarketingExpenses": 0,
        "sellingGeneralAndAdministrativeExpenses": 44369000,
        "otherExpenses": 0,
        "operatingExpenses": 54125000,
        "costAndExpenses": 86998000,
        "interestIncome": 205000,
        "interestExpense": 215000,
        "depreciationAndAmortization": 1927000,
        "ebitda": 68623000,
        "ebitdaratio": 0.4470874134,
        "operatingIncome": 66491000,
        "operatingIncomeRatio": 0.4331971672,
        "totalOtherIncomeExpensesNet": -10000,
        "incomeBeforeTax": 66481000,
        "incomeBeforeTaxRatio": 0.433132016,
        "incomeTaxExpense": 25307000,
        "netIncome": 41174000,
        "netIncomeRatio": 0.2682537511,
        "eps": 0.31,
        "epsdiluted": 0.31,
        "weightedAverageShsOut": 131779000,
        "weightedAverageShsOutDil": 132720000,
        "link": "",
        "finalLink": ""
    },
    {
        "date": "2003-12-31",
        "symbol": "ENDP",
        "reportedCurrency": "USD",
        "cik": "0001593034",
        "fillingDate": "2003-12-31",
        "acceptedDate": "2003-12-30 19:00:00",
        "calendarYear": "2003",
        "period": "Q4",
        "revenue": 141952000,
        "costOfRevenue": 54786000,
        "grossProfit": 87166000,
        "grossProfitRatio": 0.6140526375,
        "researchAndDevelopmentExpenses": 8871000,
        "generalAndAdministrativeExpenses": 0,
        "sellingAndMarketingExpenses": 0,
        "sellingGeneralAndAdministrativeExpenses": 140133000,
        "otherExpenses": 0,
        "operatingExpenses": 149004000,
        "costAndExpenses": 203790000,
        "interestIncome": 0,
        "interestExpense": -403000,
        "depreciationAndAmortization": 2077000,
        "ebitda": -53291000,
        "ebitdaratio": -0.3754156335,
        "operatingIncome": -54872000,
        "operatingIncomeRatio": -0.3865532011,
        "totalOtherIncomeExpensesNet": -93000,
        "incomeBeforeTax": -54965000,
        "incomeBeforeTaxRatio": -0.3872083521,
        "incomeTaxExpense": -23304000,
        "netIncome": -31661000,
        "netIncomeRatio": -0.2230401826,
        "eps": -0.24,
        "epsdiluted": -0.24,
        "weightedAverageShsOut": 131761000,
        "weightedAverageShsOutDil": 131761000,
        "link": "",
        "finalLink": ""
    },
    {
        "date": "2003-09-30",
        "symbol": "ENDP",
        "reportedCurrency": "USD",
        "cik": "0001593034",
        "fillingDate": "2003-09-30",
        "acceptedDate": "2003-09-29 20:00:00",
        "calendarYear": "2003",
        "period": "Q3",
        "revenue": 149355000,
        "costOfRevenue": 27050000,
        "grossProfit": 122305000,
        "grossProfitRatio": 0.8188878846,
        "researchAndDevelopmentExpenses": 20651000,
        "generalAndAdministrativeExpenses": 0,
        "sellingAndMarketingExpenses": 0,
        "sellingGeneralAndAdministrativeExpenses": 37342000,
        "otherExpenses": 0,
        "operatingExpenses": 57993000,
        "costAndExpenses": 85043000,
        "interestIncome": 209000,
        "interestExpense": 221000,
        "depreciationAndAmortization": 1677000,
        "ebitda": 66198000,
        "ebitdaratio": 0.4432258712,
        "operatingIncome": 64312000,
        "operatingIncomeRatio": 0.4305982391,
        "totalOtherIncomeExpensesNet": -12000,
        "incomeBeforeTax": 64300000,
        "incomeBeforeTaxRatio": 0.4305178936,
        "incomeTaxExpense": 24376000,
        "netIncome": 39924000,
        "netIncomeRatio": 0.2673094306,
        "eps": 0.3,
        "epsdiluted": 0.3,
        "weightedAverageShsOut": 131761000,
        "weightedAverageShsOutDil": 132636000,
        "link": "",
        "finalLink": ""
    },
    {
        "date": "2003-06-30",
        "symbol": "ENDP",
        "reportedCurrency": "USD",
        "cik": "0001593034",
        "fillingDate": "2003-06-30",
        "acceptedDate": "2003-06-29 20:00:00",
        "calendarYear": "2003",
        "period": "Q2",
        "revenue": 152027000,
        "costOfRevenue": 26258000,
        "grossProfit": 125769000,
        "grossProfitRatio": 0.8272806804,
        "researchAndDevelopmentExpenses": 9438000,
        "generalAndAdministrativeExpenses": 0,
        "sellingAndMarketingExpenses": 0,
        "sellingGeneralAndAdministrativeExpenses": 43166000,
        "otherExpenses": 0,
        "operatingExpenses": 52604000,
        "costAndExpenses": 78862000,
        "interestIncome": 0,
        "interestExpense": 0,
        "depreciationAndAmortization": 1465000,
        "ebitda": 74608000,
        "ebitdaratio": 0.4907549317,
        "operatingIncome": 73165000,
        "operatingIncomeRatio": 0.4812631967,
        "totalOtherIncomeExpensesNet": -22000,
        "incomeBeforeTax": 73143000,
        "incomeBeforeTaxRatio": 0.4811184855,
        "incomeTaxExpense": 27975000,
        "netIncome": 45168000,
        "netIncomeRatio": 0.2971051195,
        "eps": 0.34,
        "epsdiluted": 0.34,
        "weightedAverageShsOut": 131734000,
        "weightedAverageShsOutDil": 132667000,
        "link": "",
        "finalLink": ""
    },
    {
        "date": "2003-03-31",
        "symbol": "ENDP",
        "reportedCurrency": "USD",
        "cik": "0001593034",
        "fillingDate": "2003-03-31",
        "acceptedDate": "2003-03-30 19:00:00",
        "calendarYear": "2003",
        "period": "Q1",
        "revenue": 152274000,
        "costOfRevenue": 27577000,
        "grossProfit": 124697000,
        "grossProfitRatio": 0.8188988271,
        "researchAndDevelopmentExpenses": 12064000,
        "generalAndAdministrativeExpenses": 0,
        "sellingAndMarketingExpenses": 0,
        "sellingGeneralAndAdministrativeExpenses": 85982000,
        "otherExpenses": 0,
        "operatingExpenses": 98046000,
        "costAndExpenses": 125623000,
        "interestIncome": 0,
        "interestExpense": 0,
        "depreciationAndAmortization": 1451000,
        "ebitda": 27971000,
        "ebitdaratio": 0.1836886139,
        "operatingIncome": 26651000,
        "operatingIncomeRatio": 0.1750200297,
        "totalOtherIncomeExpensesNet": -131000,
        "incomeBeforeTax": 26520000,
        "incomeBeforeTaxRatio": 0.1741597384,
        "incomeTaxExpense": 10161000,
        "netIncome": 16359000,
        "netIncomeRatio": 0.1074313409,
        "eps": 0.14,
        "epsdiluted": 0.12,
        "weightedAverageShsOut": 118217000,
        "weightedAverageShsOutDil": 131987000,
        "link": "",
        "finalLink": ""
    },
    {
        "date": "2002-12-31",
        "symbol": "ENDP",
        "reportedCurrency": "USD",
        "cik": "0001593034",
        "fillingDate": "2002-12-31",
        "acceptedDate": "2002-12-30 19:00:00",
        "calendarYear": "2002",
        "period": "Q4",
        "revenue": 113491000,
        "costOfRevenue": 27769000,
        "grossProfit": 85722000,
        "grossProfitRatio": 0.7553198051,
        "researchAndDevelopmentExpenses": 12933000,
        "generalAndAdministrativeExpenses": 0,
        "sellingAndMarketingExpenses": 0,
        "sellingGeneralAndAdministrativeExpenses": 26236000,
        "otherExpenses": 0,
        "operatingExpenses": 39169000,
        "costAndExpenses": 66938000,
        "interestIncome": 0,
        "interestExpense": 89000,
        "depreciationAndAmortization": 1074000,
        "ebitda": 40661000,
        "ebitdaratio": 0.3582751055,
        "operatingIncome": 39587000,
        "operatingIncomeRatio": 0.3488118001,
        "totalOtherIncomeExpensesNet": -89000,
        "incomeBeforeTax": 39498000,
        "incomeBeforeTaxRatio": 0.3480275969,
        "incomeTaxExpense": 17754000,
        "netIncome": 21744000,
        "netIncomeRatio": 0.1915922849,
        "eps": 0.21,
        "epsdiluted": 0.21,
        "weightedAverageShsOut": 102064000,
        "weightedAverageShsOutDil": 102064000,
        "link": "",
        "finalLink": ""
    },
    {
        "date": "2002-09-30",
        "symbol": "ENDP",
        "reportedCurrency": "USD",
        "cik": "0001593034",
        "fillingDate": "2002-09-30",
        "acceptedDate": "2002-09-29 20:00:00",
        "calendarYear": "2002",
        "period": "Q3",
        "revenue": 110554000,
        "costOfRevenue": 24392000,
        "grossProfit": 86162000,
        "grossProfitRatio": 0.7793657398,
        "researchAndDevelopmentExpenses": 15352000,
        "generalAndAdministrativeExpenses": 0,
        "sellingAndMarketingExpenses": 0,
        "sellingGeneralAndAdministrativeExpenses": 78851000,
        "otherExpenses": 0,
        "operatingExpenses": 94203000,
        "costAndExpenses": 118595000,
        "interestIncome": 0,
        "interestExpense": 1031000,
        "depreciationAndAmortization": 791000,
        "ebitda": -20584000,
        "ebitdaratio": -0.1861895544,
        "operatingIncome": -21375000,
        "operatingIncomeRatio": -0.193344429,
        "totalOtherIncomeExpensesNet": -1031000,
        "incomeBeforeTax": -22406000,
        "incomeBeforeTaxRatio": -0.2026701883,
        "incomeTaxExpense": -4098000,
        "netIncome": -18308000,
        "netIncomeRatio": -0.1656023301,
        "eps": -0.18,
        "epsdiluted": -0.18,
        "weightedAverageShsOut": 102064000,
        "weightedAverageShsOutDil": 102064000,
        "link": "",
        "finalLink": ""
    },
    {
        "date": "2002-06-30",
        "symbol": "ENDP",
        "reportedCurrency": "USD",
        "cik": "0001593034",
        "fillingDate": "2002-06-30",
        "acceptedDate": "2002-06-29 20:00:00",
        "calendarYear": "2002",
        "period": "Q2",
        "revenue": 107902000,
        "costOfRevenue": 27805000,
        "grossProfit": 80097000,
        "grossProfitRatio": 0.7423124687,
        "researchAndDevelopmentExpenses": 15142000,
        "generalAndAdministrativeExpenses": 0,
        "sellingAndMarketingExpenses": 0,
        "sellingGeneralAndAdministrativeExpenses": 28253000,
        "otherExpenses": 0,
        "operatingExpenses": 43395000,
        "costAndExpenses": 71200000,
        "interestIncome": 0,
        "interestExpense": 1649000,
        "depreciationAndAmortization": 802000,
        "ebitda": 37504000,
        "ebitdaratio": 0.3475746511,
        "operatingIncome": 36702000,
        "operatingIncomeRatio": 0.3401419807,
        "totalOtherIncomeExpensesNet": -1649000,
        "incomeBeforeTax": 35053000,
        "incomeBeforeTaxRatio": 0.3248595948,
        "incomeTaxExpense": 13052000,
        "netIncome": 22001000,
        "netIncomeRatio": 0.2038979815,
        "eps": 0.22,
        "epsdiluted": 0.22,
        "weightedAverageShsOut": 102064000,
        "weightedAverageShsOutDil": 102271000,
        "link": "",
        "finalLink": ""
    },
    {
        "date": "2002-03-31",
        "symbol": "ENDP",
        "reportedCurrency": "USD",
        "cik": "0001593034",
        "fillingDate": "2002-03-31",
        "acceptedDate": "2002-03-30 19:00:00",
        "calendarYear": "2002",
        "period": "Q1",
        "revenue": 67026000,
        "costOfRevenue": 18891000,
        "grossProfit": 48135000,
        "grossProfitRatio": 0.7181541491,
        "researchAndDevelopmentExpenses": 13396000,
        "generalAndAdministrativeExpenses": 0,
        "sellingAndMarketingExpenses": 0,
        "sellingGeneralAndAdministrativeExpenses": 24368000,
        "otherExpenses": 0,
        "operatingExpenses": 37764000,
        "costAndExpenses": 56655000,
        "interestIncome": 0,
        "interestExpense": 1622000,
        "depreciationAndAmortization": 865000,
        "ebitda": 11236000,
        "ebitdaratio": 0.1676364396,
        "operatingIncome": 10371000,
        "operatingIncomeRatio": 0.1547309999,
        "totalOtherIncomeExpensesNet": -1622000,
        "incomeBeforeTax": 8749000,
        "incomeBeforeTaxRatio": 0.1305314356,
        "incomeTaxExpense": 3373000,
        "netIncome": 5376000,
        "netIncomeRatio": 0.0802076806,
        "eps": 0.0527,
        "epsdiluted": 0.0526,
        "weightedAverageShsOut": 102064000,
        "weightedAverageShsOutDil": 102281000,
        "link": "",
        "finalLink": ""
    },
    {
        "date": "2001-12-31",
        "symbol": "ENDP",
        "reportedCurrency": "USD",
        "cik": "0001593034",
        "fillingDate": "2001-12-31",
        "acceptedDate": "2001-12-30 19:00:00",
        "calendarYear": "2001",
        "period": "Q4",
        "revenue": 78472000,
        "costOfRevenue": 20588000,
        "grossProfit": 57884000,
        "grossProfitRatio": 0.737638903,
        "researchAndDevelopmentExpenses": 13598000,
        "generalAndAdministrativeExpenses": 0,
        "sellingAndMarketingExpenses": 0,
        "sellingGeneralAndAdministrativeExpenses": 36638000,
        "otherExpenses": 0,
        "operatingExpenses": 50236000,
        "costAndExpenses": 70824000,
        "interestIncome": 0,
        "interestExpense": 1833000,
        "depreciationAndAmortization": 19951000,
        "ebitda": 26164000,
        "ebitdaratio": 0.3334182893,
        "operatingIncome": 7648000,
        "operatingIncomeRatio": 0.0974615149,
        "totalOtherIncomeExpensesNet": -1833000,
        "incomeBeforeTax": 5815000,
        "incomeBeforeTaxRatio": 0.0741028647,
        "incomeTaxExpense": -3578000,
        "netIncome": 7958000,
        "netIncomeRatio": 0.1014119686,
        "eps": 0.0893,
        "epsdiluted": 0.0893,
        "weightedAverageShsOut": 89139000,
        "weightedAverageShsOutDil": 89139000,
        "link": "",
        "finalLink": ""
    },
    {
        "date": "2001-09-30",
        "symbol": "ENDP",
        "reportedCurrency": "USD",
        "cik": "0001593034",
        "fillingDate": "2001-09-30",
        "acceptedDate": "2001-09-29 20:00:00",
        "calendarYear": "2001",
        "period": "Q3",
        "revenue": 66268000,
        "costOfRevenue": 20622000,
        "grossProfit": 45646000,
        "grossProfitRatio": 0.6888090783,
        "researchAndDevelopmentExpenses": 7886000,
        "generalAndAdministrativeExpenses": 0,
        "sellingAndMarketingExpenses": 0,
        "sellingGeneralAndAdministrativeExpenses": 69235000,
        "otherExpenses": 0,
        "operatingExpenses": 77121000,
        "costAndExpenses": 97743000,
        "interestIncome": 0,
        "interestExpense": 2686000,
        "depreciationAndAmortization": 12704000,
        "ebitda": -18771000,
        "ebitdaratio": -0.2832588882,
        "operatingIncome": -31475000,
        "operatingIncomeRatio": -0.4749652924,
        "totalOtherIncomeExpensesNet": -2686000,
        "incomeBeforeTax": -34161000,
        "incomeBeforeTaxRatio": -0.5154976761,
        "incomeTaxExpense": -1168000,
        "netIncome": -32993000,
        "netIncomeRatio": -0.4978722762,
        "eps": -0.37,
        "epsdiluted": -0.37,
        "weightedAverageShsOut": 89139000,
        "weightedAverageShsOutDil": 89139000,
        "link": "",
        "finalLink": ""
    },
    {
        "date": "2001-06-30",
        "symbol": "ENDP",
        "reportedCurrency": "USD",
        "cik": "0001593034",
        "fillingDate": "2001-06-30",
        "acceptedDate": "2001-06-29 20:00:00",
        "calendarYear": "2001",
        "period": "Q2",
        "revenue": 67857000,
        "costOfRevenue": 21032000,
        "grossProfit": 46825000,
        "grossProfitRatio": 0.6900540843,
        "researchAndDevelopmentExpenses": 8336000,
        "generalAndAdministrativeExpenses": 0,
        "sellingAndMarketingExpenses": 0,
        "sellingGeneralAndAdministrativeExpenses": 31830000,
        "otherExpenses": 0,
        "operatingExpenses": 40166000,
        "costAndExpenses": 61198000,
        "interestIncome": 0,
        "interestExpense": 2903000,
        "depreciationAndAmortization": 12685000,
        "ebitda": 19344000,
        "ebitdaratio": 0.2850700738,
        "operatingIncome": 6659000,
        "operatingIncomeRatio": 0.0981328382,
        "totalOtherIncomeExpensesNet": -2903000,
        "incomeBeforeTax": 3756000,
        "incomeBeforeTaxRatio": 0.0553516955,
        "incomeTaxExpense": 1025000,
        "netIncome": 2731000,
        "netIncomeRatio": 0.0402464005,
        "eps": 0.0306,
        "epsdiluted": 0.0306,
        "weightedAverageShsOut": 89138950,
        "weightedAverageShsOutDil": 89212515,
        "link": "",
        "finalLink": ""
    },
    {
        "date": "2001-03-31",
        "symbol": "ENDP",
        "reportedCurrency": "USD",
        "cik": "0001593034",
        "fillingDate": "2001-03-31",
        "acceptedDate": "2001-03-30 19:00:00",
        "calendarYear": "2001",
        "period": "Q1",
        "revenue": 39382000,
        "costOfRevenue": 12649000,
        "grossProfit": 26733000,
        "grossProfitRatio": 0.6788126555,
        "researchAndDevelopmentExpenses": 9174000,
        "generalAndAdministrativeExpenses": 0,
        "sellingAndMarketingExpenses": 0,
        "sellingGeneralAndAdministrativeExpenses": 28289000,
        "otherExpenses": 0,
        "operatingExpenses": 37463000,
        "costAndExpenses": 50112000,
        "interestIncome": 0,
        "interestExpense": 3540000,
        "depreciationAndAmortization": 12946000,
        "ebitda": 2216000,
        "ebitdaratio": 0.0562693616,
        "operatingIncome": -10730000,
        "operatingIncomeRatio": -0.2724594993,
        "totalOtherIncomeExpensesNet": -3540000,
        "incomeBeforeTax": -14270000,
        "incomeBeforeTaxRatio": -0.3623482809,
        "incomeTaxExpense": -32000,
        "netIncome": -14238000,
        "netIncomeRatio": -0.361535727,
        "eps": -0.16,
        "epsdiluted": -0.16,
        "weightedAverageShsOut": 89138950,
        "weightedAverageShsOutDil": 89138950,
        "link": "",
        "finalLink": ""
    },
    {
        "date": "2000-12-31",
        "symbol": "ENDP",
        "reportedCurrency": "USD",
        "cik": "0001593034",
        "fillingDate": "2000-12-31",
        "acceptedDate": "2000-12-30 19:00:00",
        "calendarYear": "2000",
        "period": "Q4",
        "revenue": 77593000,
        "costOfRevenue": 21536000,
        "grossProfit": 56057000,
        "grossProfitRatio": 0.72244919,
        "researchAndDevelopmentExpenses": 10001000,
        "generalAndAdministrativeExpenses": 0,
        "sellingAndMarketingExpenses": 0,
        "sellingGeneralAndAdministrativeExpenses": 26336000,
        "otherExpenses": 0,
        "operatingExpenses": 36337000,
        "costAndExpenses": 57873000,
        "interestIncome": 0,
        "interestExpense": 3729000,
        "depreciationAndAmortization": 10501000,
        "ebitda": 14921000,
        "ebitdaratio": 0.1922982743,
        "operatingIncome": 19720000,
        "operatingIncomeRatio": 0.2541466369,
        "totalOtherIncomeExpensesNet": -19029000,
        "incomeBeforeTax": 691000,
        "incomeBeforeTaxRatio": 0.0089054425,
        "incomeTaxExpense": 3997000,
        "netIncome": -3306000,
        "netIncomeRatio": -0.0426069362,
        "eps": -0.0385,
        "epsdiluted": -0.0385,
        "weightedAverageShsOut": 85847875,
        "weightedAverageShsOutDil": 85847875,
        "link": "",
        "finalLink": ""
    },
    {
        "date": "2000-09-30",
        "symbol": "ENDP",
        "reportedCurrency": "USD",
        "cik": "0001593034",
        "fillingDate": "2000-09-30",
        "acceptedDate": "2000-09-29 20:00:00",
        "calendarYear": "2000",
        "period": "Q3",
        "revenue": 50902000,
        "costOfRevenue": 12538000,
        "grossProfit": 38364000,
        "grossProfitRatio": 0.7536835488,
        "researchAndDevelopmentExpenses": 8315000,
        "generalAndAdministrativeExpenses": 0,
        "sellingAndMarketingExpenses": 0,
        "sellingGeneralAndAdministrativeExpenses": 27995000,
        "otherExpenses": 0,
        "operatingExpenses": 36310000,
        "costAndExpenses": 48848000,
        "interestIncome": 0,
        "interestExpense": 3672000,
        "depreciationAndAmortization": 13431000,
        "ebitda": -119298000,
        "ebitdaratio": -2.3436800126,
        "operatingIncome": 2054000,
        "operatingIncomeRatio": 0.040352049,
        "totalOtherIncomeExpensesNet": -138455000,
        "incomeBeforeTax": -136401000,
        "incomeBeforeTaxRatio": -2.6796785981,
        "incomeTaxExpense": 147000,
        "netIncome": -136548000,
        "netIncomeRatio": -2.6825665003,
        "eps": -1.59,
        "epsdiluted": -1.59,
        "weightedAverageShsOut": 85847875,
        "weightedAverageShsOutDil": 85847875,
        "link": "",
        "finalLink": ""
    },
    {
        "date": "2000-06-30",
        "symbol": "ENDP",
        "reportedCurrency": "USD",
        "cik": "0001593034",
        "fillingDate": "2000-06-30",
        "acceptedDate": "2000-06-29 20:00:00",
        "calendarYear": "2000",
        "period": "Q2",
        "revenue": 41934000,
        "costOfRevenue": 16271000,
        "grossProfit": 25663000,
        "grossProfitRatio": 0.611985501,
        "researchAndDevelopmentExpenses": 4668000,
        "generalAndAdministrativeExpenses": 0,
        "sellingAndMarketingExpenses": 0,
        "sellingGeneralAndAdministrativeExpenses": 16240000,
        "otherExpenses": 0,
        "operatingExpenses": 20908000,
        "costAndExpenses": 37179000,
        "interestIncome": 0,
        "interestExpense": 0,
        "depreciationAndAmortization": -3781000,
        "ebitda": 974000,
        "ebitdaratio": 0.0232269757,
        "operatingIncome": 4755000,
        "operatingIncomeRatio": 0.1133924739,
        "totalOtherIncomeExpensesNet": -3781000,
        "incomeBeforeTax": 974000,
        "incomeBeforeTaxRatio": 0.0232269757,
        "incomeTaxExpense": 366000,
        "netIncome": 608000,
        "netIncomeRatio": 0.0144989746,
        "eps": 0.0085,
        "epsdiluted": 0.0085,
        "weightedAverageShsOut": 71328424,
        "weightedAverageShsOutDil": 71328424,
        "link": "",
        "finalLink": ""
    }
]