[
    {
        "date": "2018-09-30",
        "symbol": "ESRX",
        "reportedCurrency": "USD",
        "cik": "0001532063",
        "fillingDate": "2018-09-30",
        "acceptedDate": "2018-09-30 00:00:00",
        "calendarYear": "2018",
        "period": "Q3",
        "revenue": 25563200000,
        "costOfRevenue": 23211800000,
        "grossProfit": 2351400000,
        "grossProfitRatio": 0.0919837892,
        "researchAndDevelopmentExpenses": 0,
        "generalAndAdministrativeExpenses": 0,
        "sellingAndMarketingExpenses": 0,
        "sellingGeneralAndAdministrativeExpenses": 862800000,
        "otherExpenses": 0,
        "operatingExpenses": 862800000,
        "costAndExpenses": 24074600000,
        "interestIncome": 13000000,
        "interestExpense": 151000000,
        "depreciationAndAmortization": 510700000,
        "ebitda": 1999300000,
        "ebitdaratio": 0.0782100832,
        "operatingIncome": 1488600000,
        "operatingIncomeRatio": 0.0582321462,
        "totalOtherIncomeExpensesNet": -138000000,
        "incomeBeforeTax": 1350600000,
        "incomeBeforeTaxRatio": 0.052833761,
        "incomeTaxExpense": 276800000,
        "netIncome": 1071600000,
        "netIncomeRatio": 0.0419196345,
        "eps": 1.9,
        "epsdiluted": 1.89,
        "weightedAverageShsOut": 562900000,
        "weightedAverageShsOutDil": 567900000,
        "link": null,
        "finalLink": null
    },
    {
        "date": "2018-06-30",
        "symbol": "ESRX",
        "reportedCurrency": "USD",
        "cik": "0001532063",
        "fillingDate": "2018-06-30",
        "acceptedDate": "2018-06-30 00:00:00",
        "calendarYear": "2018",
        "period": "Q2",
        "revenue": 25641800000,
        "costOfRevenue": 23437600000,
        "grossProfit": 2204200000,
        "grossProfitRatio": 0.085961204,
        "researchAndDevelopmentExpenses": 0,
        "generalAndAdministrativeExpenses": 0,
        "sellingAndMarketingExpenses": 0,
        "sellingGeneralAndAdministrativeExpenses": 892000000,
        "otherExpenses": 0,
        "operatingExpenses": 892000000,
        "costAndExpenses": 24329600000,
        "interestIncome": 8800000,
        "interestExpense": 151300000,
        "depreciationAndAmortization": 512500000,
        "ebitda": 1824700000,
        "ebitdaratio": 0.0711611509,
        "operatingIncome": 1312200000,
        "operatingIncomeRatio": 0.0511742545,
        "totalOtherIncomeExpensesNet": -142500000,
        "incomeBeforeTax": 1169700000,
        "incomeBeforeTaxRatio": 0.0456169224,
        "incomeTaxExpense": 290300000,
        "netIncome": 877300000,
        "netIncomeRatio": 0.0342136667,
        "eps": 1.56,
        "epsdiluted": 1.55,
        "weightedAverageShsOut": 561900000,
        "weightedAverageShsOutDil": 565500000,
        "link": null,
        "finalLink": null
    },
    {
        "date": "2018-03-31",
        "symbol": "ESRX",
        "reportedCurrency": "USD",
        "cik": "0001532063",
        "fillingDate": "2018-03-31",
        "acceptedDate": "2018-03-31 00:00:00",
        "calendarYear": "2018",
        "period": "Q1",
        "revenue": 24769400000,
        "costOfRevenue": 22890000000,
        "grossProfit": 1879400000,
        "grossProfitRatio": 0.0758758791,
        "researchAndDevelopmentExpenses": 0,
        "generalAndAdministrativeExpenses": 0,
        "sellingAndMarketingExpenses": 0,
        "sellingGeneralAndAdministrativeExpenses": 917800000,
        "otherExpenses": 0,
        "operatingExpenses": 917800000,
        "costAndExpenses": 23807800000,
        "interestIncome": 12000000,
        "interestExpense": 154000000,
        "depreciationAndAmortization": 510800000,
        "ebitda": 1472400000,
        "ebitdaratio": 0.0594443144,
        "operatingIncome": 961600000,
        "operatingIncomeRatio": 0.038822095,
        "totalOtherIncomeExpensesNet": -142000000,
        "incomeBeforeTax": 819600000,
        "incomeBeforeTaxRatio": 0.0330892149,
        "incomeTaxExpense": 193700000,
        "netIncome": 623200000,
        "netIncomeRatio": 0.0251600765,
        "eps": 1.11,
        "epsdiluted": 1.1,
        "weightedAverageShsOut": 562800000,
        "weightedAverageShsOutDil": 567100000,
        "link": null,
        "finalLink": null
    },
    {
        "date": "2017-12-31",
        "symbol": "ESRX",
        "reportedCurrency": "USD",
        "cik": "0001532063",
        "fillingDate": "2017-12-31",
        "acceptedDate": "2017-12-31 00:00:00",
        "calendarYear": "2017",
        "period": "Q4",
        "revenue": 25378800000,
        "costOfRevenue": 22888300000,
        "grossProfit": 2490500000,
        "grossProfitRatio": 0.0981330875,
        "researchAndDevelopmentExpenses": 0,
        "generalAndAdministrativeExpenses": 0,
        "sellingAndMarketingExpenses": 0,
        "sellingGeneralAndAdministrativeExpenses": 908100000,
        "otherExpenses": 0,
        "operatingExpenses": 908100000,
        "costAndExpenses": 23796400000,
        "interestIncome": 14200000,
        "interestExpense": 168000000,
        "depreciationAndAmortization": 472000000,
        "ebitda": 2054400000,
        "ebitdaratio": 0.0809494539,
        "operatingIncome": 1582400000,
        "operatingIncomeRatio": 0.0623512538,
        "totalOtherIncomeExpensesNet": -153800000,
        "incomeBeforeTax": 1428600000,
        "incomeBeforeTaxRatio": 0.0562910776,
        "incomeTaxExpense": -902300000,
        "netIncome": 2327600000,
        "netIncomeRatio": 0.0917143443,
        "eps": 4.12,
        "epsdiluted": 4.1,
        "weightedAverageShsOut": 565000000,
        "weightedAverageShsOutDil": 568400000,
        "link": null,
        "finalLink": null
    },
    {
        "date": "2017-09-30",
        "symbol": "ESRX",
        "reportedCurrency": "USD",
        "cik": "0001532063",
        "fillingDate": "2017-09-30",
        "acceptedDate": "2017-09-30 00:00:00",
        "calendarYear": "2017",
        "period": "Q3",
        "revenue": 24683400000,
        "costOfRevenue": 22445700000,
        "grossProfit": 2237700000,
        "grossProfitRatio": 0.0906560685,
        "researchAndDevelopmentExpenses": 0,
        "generalAndAdministrativeExpenses": 0,
        "sellingAndMarketingExpenses": 0,
        "sellingGeneralAndAdministrativeExpenses": 759300000,
        "otherExpenses": 0,
        "operatingExpenses": 759300000,
        "costAndExpenses": 23205000000,
        "interestIncome": 13600000,
        "interestExpense": 147700000,
        "depreciationAndAmortization": 449400000,
        "ebitda": 1492000000,
        "ebitdaratio": 0.0604454816,
        "operatingIncome": 1042600000,
        "operatingIncomeRatio": 0.0422389136,
        "totalOtherIncomeExpensesNet": 301700000,
        "incomeBeforeTax": 1344300000,
        "incomeBeforeTaxRatio": 0.054461703,
        "incomeTaxExpense": 499300000,
        "netIncome": 841700000,
        "netIncomeRatio": 0.0340998404,
        "eps": 1.47,
        "epsdiluted": 1.46,
        "weightedAverageShsOut": 571800000,
        "weightedAverageShsOutDil": 574700000,
        "link": null,
        "finalLink": null
    },
    {
        "date": "2017-06-30",
        "symbol": "ESRX",
        "reportedCurrency": "USD",
        "cik": "0001532063",
        "fillingDate": "2017-06-30",
        "acceptedDate": "2017-06-29 20:00:00",
        "calendarYear": "2017",
        "period": "Q2",
        "revenue": 25347500000,
        "costOfRevenue": 23186300000,
        "grossProfit": 2161200000,
        "grossProfitRatio": 0.0852628464,
        "researchAndDevelopmentExpenses": 0,
        "generalAndAdministrativeExpenses": 0,
        "sellingAndMarketingExpenses": 0,
        "sellingGeneralAndAdministrativeExpenses": 782600000,
        "otherExpenses": 0,
        "operatingExpenses": 782600000,
        "costAndExpenses": 23968900000,
        "interestIncome": 8800000,
        "interestExpense": 146500000,
        "depreciationAndAmortization": 449200000,
        "ebitda": 1836600000,
        "ebitdaratio": 0.0724568498,
        "operatingIncome": 1378600000,
        "operatingIncomeRatio": 0.0543880067,
        "totalOtherIncomeExpensesNet": -137700000,
        "incomeBeforeTax": 1240900000,
        "incomeBeforeTaxRatio": 0.0489555183,
        "incomeTaxExpense": 435400000,
        "netIncome": 801800000,
        "netIncomeRatio": 0.0316323109,
        "eps": 1.38,
        "epsdiluted": 1.37,
        "weightedAverageShsOut": 582900000,
        "weightedAverageShsOutDil": 585600000,
        "link": null,
        "finalLink": null
    },
    {
        "date": "2017-03-31",
        "symbol": "ESRX",
        "reportedCurrency": "USD",
        "cik": "0001532063",
        "fillingDate": "2017-03-31",
        "acceptedDate": "2017-03-30 20:00:00",
        "calendarYear": "2017",
        "period": "Q1",
        "revenue": 24654900000,
        "costOfRevenue": 22782200000,
        "grossProfit": 1872700000,
        "grossProfitRatio": 0.0759565036,
        "researchAndDevelopmentExpenses": 0,
        "generalAndAdministrativeExpenses": 0,
        "sellingAndMarketingExpenses": 0,
        "sellingGeneralAndAdministrativeExpenses": 818100000,
        "otherExpenses": 0,
        "operatingExpenses": 818100000,
        "costAndExpenses": 23600300000,
        "interestIncome": 6300000,
        "interestExpense": 145700000,
        "depreciationAndAmortization": 445600000,
        "ebitda": 1506500000,
        "ebitdaratio": 0.0611034723,
        "operatingIncome": 1054600000,
        "operatingIncomeRatio": 0.0427744586,
        "totalOtherIncomeExpensesNet": -139400000,
        "incomeBeforeTax": 915200000,
        "incomeBeforeTaxRatio": 0.0371204101,
        "incomeTaxExpense": 364900000,
        "netIncome": 546300000,
        "netIncomeRatio": 0.0221578672,
        "eps": 0.91,
        "epsdiluted": 0.9,
        "weightedAverageShsOut": 601000000,
        "weightedAverageShsOutDil": 605100000,
        "link": null,
        "finalLink": null
    },
    {
        "date": "2016-12-31",
        "symbol": "ESRX",
        "reportedCurrency": "USD",
        "cik": "0001532063",
        "fillingDate": "2016-12-31",
        "acceptedDate": "2016-12-30 19:00:00",
        "calendarYear": "2016",
        "period": "Q4",
        "revenue": 24863300000,
        "costOfRevenue": 22525100000,
        "grossProfit": 2338200000,
        "grossProfitRatio": 0.0940422229,
        "researchAndDevelopmentExpenses": 0,
        "generalAndAdministrativeExpenses": 0,
        "sellingAndMarketingExpenses": 0,
        "sellingGeneralAndAdministrativeExpenses": 863500000,
        "otherExpenses": 0,
        "operatingExpenses": 863500000,
        "costAndExpenses": 23388600000,
        "interestIncome": 6700000,
        "interestExpense": 146000000,
        "depreciationAndAmortization": 543400000,
        "ebitda": 2024800000,
        "ebitdaratio": 0.0814372992,
        "operatingIncome": 1474700000,
        "operatingIncomeRatio": 0.0593123198,
        "totalOtherIncomeExpensesNet": -139300000,
        "incomeBeforeTax": 1335400000,
        "incomeBeforeTaxRatio": 0.0537096846,
        "incomeTaxExpense": -104400000,
        "netIncome": 1434700000,
        "netIncomeRatio": 0.0577035229,
        "eps": 2.36,
        "epsdiluted": 2.34,
        "weightedAverageShsOut": 609100000,
        "weightedAverageShsOutDil": 613500000,
        "link": null,
        "finalLink": null
    },
    {
        "date": "2016-09-30",
        "symbol": "ESRX",
        "reportedCurrency": "USD",
        "cik": "0001532063",
        "fillingDate": "2016-09-30",
        "acceptedDate": "2016-09-29 20:00:00",
        "calendarYear": "2016",
        "period": "Q3",
        "revenue": 25410100000,
        "costOfRevenue": 23136000000,
        "grossProfit": 2274100000,
        "grossProfitRatio": 0.0894959091,
        "researchAndDevelopmentExpenses": 0,
        "generalAndAdministrativeExpenses": 0,
        "sellingAndMarketingExpenses": 0,
        "sellingGeneralAndAdministrativeExpenses": 858100000,
        "otherExpenses": 0,
        "operatingExpenses": 858100000,
        "costAndExpenses": 23994100000,
        "interestIncome": 8300000,
        "interestExpense": 273400000,
        "depreciationAndAmortization": 537700000,
        "ebitda": 1962000000,
        "ebitdaratio": 0.0772133915,
        "operatingIncome": 1416000000,
        "operatingIncomeRatio": 0.0557258728,
        "totalOtherIncomeExpensesNet": -265100000,
        "incomeBeforeTax": 1150900000,
        "incomeBeforeTaxRatio": 0.0452930134,
        "incomeTaxExpense": 422400000,
        "netIncome": 722900000,
        "netIncomeRatio": 0.0284493174,
        "eps": 1.16,
        "epsdiluted": 1.15,
        "weightedAverageShsOut": 622600000,
        "weightedAverageShsOutDil": 627100000,
        "link": null,
        "finalLink": null
    },
    {
        "date": "2016-06-30",
        "symbol": "ESRX",
        "reportedCurrency": "USD",
        "cik": "0001532063",
        "fillingDate": "2016-06-30",
        "acceptedDate": "2016-06-29 20:00:00",
        "calendarYear": "2016",
        "period": "Q2",
        "revenue": 25222300000,
        "costOfRevenue": 23061100000,
        "grossProfit": 2161200000,
        "grossProfitRatio": 0.0856860794,
        "researchAndDevelopmentExpenses": 0,
        "generalAndAdministrativeExpenses": 0,
        "sellingAndMarketingExpenses": 0,
        "sellingGeneralAndAdministrativeExpenses": 904900000,
        "otherExpenses": 0,
        "operatingExpenses": 904900000,
        "costAndExpenses": 23966000000,
        "interestIncome": 10300000,
        "interestExpense": 136800000,
        "depreciationAndAmortization": 548200000,
        "ebitda": 1814800000,
        "ebitdaratio": 0.071952201,
        "operatingIncome": 1256300000,
        "operatingIncomeRatio": 0.0498090975,
        "totalOtherIncomeExpensesNet": -126500000,
        "incomeBeforeTax": 1129800000,
        "incomeBeforeTaxRatio": 0.0447936945,
        "incomeTaxExpense": 402700000,
        "netIncome": 720700000,
        "netIncomeRatio": 0.0285739207,
        "eps": 1.14,
        "epsdiluted": 1.13,
        "weightedAverageShsOut": 631300000,
        "weightedAverageShsOutDil": 635700000,
        "link": null,
        "finalLink": null
    },
    {
        "date": "2016-03-31",
        "symbol": "ESRX",
        "reportedCurrency": "USD",
        "cik": "0001532063",
        "fillingDate": "2016-03-31",
        "acceptedDate": "2016-03-30 20:00:00",
        "calendarYear": "2016",
        "period": "Q1",
        "revenue": 24791800000,
        "costOfRevenue": 22944800000,
        "grossProfit": 1847000000,
        "grossProfitRatio": 0.0745004397,
        "researchAndDevelopmentExpenses": 0,
        "generalAndAdministrativeExpenses": 0,
        "sellingAndMarketingExpenses": 0,
        "sellingGeneralAndAdministrativeExpenses": 906200000,
        "otherExpenses": 0,
        "operatingExpenses": 906200000,
        "costAndExpenses": 23851000000,
        "interestIncome": 8800000,
        "interestExpense": 138600000,
        "depreciationAndAmortization": 525300000,
        "ebitda": 1474900000,
        "ebitdaratio": 0.0594914448,
        "operatingIncome": 940800000,
        "operatingIncomeRatio": 0.0379480312,
        "totalOtherIncomeExpensesNet": -129800000,
        "incomeBeforeTax": 811000000,
        "incomeBeforeTaxRatio": 0.0327124291,
        "incomeTaxExpense": 278800000,
        "netIncome": 526100000,
        "netIncomeRatio": 0.0212207262,
        "eps": 0.82,
        "epsdiluted": 0.81,
        "weightedAverageShsOut": 645000000,
        "weightedAverageShsOutDil": 649700000,
        "link": null,
        "finalLink": null
    },
    {
        "date": "2015-12-31",
        "symbol": "ESRX",
        "reportedCurrency": "USD",
        "cik": "0001532063",
        "fillingDate": "2015-12-31",
        "acceptedDate": "2015-12-30 19:00:00",
        "calendarYear": "2015",
        "period": "Q4",
        "revenue": 26175400000,
        "costOfRevenue": 23912200000,
        "grossProfit": 2263200000,
        "grossProfitRatio": 0.0864628621,
        "researchAndDevelopmentExpenses": 0,
        "generalAndAdministrativeExpenses": 0,
        "sellingAndMarketingExpenses": 0,
        "sellingGeneralAndAdministrativeExpenses": 1049400000,
        "otherExpenses": 0,
        "operatingExpenses": 1049400000,
        "costAndExpenses": 24961600000,
        "interestIncome": 5700000,
        "interestExpense": 123200000,
        "depreciationAndAmortization": 631400000,
        "ebitda": 1850900000,
        "ebitdaratio": 0.0707114313,
        "operatingIncome": 1213800000,
        "operatingIncomeRatio": 0.0463717842,
        "totalOtherIncomeExpensesNet": -117500000,
        "incomeBeforeTax": 1096300000,
        "incomeBeforeTaxRatio": 0.0418828366,
        "incomeTaxExpense": 317400000,
        "netIncome": 773500000,
        "netIncomeRatio": 0.0295506468,
        "eps": 1.14,
        "epsdiluted": 1.13,
        "weightedAverageShsOut": 676800000,
        "weightedAverageShsOutDil": 682700000,
        "link": null,
        "finalLink": null
    },
    {
        "date": "2015-09-30",
        "symbol": "ESRX",
        "reportedCurrency": "USD",
        "cik": "0001532063",
        "fillingDate": "2015-09-30",
        "acceptedDate": "2015-09-29 20:00:00",
        "calendarYear": "2015",
        "period": "Q3",
        "revenue": 25222600000,
        "costOfRevenue": 23049100000,
        "grossProfit": 2173500000,
        "grossProfitRatio": 0.0861727181,
        "researchAndDevelopmentExpenses": 0,
        "generalAndAdministrativeExpenses": 0,
        "sellingAndMarketingExpenses": 0,
        "sellingGeneralAndAdministrativeExpenses": 1007300000,
        "otherExpenses": 0,
        "operatingExpenses": 1007300000,
        "costAndExpenses": 24056400000,
        "interestIncome": 7800000,
        "interestExpense": 128400000,
        "depreciationAndAmortization": 582800000,
        "ebitda": 1756800000,
        "ebitdaratio": 0.0696518202,
        "operatingIncome": 1166200000,
        "operatingIncomeRatio": 0.0462363119,
        "totalOtherIncomeExpensesNet": -120600000,
        "incomeBeforeTax": 1045600000,
        "incomeBeforeTaxRatio": 0.0414548857,
        "incomeTaxExpense": 378200000,
        "netIncome": 661700000,
        "netIncomeRatio": 0.0262344088,
        "eps": 0.98,
        "epsdiluted": 0.97,
        "weightedAverageShsOut": 676300000,
        "weightedAverageShsOutDil": 682200000,
        "link": null,
        "finalLink": null
    },
    {
        "date": "2015-06-30",
        "symbol": "ESRX",
        "reportedCurrency": "USD",
        "cik": "0001532063",
        "fillingDate": "2015-06-30",
        "acceptedDate": "2015-06-29 20:00:00",
        "calendarYear": "2015",
        "period": "Q2",
        "revenue": 25454200000,
        "costOfRevenue": 23323000000,
        "grossProfit": 2131200000,
        "grossProfitRatio": 0.0837268506,
        "researchAndDevelopmentExpenses": 0,
        "generalAndAdministrativeExpenses": 0,
        "sellingAndMarketingExpenses": 0,
        "sellingGeneralAndAdministrativeExpenses": 998500000,
        "otherExpenses": 0,
        "operatingExpenses": 998500000,
        "costAndExpenses": 24321500000,
        "interestIncome": 6000000,
        "interestExpense": 132300000,
        "depreciationAndAmortization": 588200000,
        "ebitda": 1726900000,
        "ebitdaratio": 0.0678434207,
        "operatingIncome": 1132700000,
        "operatingIncomeRatio": 0.0444995325,
        "totalOtherIncomeExpensesNet": -126300000,
        "incomeBeforeTax": 1006400000,
        "incomeBeforeTaxRatio": 0.0395376794,
        "incomeTaxExpense": 400300000,
        "netIncome": 600100000,
        "netIncomeRatio": 0.0235756771,
        "eps": 0.89,
        "epsdiluted": 0.88,
        "weightedAverageShsOut": 675400000,
        "weightedAverageShsOutDil": 681400000,
        "link": null,
        "finalLink": null
    },
    {
        "date": "2015-03-31",
        "symbol": "ESRX",
        "reportedCurrency": "USD",
        "cik": "0001532063",
        "fillingDate": "2015-03-31",
        "acceptedDate": "2015-03-30 20:00:00",
        "calendarYear": "2015",
        "period": "Q1",
        "revenue": 24899600000,
        "costOfRevenue": 23065600000,
        "grossProfit": 1834000000,
        "grossProfitRatio": 0.0736558017,
        "researchAndDevelopmentExpenses": 0,
        "generalAndAdministrativeExpenses": 0,
        "sellingAndMarketingExpenses": 0,
        "sellingGeneralAndAdministrativeExpenses": 1007400000,
        "otherExpenses": 0,
        "operatingExpenses": 1007400000,
        "costAndExpenses": 24073000000,
        "interestIncome": 5300000,
        "interestExpense": 116400000,
        "depreciationAndAmortization": 556700000,
        "ebitda": 1388600000,
        "ebitdaratio": 0.0557679641,
        "operatingIncome": 826600000,
        "operatingIncomeRatio": 0.0331973204,
        "totalOtherIncomeExpensesNet": -111100000,
        "incomeBeforeTax": 715500000,
        "incomeBeforeTaxRatio": 0.0287354014,
        "incomeTaxExpense": 268400000,
        "netIncome": 441100000,
        "netIncomeRatio": 0.017715144,
        "eps": 0.61,
        "epsdiluted": 0.6,
        "weightedAverageShsOut": 728400000,
        "weightedAverageShsOutDil": 735400000,
        "link": null,
        "finalLink": null
    },
    {
        "date": "2014-12-31",
        "symbol": "ESRX",
        "reportedCurrency": "USD",
        "cik": "0001532063",
        "fillingDate": "2014-12-31",
        "acceptedDate": "2014-12-30 19:00:00",
        "calendarYear": "2014",
        "period": "Q4",
        "revenue": 26312600000,
        "costOfRevenue": 24218600000,
        "grossProfit": 2094000000,
        "grossProfitRatio": 0.0795816453,
        "researchAndDevelopmentExpenses": 0,
        "generalAndAdministrativeExpenses": 0,
        "sellingAndMarketingExpenses": 0,
        "sellingGeneralAndAdministrativeExpenses": 1151200000,
        "otherExpenses": 0,
        "operatingExpenses": 1151200000,
        "costAndExpenses": 25369800000,
        "interestIncome": 4700000,
        "interestExpense": 122100000,
        "depreciationAndAmortization": 584700000,
        "ebitda": 1537300000,
        "ebitdaratio": 0.058424481,
        "operatingIncome": 942800000,
        "operatingIncomeRatio": 0.0358307427,
        "totalOtherIncomeExpensesNet": -112300000,
        "incomeBeforeTax": 830500000,
        "incomeBeforeTaxRatio": 0.0315628254,
        "incomeTaxExpense": 241800000,
        "netIncome": 581800000,
        "netIncomeRatio": 0.0221110799,
        "eps": 0.8,
        "epsdiluted": 0.79,
        "weightedAverageShsOut": 730000000,
        "weightedAverageShsOutDil": 737900000,
        "link": null,
        "finalLink": null
    },
    {
        "date": "2014-09-30",
        "symbol": "ESRX",
        "reportedCurrency": "USD",
        "cik": "0001532063",
        "fillingDate": "2014-09-30",
        "acceptedDate": "2014-09-29 20:00:00",
        "calendarYear": "2014",
        "period": "Q3",
        "revenue": 25778500000,
        "costOfRevenue": 23705500000,
        "grossProfit": 2073000000,
        "grossProfitRatio": 0.0804158504,
        "researchAndDevelopmentExpenses": 0,
        "generalAndAdministrativeExpenses": 0,
        "sellingAndMarketingExpenses": 0,
        "sellingGeneralAndAdministrativeExpenses": 1088600000,
        "otherExpenses": 0,
        "operatingExpenses": 1088600000,
        "costAndExpenses": 24794100000,
        "interestIncome": 8300000,
        "interestExpense": 201600000,
        "depreciationAndAmortization": 547000000,
        "ebitda": 1546900000,
        "ebitdaratio": 0.0600073705,
        "operatingIncome": 984400000,
        "operatingIncomeRatio": 0.0381868611,
        "totalOtherIncomeExpensesNet": -186100000,
        "incomeBeforeTax": 798300000,
        "incomeBeforeTaxRatio": 0.0309676669,
        "incomeTaxExpense": 209200000,
        "netIncome": 582300000,
        "netIncomeRatio": 0.0225885913,
        "eps": 0.79,
        "epsdiluted": 0.78,
        "weightedAverageShsOut": 738100000,
        "weightedAverageShsOutDil": 746000000,
        "link": null,
        "finalLink": null
    },
    {
        "date": "2014-06-30",
        "symbol": "ESRX",
        "reportedCurrency": "USD",
        "cik": "0001532063",
        "fillingDate": "2014-06-30",
        "acceptedDate": "2014-06-29 20:00:00",
        "calendarYear": "2014",
        "period": "Q2",
        "revenue": 25111000000,
        "costOfRevenue": 23103300000,
        "grossProfit": 2007700000,
        "grossProfitRatio": 0.0799530086,
        "researchAndDevelopmentExpenses": 0,
        "generalAndAdministrativeExpenses": 0,
        "sellingAndMarketingExpenses": 0,
        "sellingGeneralAndAdministrativeExpenses": 1041700000,
        "otherExpenses": 0,
        "operatingExpenses": 1041700000,
        "costAndExpenses": 24145000000,
        "interestIncome": 5600000,
        "interestExpense": 134700000,
        "depreciationAndAmortization": 558100000,
        "ebitda": 1534400000,
        "ebitdaratio": 0.0611046952,
        "operatingIncome": 966000000,
        "operatingIncomeRatio": 0.0384691968,
        "totalOtherIncomeExpensesNet": -124400000,
        "incomeBeforeTax": 841600000,
        "incomeBeforeTaxRatio": 0.0335151925,
        "incomeTaxExpense": 318900000,
        "netIncome": 515200000,
        "netIncomeRatio": 0.0205169049,
        "eps": 0.68,
        "epsdiluted": 0.67,
        "weightedAverageShsOut": 758100000,
        "weightedAverageShsOutDil": 766500000,
        "link": null,
        "finalLink": null
    },
    {
        "date": "2014-03-31",
        "symbol": "ESRX",
        "reportedCurrency": "USD",
        "cik": "0001532063",
        "fillingDate": "2014-03-31",
        "acceptedDate": "2014-03-30 20:00:00",
        "calendarYear": "2014",
        "period": "Q1",
        "revenue": 23685000000,
        "costOfRevenue": 21934600000,
        "grossProfit": 1750400000,
        "grossProfitRatio": 0.0739033143,
        "researchAndDevelopmentExpenses": 0,
        "generalAndAdministrativeExpenses": 0,
        "sellingAndMarketingExpenses": 0,
        "sellingGeneralAndAdministrativeExpenses": 1041200000,
        "otherExpenses": 0,
        "operatingExpenses": 1041200000,
        "costAndExpenses": 22975800000,
        "interestIncome": 9400000,
        "interestExpense": 124500000,
        "depreciationAndAmortization": 553100000,
        "ebitda": 1273400000,
        "ebitdaratio": 0.0537639856,
        "operatingIncome": 709200000,
        "operatingIncomeRatio": 0.0299430019,
        "totalOtherIncomeExpensesNet": -113400000,
        "incomeBeforeTax": 595800000,
        "incomeBeforeTaxRatio": 0.0251551615,
        "incomeTaxExpense": 261300000,
        "netIncome": 328300000,
        "netIncomeRatio": 0.0138610935,
        "eps": 0.42,
        "epsdiluted": 0.42,
        "weightedAverageShsOut": 775400000,
        "weightedAverageShsOutDil": 786400000,
        "link": null,
        "finalLink": null
    },
    {
        "date": "2013-12-31",
        "symbol": "ESRX",
        "reportedCurrency": "USD",
        "cik": "0001532063",
        "fillingDate": "2013-12-31",
        "acceptedDate": "2013-12-30 19:00:00",
        "calendarYear": "2013",
        "period": "Q4",
        "revenue": 25781400000,
        "costOfRevenue": 23720400000,
        "grossProfit": 2061000000,
        "grossProfitRatio": 0.0799413531,
        "researchAndDevelopmentExpenses": 0,
        "generalAndAdministrativeExpenses": 0,
        "sellingAndMarketingExpenses": 0,
        "sellingGeneralAndAdministrativeExpenses": 1232200000,
        "otherExpenses": 0,
        "operatingExpenses": 1232200000,
        "costAndExpenses": 24952600000,
        "interestIncome": 13500000,
        "interestExpense": 125700000,
        "depreciationAndAmortization": 623000000,
        "ebitda": 1475000000,
        "ebitdaratio": 0.0572117883,
        "operatingIncome": 828800000,
        "operatingIncomeRatio": 0.0321472069,
        "totalOtherIncomeExpensesNet": -102500000,
        "incomeBeforeTax": 726300000,
        "incomeBeforeTaxRatio": 0.0281714725,
        "incomeTaxExpense": 208000000,
        "netIncome": 501900000,
        "netIncomeRatio": 0.0194675231,
        "eps": 0.62,
        "epsdiluted": 0.61,
        "weightedAverageShsOut": 809400000,
        "weightedAverageShsOutDil": 822250000,
        "link": null,
        "finalLink": null
    },
    {
        "date": "2013-09-30",
        "symbol": "ESRX",
        "reportedCurrency": "USD",
        "cik": "0001532063",
        "fillingDate": "2013-09-30",
        "acceptedDate": "2013-09-29 20:00:00",
        "calendarYear": "2013",
        "period": "Q3",
        "revenue": 25915600000,
        "costOfRevenue": 23921400000,
        "grossProfit": 1994200000,
        "grossProfitRatio": 0.0769497909,
        "researchAndDevelopmentExpenses": 0,
        "generalAndAdministrativeExpenses": 0,
        "sellingAndMarketingExpenses": 0,
        "sellingGeneralAndAdministrativeExpenses": 1118700000,
        "otherExpenses": 0,
        "operatingExpenses": 1118700000,
        "costAndExpenses": 25040100000,
        "interestIncome": 25700000,
        "interestExpense": 127400000,
        "depreciationAndAmortization": 613800000,
        "ebitda": 1521300000,
        "ebitdaratio": 0.0587020945,
        "operatingIncome": 875500000,
        "operatingIncomeRatio": 0.0337827409,
        "totalOtherIncomeExpensesNet": -95400000,
        "incomeBeforeTax": 780100000,
        "incomeBeforeTaxRatio": 0.0301015605,
        "incomeTaxExpense": 326500000,
        "netIncome": 426700000,
        "netIncomeRatio": 0.0164649863,
        "eps": 0.53,
        "epsdiluted": 0.52,
        "weightedAverageShsOut": 810200000,
        "weightedAverageShsOutDil": 822900000,
        "link": null,
        "finalLink": null
    },
    {
        "date": "2013-06-30",
        "symbol": "ESRX",
        "reportedCurrency": "USD",
        "cik": "0001532063",
        "fillingDate": "2013-06-30",
        "acceptedDate": "2013-06-29 20:00:00",
        "calendarYear": "2013",
        "period": "Q2",
        "revenue": 26425000000,
        "costOfRevenue": 24307400000,
        "grossProfit": 2117600000,
        "grossProfitRatio": 0.0801362346,
        "researchAndDevelopmentExpenses": 0,
        "generalAndAdministrativeExpenses": 0,
        "sellingAndMarketingExpenses": 0,
        "sellingGeneralAndAdministrativeExpenses": 1127300000,
        "otherExpenses": 0,
        "operatingExpenses": 1127300000,
        "costAndExpenses": 25434700000,
        "interestIncome": 1100000,
        "interestExpense": 127600000,
        "depreciationAndAmortization": 609600000,
        "ebitda": 1608000000,
        "ebitdaratio": 0.0608514664,
        "operatingIncome": 990300000,
        "operatingIncomeRatio": 0.0374758751,
        "totalOtherIncomeExpensesNet": -119500000,
        "incomeBeforeTax": 870800000,
        "incomeBeforeTaxRatio": 0.0329536424,
        "incomeTaxExpense": 305000000,
        "netIncome": 543000000,
        "netIncomeRatio": 0.0205487228,
        "eps": 0.67,
        "epsdiluted": 0.66,
        "weightedAverageShsOut": 815200000,
        "weightedAverageShsOutDil": 828400000,
        "link": null,
        "finalLink": null
    },
    {
        "date": "2013-03-31",
        "symbol": "ESRX",
        "reportedCurrency": "USD",
        "cik": "0001532063",
        "fillingDate": "2013-03-31",
        "acceptedDate": "2013-03-30 20:00:00",
        "calendarYear": "2013",
        "period": "Q1",
        "revenue": 26063000000,
        "costOfRevenue": 24096400000,
        "grossProfit": 1966600000,
        "grossProfitRatio": 0.0754556268,
        "researchAndDevelopmentExpenses": 0,
        "generalAndAdministrativeExpenses": 0,
        "sellingAndMarketingExpenses": 0,
        "sellingGeneralAndAdministrativeExpenses": 1124700000,
        "otherExpenses": 0,
        "operatingExpenses": 1124700000,
        "costAndExpenses": 25221100000,
        "interestIncome": 1600000,
        "interestExpense": 215400000,
        "depreciationAndAmortization": 600600000,
        "ebitda": 1453900000,
        "ebitdaratio": 0.0557840617,
        "operatingIncome": 841900000,
        "operatingIncomeRatio": 0.0323024978,
        "totalOtherIncomeExpensesNet": -204000000,
        "incomeBeforeTax": 637900000,
        "incomeBeforeTaxRatio": 0.0244753098,
        "incomeTaxExpense": 258600000,
        "netIncome": 373000000,
        "netIncomeRatio": 0.014311476,
        "eps": 0.46,
        "epsdiluted": 0.45,
        "weightedAverageShsOut": 818700000,
        "weightedAverageShsOutDil": 832500000,
        "link": null,
        "finalLink": null
    },
    {
        "date": "2012-12-31",
        "symbol": "ESRX",
        "reportedCurrency": "USD",
        "cik": "0001532063",
        "fillingDate": "2012-12-31",
        "acceptedDate": "2012-12-30 19:00:00",
        "calendarYear": "2012",
        "period": "Q4",
        "revenue": 27410700000,
        "costOfRevenue": 25107800000,
        "grossProfit": 2302900000,
        "grossProfitRatio": 0.0840146366,
        "researchAndDevelopmentExpenses": 0,
        "generalAndAdministrativeExpenses": 0,
        "sellingAndMarketingExpenses": 0,
        "sellingGeneralAndAdministrativeExpenses": 1398400000,
        "otherExpenses": 0,
        "operatingExpenses": 1398400000,
        "costAndExpenses": 26506200000,
        "interestIncome": 4600000,
        "interestExpense": 157400000,
        "depreciationAndAmortization": 580600000,
        "ebitda": 1495200000,
        "ebitdaratio": 0.0545480415,
        "operatingIncome": 904500000,
        "operatingIncomeRatio": 0.0329980628,
        "totalOtherIncomeExpensesNet": -147300000,
        "incomeBeforeTax": 757200000,
        "incomeBeforeTaxRatio": 0.0276242489,
        "incomeTaxExpense": 234400000,
        "netIncome": 504100000,
        "netIncomeRatio": 0.0183906285,
        "eps": 0.62,
        "epsdiluted": 0.61,
        "weightedAverageShsOut": 817300000,
        "weightedAverageShsOutDil": 832400000,
        "link": "",
        "finalLink": ""
    },
    {
        "date": "2012-09-30",
        "symbol": "ESRX",
        "reportedCurrency": "USD",
        "cik": "0001532063",
        "fillingDate": "2012-09-30",
        "acceptedDate": "2012-09-29 20:00:00",
        "calendarYear": "2012",
        "period": "Q3",
        "revenue": 26999400000,
        "costOfRevenue": 24864900000,
        "grossProfit": 2134500000,
        "grossProfitRatio": 0.0790573124,
        "researchAndDevelopmentExpenses": 0,
        "generalAndAdministrativeExpenses": 0,
        "sellingAndMarketingExpenses": 0,
        "sellingGeneralAndAdministrativeExpenses": 1336000000,
        "otherExpenses": 0,
        "operatingExpenses": 1336000000,
        "costAndExpenses": 26200900000,
        "interestIncome": 1400000,
        "interestExpense": 155900000,
        "depreciationAndAmortization": 621800000,
        "ebitda": 1426800000,
        "ebitdaratio": 0.0528456188,
        "operatingIncome": 798500000,
        "operatingIncomeRatio": 0.0295747313,
        "totalOtherIncomeExpensesNet": -149400000,
        "incomeBeforeTax": 649100000,
        "incomeBeforeTaxRatio": 0.024041275,
        "incomeTaxExpense": 257700000,
        "netIncome": 391400000,
        "netIncomeRatio": 0.0144966184,
        "eps": 0.48,
        "epsdiluted": 0.47,
        "weightedAverageShsOut": 812900000,
        "weightedAverageShsOutDil": 829600000,
        "link": "",
        "finalLink": ""
    },
    {
        "date": "2012-06-30",
        "symbol": "ESRX",
        "reportedCurrency": "USD",
        "cik": "0001532063",
        "fillingDate": "2012-06-30",
        "acceptedDate": "2012-06-29 20:00:00",
        "calendarYear": "2012",
        "period": "Q2",
        "revenue": 27692500000,
        "costOfRevenue": 25579600000,
        "grossProfit": 2112900000,
        "grossProfitRatio": 0.0762986368,
        "researchAndDevelopmentExpenses": 0,
        "generalAndAdministrativeExpenses": 0,
        "sellingAndMarketingExpenses": 0,
        "sellingGeneralAndAdministrativeExpenses": 1580800000,
        "otherExpenses": 0,
        "operatingExpenses": 1580800000,
        "costAndExpenses": 27160400000,
        "interestIncome": 2300000,
        "interestExpense": 175200000,
        "depreciationAndAmortization": 605200000,
        "ebitda": 1143900000,
        "ebitdaratio": 0.0413072131,
        "operatingIncome": 532100000,
        "operatingIncomeRatio": 0.0192145888,
        "totalOtherIncomeExpensesNet": -168600000,
        "incomeBeforeTax": 363500000,
        "incomeBeforeTaxRatio": 0.0131262977,
        "incomeTaxExpense": 192600000,
        "netIncome": 170900000,
        "netIncomeRatio": 0.006171346,
        "eps": 0.21,
        "epsdiluted": 0.21,
        "weightedAverageShsOut": 807800000,
        "weightedAverageShsOutDil": 823900000,
        "link": "",
        "finalLink": ""
    },
    {
        "date": "2012-03-31",
        "symbol": "ESRX",
        "reportedCurrency": "USD",
        "cik": "0001532063",
        "fillingDate": "2012-03-31",
        "acceptedDate": "2012-03-30 20:00:00",
        "calendarYear": "2012",
        "period": "Q1",
        "revenue": 12132600000,
        "costOfRevenue": 11300600000,
        "grossProfit": 832000000,
        "grossProfitRatio": 0.0685755732,
        "researchAndDevelopmentExpenses": 0,
        "generalAndAdministrativeExpenses": 0,
        "sellingAndMarketingExpenses": 0,
        "sellingGeneralAndAdministrativeExpenses": 267500000,
        "otherExpenses": 0,
        "operatingExpenses": 267500000,
        "costAndExpenses": 11568100000,
        "interestIncome": 2300000,
        "interestExpense": 132000000,
        "depreciationAndAmortization": 65000000,
        "ebitda": 631800000,
        "ebitdaratio": 0.0520745759,
        "operatingIncome": 564500000,
        "operatingIncomeRatio": 0.0465275374,
        "totalOtherIncomeExpensesNet": -129700000,
        "incomeBeforeTax": 434800000,
        "incomeBeforeTaxRatio": 0.0358373308,
        "incomeTaxExpense": 167000000,
        "netIncome": 267800000,
        "netIncomeRatio": 0.0220727626,
        "eps": 0.55,
        "epsdiluted": 0.55,
        "weightedAverageShsOut": 485300000,
        "weightedAverageShsOutDil": 489700000,
        "link": "",
        "finalLink": ""
    },
    {
        "date": "2011-12-31",
        "symbol": "ESRX",
        "reportedCurrency": "USD",
        "cik": "0001532063",
        "fillingDate": "2011-12-31",
        "acceptedDate": "2011-12-30 19:00:00",
        "calendarYear": "2011",
        "period": "Q4",
        "revenue": 12101400000,
        "costOfRevenue": 11256900000,
        "grossProfit": 844500000,
        "grossProfitRatio": 0.0697853141,
        "researchAndDevelopmentExpenses": 0,
        "generalAndAdministrativeExpenses": 0,
        "sellingAndMarketingExpenses": 0,
        "sellingGeneralAndAdministrativeExpenses": 269600000,
        "otherExpenses": 0,
        "operatingExpenses": 269600000,
        "costAndExpenses": 11526500000,
        "interestIncome": 4600000,
        "interestExpense": 115400000,
        "depreciationAndAmortization": 65900000,
        "ebitda": 645400000,
        "ebitdaratio": 0.0533326723,
        "operatingIncome": 574900000,
        "operatingIncomeRatio": 0.0475069,
        "totalOtherIncomeExpensesNet": -110800000,
        "incomeBeforeTax": 464100000,
        "incomeBeforeTaxRatio": 0.0383509346,
        "incomeTaxExpense": 173700000,
        "netIncome": 290400000,
        "netIncomeRatio": 0.0239972235,
        "eps": 0.6,
        "epsdiluted": 0.59,
        "weightedAverageShsOut": 485300000,
        "weightedAverageShsOutDil": 489700000,
        "link": "",
        "finalLink": ""
    },
    {
        "date": "2011-09-30",
        "symbol": "ESRX",
        "reportedCurrency": "USD",
        "cik": "0001532063",
        "fillingDate": "2011-09-30",
        "acceptedDate": "2011-09-29 20:00:00",
        "calendarYear": "2011",
        "period": "Q3",
        "revenue": 11571000000,
        "costOfRevenue": 10735200000,
        "grossProfit": 835800000,
        "grossProfitRatio": 0.0722323049,
        "researchAndDevelopmentExpenses": 0,
        "generalAndAdministrativeExpenses": 0,
        "sellingAndMarketingExpenses": 0,
        "sellingGeneralAndAdministrativeExpenses": 230700000,
        "otherExpenses": 0,
        "operatingExpenses": 230700000,
        "costAndExpenses": 10965900000,
        "interestIncome": 5900000,
        "interestExpense": 94300000,
        "depreciationAndAmortization": 61300000,
        "ebitda": 672300000,
        "ebitdaratio": 0.0581021519,
        "operatingIncome": 605100000,
        "operatingIncomeRatio": 0.0522945294,
        "totalOtherIncomeExpensesNet": -88400000,
        "incomeBeforeTax": 516700000,
        "incomeBeforeTaxRatio": 0.0446547403,
        "incomeTaxExpense": 192000000,
        "netIncome": 324700000,
        "netIncomeRatio": 0.0280615331,
        "eps": 0.67,
        "epsdiluted": 0.66,
        "weightedAverageShsOut": 487200000,
        "weightedAverageShsOutDil": 490800000,
        "link": "",
        "finalLink": ""
    },
    {
        "date": "2011-06-30",
        "symbol": "ESRX",
        "reportedCurrency": "USD",
        "cik": "0001532063",
        "fillingDate": "2011-06-30",
        "acceptedDate": "2011-06-29 20:00:00",
        "calendarYear": "2011",
        "period": "Q2",
        "revenue": 11361400000,
        "costOfRevenue": 10577300000,
        "grossProfit": 784100000,
        "grossProfitRatio": 0.069014382,
        "researchAndDevelopmentExpenses": 0,
        "generalAndAdministrativeExpenses": 0,
        "sellingAndMarketingExpenses": 0,
        "sellingGeneralAndAdministrativeExpenses": 204800000,
        "otherExpenses": 0,
        "operatingExpenses": 204800000,
        "costAndExpenses": 10782100000,
        "interestIncome": 1500000,
        "interestExpense": 50300000,
        "depreciationAndAmortization": 63300000,
        "ebitda": 644100000,
        "ebitdaratio": 0.056691957,
        "operatingIncome": 579300000,
        "operatingIncomeRatio": 0.0509884345,
        "totalOtherIncomeExpensesNet": -48800000,
        "incomeBeforeTax": 530500000,
        "incomeBeforeTaxRatio": 0.0466931892,
        "incomeTaxExpense": 196300000,
        "netIncome": 334200000,
        "netIncomeRatio": 0.0294153889,
        "eps": 0.66,
        "epsdiluted": 0.66,
        "weightedAverageShsOut": 502600000,
        "weightedAverageShsOutDil": 507000000,
        "link": "",
        "finalLink": ""
    },
    {
        "date": "2011-03-31",
        "symbol": "ESRX",
        "reportedCurrency": "USD",
        "cik": "0001532063",
        "fillingDate": "2011-03-31",
        "acceptedDate": "2011-03-30 20:00:00",
        "calendarYear": "2011",
        "period": "Q1",
        "revenue": 11094500000,
        "costOfRevenue": 10349000000,
        "grossProfit": 745500000,
        "grossProfitRatio": 0.0671954572,
        "researchAndDevelopmentExpenses": 0,
        "generalAndAdministrativeExpenses": 0,
        "sellingAndMarketingExpenses": 0,
        "sellingGeneralAndAdministrativeExpenses": 193100000,
        "otherExpenses": 0,
        "operatingExpenses": 193100000,
        "costAndExpenses": 10542100000,
        "interestIncome": 400000,
        "interestExpense": 39700000,
        "depreciationAndAmortization": 62900000,
        "ebitda": 615700000,
        "ebitdaratio": 0.0554959665,
        "operatingIncome": 552400000,
        "operatingIncomeRatio": 0.0497904367,
        "totalOtherIncomeExpensesNet": -39300000,
        "incomeBeforeTax": 513100000,
        "incomeBeforeTaxRatio": 0.046248141,
        "incomeTaxExpense": 186600000,
        "netIncome": 326500000,
        "netIncomeRatio": 0.0294289963,
        "eps": 0.62,
        "epsdiluted": 0.61,
        "weightedAverageShsOut": 529000000,
        "weightedAverageShsOutDil": 533900000,
        "link": "",
        "finalLink": ""
    },
    {
        "date": "2010-12-31",
        "symbol": "ESRX",
        "reportedCurrency": "USD",
        "cik": "0001532063",
        "fillingDate": "2010-12-31",
        "acceptedDate": "2010-12-30 19:00:00",
        "calendarYear": "2010",
        "period": "Q4",
        "revenue": 11294200000,
        "costOfRevenue": 10520800000,
        "grossProfit": 773400000,
        "grossProfitRatio": 0.0684776257,
        "researchAndDevelopmentExpenses": 0,
        "generalAndAdministrativeExpenses": 0,
        "sellingAndMarketingExpenses": 0,
        "sellingGeneralAndAdministrativeExpenses": 215500000,
        "otherExpenses": 0,
        "operatingExpenses": 215500000,
        "costAndExpenses": 10736300000,
        "interestIncome": 500000,
        "interestExpense": 40100000,
        "depreciationAndAmortization": 63800000,
        "ebitda": 622200000,
        "ebitdaratio": 0.0550902233,
        "operatingIncome": 557900000,
        "operatingIncomeRatio": 0.0493970356,
        "totalOtherIncomeExpensesNet": -39600000,
        "incomeBeforeTax": 518300000,
        "incomeBeforeTaxRatio": 0.0458908112,
        "incomeTaxExpense": 188700000,
        "netIncome": 329600000,
        "netIncomeRatio": 0.0291831205,
        "eps": 0.62,
        "epsdiluted": 0.62,
        "weightedAverageShsOut": 529000000,
        "weightedAverageShsOutDil": 533900000,
        "link": "",
        "finalLink": ""
    },
    {
        "date": "2010-09-30",
        "symbol": "ESRX",
        "reportedCurrency": "USD",
        "cik": "0001532063",
        "fillingDate": "2010-09-30",
        "acceptedDate": "2010-09-29 20:00:00",
        "calendarYear": "2010",
        "period": "Q3",
        "revenue": 11251800000,
        "costOfRevenue": 10487700000,
        "grossProfit": 764100000,
        "grossProfitRatio": 0.0679091345,
        "researchAndDevelopmentExpenses": 0,
        "generalAndAdministrativeExpenses": 0,
        "sellingAndMarketingExpenses": 0,
        "sellingGeneralAndAdministrativeExpenses": 236100000,
        "otherExpenses": 0,
        "operatingExpenses": 236100000,
        "costAndExpenses": 10723800000,
        "interestIncome": 2200000,
        "interestExpense": 42200000,
        "depreciationAndAmortization": 61700000,
        "ebitda": 586300000,
        "ebitdaratio": 0.0521072184,
        "operatingIncome": 528000000,
        "operatingIncomeRatio": 0.0469258252,
        "totalOtherIncomeExpensesNet": -40000000,
        "incomeBeforeTax": 488000000,
        "incomeBeforeTaxRatio": 0.0433708384,
        "incomeTaxExpense": 180900000,
        "netIncome": 301500000,
        "netIncomeRatio": 0.0267957127,
        "eps": 0.57,
        "epsdiluted": 0.56,
        "weightedAverageShsOut": 531700000,
        "weightedAverageShsOutDil": 537000000,
        "link": "",
        "finalLink": ""
    },
    {
        "date": "2010-06-30",
        "symbol": "ESRX",
        "reportedCurrency": "USD",
        "cik": "0001532063",
        "fillingDate": "2010-06-30",
        "acceptedDate": "2010-06-29 20:00:00",
        "calendarYear": "2010",
        "period": "Q2",
        "revenue": 11288800000,
        "costOfRevenue": 10531300000,
        "grossProfit": 757500000,
        "grossProfitRatio": 0.0671019063,
        "researchAndDevelopmentExpenses": 0,
        "generalAndAdministrativeExpenses": 0,
        "sellingAndMarketingExpenses": 0,
        "sellingGeneralAndAdministrativeExpenses": 227200000,
        "otherExpenses": 0,
        "operatingExpenses": 227200000,
        "costAndExpenses": 10758500000,
        "interestIncome": 500000,
        "interestExpense": 42000000,
        "depreciationAndAmortization": 59500000,
        "ebitda": 572900000,
        "ebitdaratio": 0.0507494153,
        "operatingIncome": 530300000,
        "operatingIncomeRatio": 0.0469757636,
        "totalOtherIncomeExpensesNet": -41500000,
        "incomeBeforeTax": 488800000,
        "incomeBeforeTaxRatio": 0.0432995535,
        "incomeTaxExpense": 181500000,
        "netIncome": 289900000,
        "netIncomeRatio": 0.0256803203,
        "eps": 0.53,
        "epsdiluted": 0.53,
        "weightedAverageShsOut": 544500000,
        "weightedAverageShsOutDil": 550100000,
        "link": "",
        "finalLink": ""
    },
    {
        "date": "2010-03-31",
        "symbol": "ESRX",
        "reportedCurrency": "USD",
        "cik": "0001532063",
        "fillingDate": "2010-03-31",
        "acceptedDate": "2010-03-30 20:00:00",
        "calendarYear": "2010",
        "period": "Q1",
        "revenue": 11143900000,
        "costOfRevenue": 10478900000,
        "grossProfit": 665000000,
        "grossProfitRatio": 0.0596739023,
        "researchAndDevelopmentExpenses": 0,
        "generalAndAdministrativeExpenses": 0,
        "sellingAndMarketingExpenses": 0,
        "sellingGeneralAndAdministrativeExpenses": 210900000,
        "otherExpenses": 0,
        "operatingExpenses": 210900000,
        "costAndExpenses": 10689800000,
        "interestIncome": 1700000,
        "interestExpense": 42800000,
        "depreciationAndAmortization": 59700000,
        "ebitda": 515500000,
        "ebitdaratio": 0.0462584912,
        "operatingIncome": 454100000,
        "operatingIncomeRatio": 0.0407487504,
        "totalOtherIncomeExpensesNet": -41100000,
        "incomeBeforeTax": 413000000,
        "incomeBeforeTaxRatio": 0.0370606341,
        "incomeTaxExpense": 152800000,
        "netIncome": 260200000,
        "netIncomeRatio": 0.0233490968,
        "eps": 0.47,
        "epsdiluted": 0.47,
        "weightedAverageShsOut": 549800000,
        "weightedAverageShsOutDil": 555800000,
        "link": "",
        "finalLink": ""
    },
    {
        "date": "2009-12-31",
        "symbol": "ESRX",
        "reportedCurrency": "USD",
        "cik": "0001532063",
        "fillingDate": "2009-12-31",
        "acceptedDate": "2009-12-30 19:00:00",
        "calendarYear": "2009",
        "period": "Q4",
        "revenue": 8203400000,
        "costOfRevenue": 7513700000,
        "grossProfit": 689700000,
        "grossProfitRatio": 0.0840748958,
        "researchAndDevelopmentExpenses": 0,
        "generalAndAdministrativeExpenses": 0,
        "sellingAndMarketingExpenses": 0,
        "sellingGeneralAndAdministrativeExpenses": 285300000,
        "otherExpenses": 0,
        "operatingExpenses": 285300000,
        "costAndExpenses": 7799000000,
        "interestIncome": 1200000,
        "interestExpense": 51700000,
        "depreciationAndAmortization": 36400000,
        "ebitda": 442400000,
        "ebitdaratio": 0.0539288588,
        "operatingIncome": 404400000,
        "operatingIncomeRatio": 0.0492966331,
        "totalOtherIncomeExpensesNet": -50500000,
        "incomeBeforeTax": 353900000,
        "incomeBeforeTaxRatio": 0.043140649,
        "incomeTaxExpense": 131000000,
        "netIncome": 223300000,
        "netIncomeRatio": 0.0272204208,
        "eps": 0.41,
        "epsdiluted": 0.4,
        "weightedAverageShsOut": 549800000,
        "weightedAverageShsOutDil": 555800000,
        "link": "",
        "finalLink": ""
    },
    {
        "date": "2009-09-30",
        "symbol": "ESRX",
        "reportedCurrency": "USD",
        "cik": "0001532063",
        "fillingDate": "2009-09-30",
        "acceptedDate": "2009-09-29 20:00:00",
        "calendarYear": "2009",
        "period": "Q3",
        "revenue": 5619400000,
        "costOfRevenue": 5006800000,
        "grossProfit": 612600000,
        "grossProfitRatio": 0.1090151974,
        "researchAndDevelopmentExpenses": 0,
        "generalAndAdministrativeExpenses": 0,
        "sellingAndMarketingExpenses": 0,
        "sellingGeneralAndAdministrativeExpenses": 254100000,
        "otherExpenses": 0,
        "operatingExpenses": 254100000,
        "costAndExpenses": 5260900000,
        "interestIncome": 2000000,
        "interestExpense": 48000000,
        "depreciationAndAmortization": 23800000,
        "ebitda": 385000000,
        "ebitdaratio": 0.0685126526,
        "operatingIncome": 358500000,
        "operatingIncomeRatio": 0.0637968466,
        "totalOtherIncomeExpensesNet": -46000000,
        "incomeBeforeTax": 312500000,
        "incomeBeforeTaxRatio": 0.0556109193,
        "incomeTaxExpense": 115600000,
        "netIncome": 197600000,
        "netIncomeRatio": 0.0351638965,
        "eps": 0.36,
        "epsdiluted": 0.36,
        "weightedAverageShsOut": 549000000,
        "weightedAverageShsOutDil": 554400000,
        "link": "",
        "finalLink": ""
    },
    {
        "date": "2009-06-30",
        "symbol": "ESRX",
        "reportedCurrency": "USD",
        "cik": "0001532063",
        "fillingDate": "2009-06-30",
        "acceptedDate": "2009-06-29 20:00:00",
        "calendarYear": "2009",
        "period": "Q2",
        "revenue": 5503300000,
        "costOfRevenue": 4909300000,
        "grossProfit": 594000000,
        "grossProfitRatio": 0.1079352389,
        "researchAndDevelopmentExpenses": 0,
        "generalAndAdministrativeExpenses": 0,
        "sellingAndMarketingExpenses": 0,
        "sellingGeneralAndAdministrativeExpenses": 214000000,
        "otherExpenses": 0,
        "operatingExpenses": 214000000,
        "costAndExpenses": 5123300000,
        "interestIncome": 1200000,
        "interestExpense": 77600000,
        "depreciationAndAmortization": 25100000,
        "ebitda": 406600000,
        "ebitdaratio": 0.073882943,
        "operatingIncome": 380000000,
        "operatingIncomeRatio": 0.0690494794,
        "totalOtherIncomeExpensesNet": -76400000,
        "incomeBeforeTax": 303600000,
        "incomeBeforeTaxRatio": 0.0551668999,
        "incomeTaxExpense": 111600000,
        "netIncome": 192300000,
        "netIncomeRatio": 0.0349426708,
        "eps": 0.37,
        "epsdiluted": 0.37,
        "weightedAverageShsOut": 513200000,
        "weightedAverageShsOutDil": 517600000,
        "link": "",
        "finalLink": ""
    },
    {
        "date": "2009-03-31",
        "symbol": "ESRX",
        "reportedCurrency": "USD",
        "cik": "0001532063",
        "fillingDate": "2009-03-31",
        "acceptedDate": "2009-03-30 20:00:00",
        "calendarYear": "2009",
        "period": "Q1",
        "revenue": 5422800000,
        "costOfRevenue": 4888700000,
        "grossProfit": 534100000,
        "grossProfitRatio": 0.0984915542,
        "researchAndDevelopmentExpenses": 0,
        "generalAndAdministrativeExpenses": 0,
        "sellingAndMarketingExpenses": 0,
        "sellingGeneralAndAdministrativeExpenses": 178600000,
        "otherExpenses": 0,
        "operatingExpenses": 178600000,
        "costAndExpenses": 5067300000,
        "interestIncome": 900000,
        "interestExpense": 17100000,
        "depreciationAndAmortization": 24600000,
        "ebitda": 380700000,
        "ebitdaratio": 0.0702035849,
        "operatingIncome": 355500000,
        "operatingIncomeRatio": 0.0655565391,
        "totalOtherIncomeExpensesNet": -16200000,
        "incomeBeforeTax": 339300000,
        "incomeBeforeTaxRatio": 0.0625691525,
        "incomeTaxExpense": 124600000,
        "netIncome": 214400000,
        "netIncomeRatio": 0.0395367707,
        "eps": 0.43,
        "epsdiluted": 0.43,
        "weightedAverageShsOut": 495200000,
        "weightedAverageShsOutDil": 498600000,
        "link": "",
        "finalLink": ""
    },
    {
        "date": "2008-12-31",
        "symbol": "ESRX",
        "reportedCurrency": "USD",
        "cik": "0001532063",
        "fillingDate": "2008-12-31",
        "acceptedDate": "2008-12-30 19:00:00",
        "calendarYear": "2008",
        "period": "Q4",
        "revenue": 5505900000,
        "costOfRevenue": 4954100000,
        "grossProfit": 551800000,
        "grossProfitRatio": 0.1002197643,
        "researchAndDevelopmentExpenses": 0,
        "generalAndAdministrativeExpenses": 0,
        "sellingAndMarketingExpenses": 0,
        "sellingGeneralAndAdministrativeExpenses": 213300000,
        "otherExpenses": 0,
        "operatingExpenses": 213300000,
        "costAndExpenses": 5167400000,
        "interestIncome": 2200000,
        "interestExpense": 21500000,
        "depreciationAndAmortization": 24800000,
        "ebitda": 366000000,
        "ebitdaratio": 0.0664741459,
        "operatingIncome": 338500000,
        "operatingIncomeRatio": 0.0614795038,
        "totalOtherIncomeExpensesNet": -19300000,
        "incomeBeforeTax": 319200000,
        "incomeBeforeTaxRatio": 0.0579741732,
        "incomeTaxExpense": 112900000,
        "netIncome": 206800000,
        "netIncomeRatio": 0.0375597087,
        "eps": 0.42,
        "epsdiluted": 0.41,
        "weightedAverageShsOut": 495200000,
        "weightedAverageShsOutDil": 498600000,
        "link": "",
        "finalLink": ""
    },
    {
        "date": "2008-09-30",
        "symbol": "ESRX",
        "reportedCurrency": "USD",
        "cik": "0001532063",
        "fillingDate": "2008-09-30",
        "acceptedDate": "2008-09-29 20:00:00",
        "calendarYear": "2008",
        "period": "Q3",
        "revenue": 5450500000,
        "costOfRevenue": 4930100000,
        "grossProfit": 520400000,
        "grossProfitRatio": 0.0954774791,
        "researchAndDevelopmentExpenses": 0,
        "generalAndAdministrativeExpenses": 0,
        "sellingAndMarketingExpenses": 0,
        "sellingGeneralAndAdministrativeExpenses": 189700000,
        "otherExpenses": 0,
        "operatingExpenses": 189700000,
        "costAndExpenses": 5119800000,
        "interestIncome": 2100000,
        "interestExpense": 15700000,
        "depreciationAndAmortization": 23300000,
        "ebitda": 353000000,
        "ebitdaratio": 0.0647647005,
        "operatingIncome": 330700000,
        "operatingIncomeRatio": 0.0606733327,
        "totalOtherIncomeExpensesNet": -15600000,
        "incomeBeforeTax": 315100000,
        "incomeBeforeTaxRatio": 0.05781121,
        "incomeTaxExpense": 112100000,
        "netIncome": 201900000,
        "netIncomeRatio": 0.0370424732,
        "eps": 0.41,
        "epsdiluted": 0.4,
        "weightedAverageShsOut": 494200000,
        "weightedAverageShsOutDil": 500600000,
        "link": "",
        "finalLink": ""
    },
    {
        "date": "2008-06-30",
        "symbol": "ESRX",
        "reportedCurrency": "USD",
        "cik": "0001532063",
        "fillingDate": "2008-06-30",
        "acceptedDate": "2008-06-29 20:00:00",
        "calendarYear": "2008",
        "period": "Q2",
        "revenue": 4706700000,
        "costOfRevenue": 4202300000,
        "grossProfit": 504400000,
        "grossProfitRatio": 0.1071663798,
        "researchAndDevelopmentExpenses": 0,
        "generalAndAdministrativeExpenses": 0,
        "sellingAndMarketingExpenses": 0,
        "sellingGeneralAndAdministrativeExpenses": 187700000,
        "otherExpenses": 0,
        "operatingExpenses": 187700000,
        "costAndExpenses": 4390000000,
        "interestIncome": 3300000,
        "interestExpense": 17000000,
        "depreciationAndAmortization": 25100000,
        "ebitda": 343300000,
        "ebitdaratio": 0.0729385769,
        "operatingIncome": 316700000,
        "operatingIncomeRatio": 0.0672870589,
        "totalOtherIncomeExpensesNet": -13800000,
        "incomeBeforeTax": 302900000,
        "incomeBeforeTaxRatio": 0.0643550683,
        "incomeTaxExpense": 111000000,
        "netIncome": 190200000,
        "netIncomeRatio": 0.0404104787,
        "eps": 0.38,
        "epsdiluted": 0.38,
        "weightedAverageShsOut": 497400000,
        "weightedAverageShsOutDil": 504000000,
        "link": "",
        "finalLink": ""
    },
    {
        "date": "2008-03-31",
        "symbol": "ESRX",
        "reportedCurrency": "USD",
        "cik": "0001532063",
        "fillingDate": "2008-03-31",
        "acceptedDate": "2008-03-30 20:00:00",
        "calendarYear": "2008",
        "period": "Q1",
        "revenue": 4604200000,
        "costOfRevenue": 4135500000,
        "grossProfit": 468700000,
        "grossProfitRatio": 0.101798358,
        "researchAndDevelopmentExpenses": 0,
        "generalAndAdministrativeExpenses": 0,
        "sellingAndMarketingExpenses": 0,
        "sellingGeneralAndAdministrativeExpenses": 174100000,
        "otherExpenses": 0,
        "operatingExpenses": 174100000,
        "costAndExpenses": 4309600000,
        "interestIncome": 5300000,
        "interestExpense": 23300000,
        "depreciationAndAmortization": 24500000,
        "ebitda": 323100000,
        "ebitdaratio": 0.0701750576,
        "operatingIncome": 294600000,
        "operatingIncomeRatio": 0.0639850571,
        "totalOtherIncomeExpensesNet": -18200000,
        "incomeBeforeTax": 276400000,
        "incomeBeforeTaxRatio": 0.0600321446,
        "incomeTaxExpense": 98100000,
        "netIncome": 177200000,
        "netIncomeRatio": 0.0384865992,
        "eps": 0.35,
        "epsdiluted": 0.35,
        "weightedAverageShsOut": 504600000,
        "weightedAverageShsOutDil": 511400000,
        "link": "",
        "finalLink": ""
    },
    {
        "date": "2007-12-31",
        "symbol": "ESRX",
        "reportedCurrency": "USD",
        "cik": "0001532063",
        "fillingDate": "2007-12-31",
        "acceptedDate": "2007-12-30 19:00:00",
        "calendarYear": "2007",
        "period": "Q4",
        "revenue": 4614700000,
        "costOfRevenue": 4162100000,
        "grossProfit": 452600000,
        "grossProfitRatio": 0.0980778816,
        "researchAndDevelopmentExpenses": 0,
        "generalAndAdministrativeExpenses": 0,
        "sellingAndMarketingExpenses": 0,
        "sellingGeneralAndAdministrativeExpenses": 165900000,
        "otherExpenses": 0,
        "operatingExpenses": 165900000,
        "costAndExpenses": 4328000000,
        "interestIncome": 4100000,
        "interestExpense": 29300000,
        "depreciationAndAmortization": 22200000,
        "ebitda": 280100000,
        "ebitdaratio": 0.0606973368,
        "operatingIncome": 286700000,
        "operatingIncomeRatio": 0.0621275489,
        "totalOtherIncomeExpensesNet": -25400000,
        "incomeBeforeTax": 261300000,
        "incomeBeforeTaxRatio": 0.0566233991,
        "incomeTaxExpense": 90100000,
        "netIncome": 138500000,
        "netIncomeRatio": 0.0300127852,
        "eps": 0.27,
        "epsdiluted": 0.27,
        "weightedAverageShsOut": 504600000,
        "weightedAverageShsOutDil": 511400000,
        "link": "",
        "finalLink": ""
    },
    {
        "date": "2007-09-30",
        "symbol": "ESRX",
        "reportedCurrency": "USD",
        "cik": "0001532063",
        "fillingDate": "2007-09-30",
        "acceptedDate": "2007-09-29 20:00:00",
        "calendarYear": "2007",
        "period": "Q3",
        "revenue": 4519000000,
        "costOfRevenue": 4074500000,
        "grossProfit": 444500000,
        "grossProfitRatio": 0.0983624696,
        "researchAndDevelopmentExpenses": 0,
        "generalAndAdministrativeExpenses": 0,
        "sellingAndMarketingExpenses": 0,
        "sellingGeneralAndAdministrativeExpenses": 183900000,
        "otherExpenses": 0,
        "operatingExpenses": 183900000,
        "costAndExpenses": 4258400000,
        "interestIncome": 2700000,
        "interestExpense": 31300000,
        "depreciationAndAmortization": 23200000,
        "ebitda": 286400000,
        "ebitdaratio": 0.0633768533,
        "operatingIncome": 260600000,
        "operatingIncomeRatio": 0.0576676256,
        "totalOtherIncomeExpensesNet": -28700000,
        "incomeBeforeTax": 231900000,
        "incomeBeforeTaxRatio": 0.051316663,
        "incomeTaxExpense": 89000000,
        "netIncome": 142900000,
        "netIncomeRatio": 0.0316220403,
        "eps": 0.28,
        "epsdiluted": 0.28,
        "weightedAverageShsOut": 508400000,
        "weightedAverageShsOutDil": 514600000,
        "link": "",
        "finalLink": ""
    },
    {
        "date": "2007-06-30",
        "symbol": "ESRX",
        "reportedCurrency": "USD",
        "cik": "0001532063",
        "fillingDate": "2007-06-30",
        "acceptedDate": "2007-06-29 20:00:00",
        "calendarYear": "2007",
        "period": "Q2",
        "revenue": 4600400000,
        "costOfRevenue": 4157000000,
        "grossProfit": 443400000,
        "grossProfitRatio": 0.0963829232,
        "researchAndDevelopmentExpenses": 0,
        "generalAndAdministrativeExpenses": 0,
        "sellingAndMarketingExpenses": 0,
        "sellingGeneralAndAdministrativeExpenses": 183100000,
        "otherExpenses": 0,
        "operatingExpenses": 183100000,
        "costAndExpenses": 4340100000,
        "interestIncome": 2600000,
        "interestExpense": 25600000,
        "depreciationAndAmortization": 26200000,
        "ebitda": 292900000,
        "ebitdaratio": 0.0636683767,
        "operatingIncome": 260300000,
        "operatingIncomeRatio": 0.0565820363,
        "totalOtherIncomeExpensesNet": -19200000,
        "incomeBeforeTax": 241100000,
        "incomeBeforeTaxRatio": 0.0524084862,
        "incomeTaxExpense": 88400000,
        "netIncome": 152700000,
        "netIncomeRatio": 0.0331927658,
        "eps": 0.29,
        "epsdiluted": 0.29,
        "weightedAverageShsOut": 527200000,
        "weightedAverageShsOutDil": 534000000,
        "link": "",
        "finalLink": ""
    },
    {
        "date": "2007-03-31",
        "symbol": "ESRX",
        "reportedCurrency": "USD",
        "cik": "0001532063",
        "fillingDate": "2007-03-31",
        "acceptedDate": "2007-03-30 20:00:00",
        "calendarYear": "2007",
        "period": "Q1",
        "revenue": 4539500000,
        "costOfRevenue": 4113400000,
        "grossProfit": 426100000,
        "grossProfitRatio": 0.0938649631,
        "researchAndDevelopmentExpenses": 0,
        "generalAndAdministrativeExpenses": 0,
        "sellingAndMarketingExpenses": 0,
        "sellingGeneralAndAdministrativeExpenses": 172700000,
        "otherExpenses": 0,
        "operatingExpenses": 172700000,
        "costAndExpenses": 4286100000,
        "interestIncome": 2800000,
        "interestExpense": 22200000,
        "depreciationAndAmortization": 25900000,
        "ebitda": 258700000,
        "ebitdaratio": 0.0569886551,
        "operatingIncome": 253400000,
        "operatingIncomeRatio": 0.0558211257,
        "totalOtherIncomeExpensesNet": -42800000,
        "incomeBeforeTax": 210600000,
        "incomeBeforeTaxRatio": 0.0463927745,
        "incomeTaxExpense": 76900000,
        "netIncome": 133700000,
        "netIncomeRatio": 0.0294525829,
        "eps": 0.25,
        "epsdiluted": 0.24,
        "weightedAverageShsOut": 543200000,
        "weightedAverageShsOutDil": 550800000,
        "link": "",
        "finalLink": ""
    },
    {
        "date": "2006-12-31",
        "symbol": "ESRX",
        "reportedCurrency": "USD",
        "cik": "0001532063",
        "fillingDate": "2006-12-31",
        "acceptedDate": "2006-12-30 19:00:00",
        "calendarYear": "2006",
        "period": "Q4",
        "revenue": 4528700000,
        "costOfRevenue": 4114200000,
        "grossProfit": 414500000,
        "grossProfitRatio": 0.0915273699,
        "researchAndDevelopmentExpenses": 0,
        "generalAndAdministrativeExpenses": 0,
        "sellingAndMarketingExpenses": 0,
        "sellingGeneralAndAdministrativeExpenses": 172100000,
        "otherExpenses": 0,
        "operatingExpenses": 172100000,
        "costAndExpenses": 4286300000,
        "interestIncome": 2400000,
        "interestExpense": 25100000,
        "depreciationAndAmortization": 25300000,
        "ebitda": 269700000,
        "ebitdaratio": 0.0595535143,
        "operatingIncome": 242400000,
        "operatingIncomeRatio": 0.0535252942,
        "totalOtherIncomeExpensesNet": -23100000,
        "incomeBeforeTax": 219300000,
        "incomeBeforeTaxRatio": 0.0484244927,
        "incomeTaxExpense": 72100000,
        "netIncome": 147200000,
        "netIncomeRatio": 0.032503809,
        "eps": 0.27,
        "epsdiluted": 0.27,
        "weightedAverageShsOut": 543200000,
        "weightedAverageShsOutDil": 550800000,
        "link": "",
        "finalLink": ""
    },
    {
        "date": "2006-09-30",
        "symbol": "ESRX",
        "reportedCurrency": "USD",
        "cik": "0001532063",
        "fillingDate": "2006-09-30",
        "acceptedDate": "2006-09-29 20:00:00",
        "calendarYear": "2006",
        "period": "Q3",
        "revenue": 4330200000,
        "costOfRevenue": 3955900000,
        "grossProfit": 374300000,
        "grossProfitRatio": 0.0864394254,
        "researchAndDevelopmentExpenses": 0,
        "generalAndAdministrativeExpenses": 0,
        "sellingAndMarketingExpenses": 0,
        "sellingGeneralAndAdministrativeExpenses": 168600000,
        "otherExpenses": 0,
        "operatingExpenses": 168600000,
        "costAndExpenses": 4124500000,
        "interestIncome": 2300000,
        "interestExpense": 26400000,
        "depreciationAndAmortization": 23800000,
        "ebitda": 231400000,
        "ebitdaratio": 0.0534386402,
        "operatingIncome": 205700000,
        "operatingIncomeRatio": 0.0475035795,
        "totalOtherIncomeExpensesNet": -24500000,
        "incomeBeforeTax": 181200000,
        "incomeBeforeTaxRatio": 0.0418456422,
        "incomeTaxExpense": 66500000,
        "netIncome": 114700000,
        "netIncomeRatio": 0.0264883839,
        "eps": 0.21,
        "epsdiluted": 0.21,
        "weightedAverageShsOut": 544400000,
        "weightedAverageShsOutDil": 552800000,
        "link": "",
        "finalLink": ""
    },
    {
        "date": "2006-06-30",
        "symbol": "ESRX",
        "reportedCurrency": "USD",
        "cik": "0001532063",
        "fillingDate": "2006-06-30",
        "acceptedDate": "2006-06-29 20:00:00",
        "calendarYear": "2006",
        "period": "Q2",
        "revenue": 4452100000,
        "costOfRevenue": 4088500000,
        "grossProfit": 363600000,
        "grossProfitRatio": 0.0816693246,
        "researchAndDevelopmentExpenses": 0,
        "generalAndAdministrativeExpenses": 0,
        "sellingAndMarketingExpenses": 0,
        "sellingGeneralAndAdministrativeExpenses": 171100000,
        "otherExpenses": 0,
        "operatingExpenses": 171100000,
        "costAndExpenses": 4259600000,
        "interestIncome": 4000000,
        "interestExpense": 23700000,
        "depreciationAndAmortization": 26100000,
        "ebitda": 222300000,
        "ebitdaratio": 0.049931493,
        "operatingIncome": 192500000,
        "operatingIncomeRatio": 0.0432380225,
        "totalOtherIncomeExpensesNet": -20000000,
        "incomeBeforeTax": 172500000,
        "incomeBeforeTaxRatio": 0.0387457604,
        "incomeTaxExpense": 64700000,
        "netIncome": 107800000,
        "netIncomeRatio": 0.0242132926,
        "eps": 0.19,
        "epsdiluted": 0.19,
        "weightedAverageShsOut": 564800000,
        "weightedAverageShsOutDil": 573600000,
        "link": "",
        "finalLink": ""
    },
    {
        "date": "2006-03-31",
        "symbol": "ESRX",
        "reportedCurrency": "USD",
        "cik": "0001532063",
        "fillingDate": "2006-03-31",
        "acceptedDate": "2006-03-30 19:00:00",
        "calendarYear": "2006",
        "period": "Q1",
        "revenue": 4444600000,
        "costOfRevenue": 4100000000,
        "grossProfit": 344600000,
        "grossProfitRatio": 0.0775322864,
        "researchAndDevelopmentExpenses": 0,
        "generalAndAdministrativeExpenses": 0,
        "sellingAndMarketingExpenses": 0,
        "sellingGeneralAndAdministrativeExpenses": 161100000,
        "otherExpenses": 0,
        "operatingExpenses": 161100000,
        "costAndExpenses": 4261100000,
        "interestIncome": 5000000,
        "interestExpense": 20500000,
        "depreciationAndAmortization": 25800000,
        "ebitda": 213800000,
        "ebitdaratio": 0.0481033164,
        "operatingIncome": 183500000,
        "operatingIncomeRatio": 0.041286055,
        "totalOtherIncomeExpensesNet": -16000000,
        "incomeBeforeTax": 167500000,
        "incomeBeforeTaxRatio": 0.037686181,
        "incomeTaxExpense": 62800000,
        "netIncome": 104700000,
        "netIncomeRatio": 0.0235566755,
        "eps": 0.18,
        "epsdiluted": 0.18,
        "weightedAverageShsOut": 586000000,
        "weightedAverageShsOutDil": 596400000,
        "link": "",
        "finalLink": ""
    },
    {
        "date": "2005-12-31",
        "symbol": "ESRX",
        "reportedCurrency": "USD",
        "cik": "0001532063",
        "fillingDate": "2005-12-31",
        "acceptedDate": "2005-12-30 19:00:00",
        "calendarYear": "2005",
        "period": "Q4",
        "revenue": 4634982000,
        "costOfRevenue": 4270893000,
        "grossProfit": 364089000,
        "grossProfitRatio": 0.0785524086,
        "researchAndDevelopmentExpenses": 0,
        "generalAndAdministrativeExpenses": 0,
        "sellingAndMarketingExpenses": 0,
        "sellingGeneralAndAdministrativeExpenses": 168949000,
        "otherExpenses": 0,
        "operatingExpenses": 168949000,
        "costAndExpenses": 4439842000,
        "interestIncome": 3442000,
        "interestExpense": 22468000,
        "depreciationAndAmortization": 35375000,
        "ebitda": 233885000,
        "ebitdaratio": 0.0504608216,
        "operatingIncome": 195140000,
        "operatingIncomeRatio": 0.0421015659,
        "totalOtherIncomeExpensesNet": -19098000,
        "incomeBeforeTax": 176042000,
        "incomeBeforeTaxRatio": 0.0379811615,
        "incomeTaxExpense": 65012000,
        "netIncome": 111030000,
        "netIncomeRatio": 0.0239547856,
        "eps": 0.19,
        "epsdiluted": 0.19,
        "weightedAverageShsOut": 586000000,
        "weightedAverageShsOutDil": 596400000,
        "link": "",
        "finalLink": ""
    },
    {
        "date": "2005-09-30",
        "symbol": "ESRX",
        "reportedCurrency": "USD",
        "cik": "0001532063",
        "fillingDate": "2005-09-30",
        "acceptedDate": "2005-09-29 20:00:00",
        "calendarYear": "2005",
        "period": "Q3",
        "revenue": 3847642000,
        "costOfRevenue": 3554442000,
        "grossProfit": 293200000,
        "grossProfitRatio": 0.0762025157,
        "researchAndDevelopmentExpenses": 0,
        "generalAndAdministrativeExpenses": 0,
        "sellingAndMarketingExpenses": 0,
        "sellingGeneralAndAdministrativeExpenses": 132067000,
        "otherExpenses": 0,
        "operatingExpenses": 132067000,
        "costAndExpenses": 3686509000,
        "interestIncome": 3506000,
        "interestExpense": 5102000,
        "depreciationAndAmortization": 20322000,
        "ebitda": 184328000,
        "ebitdaratio": 0.0479067439,
        "operatingIncome": 161133000,
        "operatingIncomeRatio": 0.0418783764,
        "totalOtherIncomeExpensesNet": -2229000,
        "incomeBeforeTax": 158904000,
        "incomeBeforeTaxRatio": 0.0412990606,
        "incomeTaxExpense": 57210000,
        "netIncome": 101694000,
        "netIncomeRatio": 0.0264302136,
        "eps": 0.17,
        "epsdiluted": 0.17,
        "weightedAverageShsOut": 585248000,
        "weightedAverageShsOutDil": 595432000,
        "link": "",
        "finalLink": ""
    },
    {
        "date": "2005-06-30",
        "symbol": "ESRX",
        "reportedCurrency": "USD",
        "cik": "0001532063",
        "fillingDate": "2005-06-30",
        "acceptedDate": "2005-06-29 20:00:00",
        "calendarYear": "2005",
        "period": "Q2",
        "revenue": 3944254000,
        "costOfRevenue": 3667507000,
        "grossProfit": 276747000,
        "grossProfitRatio": 0.0701645989,
        "researchAndDevelopmentExpenses": 0,
        "generalAndAdministrativeExpenses": 0,
        "sellingAndMarketingExpenses": 0,
        "sellingGeneralAndAdministrativeExpenses": 128353000,
        "otherExpenses": 0,
        "operatingExpenses": 128353000,
        "costAndExpenses": 3795860000,
        "interestIncome": 2452000,
        "interestExpense": 4683000,
        "depreciationAndAmortization": 19526000,
        "ebitda": 169730000,
        "ebitdaratio": 0.0430322185,
        "operatingIncome": 148394000,
        "operatingIncomeRatio": 0.0376228306,
        "totalOtherIncomeExpensesNet": -2873000,
        "incomeBeforeTax": 145521000,
        "incomeBeforeTaxRatio": 0.0368944292,
        "incomeTaxExpense": 43521000,
        "netIncome": 102000000,
        "netIncomeRatio": 0.0258604035,
        "eps": 0.17,
        "epsdiluted": 0.17,
        "weightedAverageShsOut": 593140000,
        "weightedAverageShsOutDil": 602128000,
        "link": "",
        "finalLink": ""
    },
    {
        "date": "2005-03-31",
        "symbol": "ESRX",
        "reportedCurrency": "USD",
        "cik": "0001532063",
        "fillingDate": "2005-03-31",
        "acceptedDate": "2005-03-30 19:00:00",
        "calendarYear": "2005",
        "period": "Q1",
        "revenue": 3839122000,
        "costOfRevenue": 3574158000,
        "grossProfit": 264964000,
        "grossProfitRatio": 0.0690168221,
        "researchAndDevelopmentExpenses": 0,
        "generalAndAdministrativeExpenses": 0,
        "sellingAndMarketingExpenses": 0,
        "sellingGeneralAndAdministrativeExpenses": 126631000,
        "otherExpenses": 0,
        "operatingExpenses": 126631000,
        "costAndExpenses": 3700789000,
        "interestIncome": 1600000,
        "interestExpense": 4747000,
        "depreciationAndAmortization": 19777000,
        "ebitda": 159057000,
        "ebitdaratio": 0.0414305667,
        "operatingIncome": 138333000,
        "operatingIncomeRatio": 0.0360324574,
        "totalOtherIncomeExpensesNet": -3800000,
        "incomeBeforeTax": 134533000,
        "incomeBeforeTaxRatio": 0.0350426478,
        "incomeTaxExpense": 49257000,
        "netIncome": 85276000,
        "netIncomeRatio": 0.0222123704,
        "eps": 0.14,
        "epsdiluted": 0.14,
        "weightedAverageShsOut": 589072000,
        "weightedAverageShsOutDil": 597048000,
        "link": "",
        "finalLink": ""
    },
    {
        "date": "2004-12-31",
        "symbol": "ESRX",
        "reportedCurrency": "USD",
        "cik": "0001532063",
        "fillingDate": "2004-12-31",
        "acceptedDate": "2004-12-30 19:00:00",
        "calendarYear": "2004",
        "period": "Q4",
        "revenue": 3939718000,
        "costOfRevenue": 3676247000,
        "grossProfit": 263471000,
        "grossProfitRatio": 0.0668755987,
        "researchAndDevelopmentExpenses": 0,
        "generalAndAdministrativeExpenses": 0,
        "sellingAndMarketingExpenses": 0,
        "sellingGeneralAndAdministrativeExpenses": 128425000,
        "otherExpenses": 0,
        "operatingExpenses": 128425000,
        "costAndExpenses": 3804672000,
        "interestIncome": 1345000,
        "interestExpense": 4554000,
        "depreciationAndAmortization": 31346000,
        "ebitda": 166977000,
        "ebitdaratio": 0.0423829827,
        "operatingIncome": 135046000,
        "operatingIncomeRatio": 0.0342780879,
        "totalOtherIncomeExpensesNet": -3969000,
        "incomeBeforeTax": 131077000,
        "incomeBeforeTaxRatio": 0.0332706554,
        "incomeTaxExpense": 50170000,
        "netIncome": 80907000,
        "netIncomeRatio": 0.0205362414,
        "eps": 0.14,
        "epsdiluted": 0.14,
        "weightedAverageShsOut": 589072000,
        "weightedAverageShsOutDil": 597048000,
        "link": "",
        "finalLink": ""
    },
    {
        "date": "2004-09-30",
        "symbol": "ESRX",
        "reportedCurrency": "USD",
        "cik": "0001532063",
        "fillingDate": "2004-09-30",
        "acceptedDate": "2004-09-29 20:00:00",
        "calendarYear": "2004",
        "period": "Q3",
        "revenue": 3767690000,
        "costOfRevenue": 3532280000,
        "grossProfit": 235410000,
        "grossProfitRatio": 0.0624812551,
        "researchAndDevelopmentExpenses": 0,
        "generalAndAdministrativeExpenses": 0,
        "sellingAndMarketingExpenses": 0,
        "sellingGeneralAndAdministrativeExpenses": 130806000,
        "otherExpenses": 0,
        "operatingExpenses": 130806000,
        "costAndExpenses": 3663086000,
        "interestIncome": 867000,
        "interestExpense": 4248000,
        "depreciationAndAmortization": 17652000,
        "ebitda": 122169000,
        "ebitdaratio": 0.0324254384,
        "operatingIncome": 104604000,
        "operatingIncomeRatio": 0.0277634306,
        "totalOtherIncomeExpensesNet": -4335000,
        "incomeBeforeTax": 100269000,
        "incomeBeforeTaxRatio": 0.0266128583,
        "incomeTaxExpense": 38352000,
        "netIncome": 61917000,
        "netIncomeRatio": 0.0164336769,
        "eps": 0.1,
        "epsdiluted": 0.1,
        "weightedAverageShsOut": 609008000,
        "weightedAverageShsOutDil": 617408000,
        "link": "",
        "finalLink": ""
    },
    {
        "date": "2004-06-30",
        "symbol": "ESRX",
        "reportedCurrency": "USD",
        "cik": "0001532063",
        "fillingDate": "2004-06-30",
        "acceptedDate": "2004-06-29 20:00:00",
        "calendarYear": "2004",
        "period": "Q2",
        "revenue": 3779505000,
        "costOfRevenue": 3555983000,
        "grossProfit": 223522000,
        "grossProfitRatio": 0.0591405488,
        "researchAndDevelopmentExpenses": 0,
        "generalAndAdministrativeExpenses": 0,
        "sellingAndMarketingExpenses": 0,
        "sellingGeneralAndAdministrativeExpenses": 96723000,
        "otherExpenses": 0,
        "operatingExpenses": 96723000,
        "costAndExpenses": 3652706000,
        "interestIncome": 801000,
        "interestExpense": 20160000,
        "depreciationAndAmortization": 17120000,
        "ebitda": 143260000,
        "ebitdaratio": 0.0379044346,
        "operatingIncome": 126799000,
        "operatingIncomeRatio": 0.0335491023,
        "totalOtherIncomeExpensesNet": -20819000,
        "incomeBeforeTax": 105980000,
        "incomeBeforeTaxRatio": 0.028040709,
        "incomeTaxExpense": 40560000,
        "netIncome": 65420000,
        "netIncomeRatio": 0.017309145,
        "eps": 0.11,
        "epsdiluted": 0.1,
        "weightedAverageShsOut": 618032000,
        "weightedAverageShsOutDil": 628416000,
        "link": "",
        "finalLink": ""
    },
    {
        "date": "2004-03-31",
        "symbol": "ESRX",
        "reportedCurrency": "USD",
        "cik": "0001532063",
        "fillingDate": "2004-03-31",
        "acceptedDate": "2004-03-30 19:00:00",
        "calendarYear": "2004",
        "period": "Q1",
        "revenue": 3627815000,
        "costOfRevenue": 3406028000,
        "grossProfit": 221787000,
        "grossProfitRatio": 0.0611351461,
        "researchAndDevelopmentExpenses": 0,
        "generalAndAdministrativeExpenses": 0,
        "sellingAndMarketingExpenses": 0,
        "sellingGeneralAndAdministrativeExpenses": 95244000,
        "otherExpenses": 0,
        "operatingExpenses": 95244000,
        "costAndExpenses": 3501272000,
        "interestIncome": 824000,
        "interestExpense": 12710000,
        "depreciationAndAmortization": 15705000,
        "ebitda": 141732000,
        "ebitdaratio": 0.0390681443,
        "operatingIncome": 126543000,
        "operatingIncomeRatio": 0.0348813266,
        "totalOtherIncomeExpensesNet": -13226000,
        "incomeBeforeTax": 113317000,
        "incomeBeforeTaxRatio": 0.031235606,
        "incomeTaxExpense": 43354000,
        "netIncome": 69963000,
        "netIncomeRatio": 0.019285162,
        "eps": 0.11,
        "epsdiluted": 0.11,
        "weightedAverageShsOut": 618664000,
        "weightedAverageShsOutDil": 628568000,
        "link": "",
        "finalLink": ""
    },
    {
        "date": "2003-12-31",
        "symbol": "ESRX",
        "reportedCurrency": "USD",
        "cik": "0001532063",
        "fillingDate": "2003-12-31",
        "acceptedDate": "2003-12-30 19:00:00",
        "calendarYear": "2003",
        "period": "Q4",
        "revenue": 3487737000,
        "costOfRevenue": 3255024000,
        "grossProfit": 232713000,
        "grossProfitRatio": 0.0667232076,
        "researchAndDevelopmentExpenses": 0,
        "generalAndAdministrativeExpenses": 0,
        "sellingAndMarketingExpenses": 0,
        "sellingGeneralAndAdministrativeExpenses": 115186000,
        "otherExpenses": 0,
        "operatingExpenses": 115186000,
        "costAndExpenses": 3370210000,
        "interestIncome": 1045000,
        "interestExpense": 8245000,
        "depreciationAndAmortization": 22661000,
        "ebitda": 139957000,
        "ebitdaratio": 0.0401283124,
        "operatingIncome": 117527000,
        "operatingIncomeRatio": 0.0336972082,
        "totalOtherIncomeExpensesNet": -8476000,
        "incomeBeforeTax": 109051000,
        "incomeBeforeTaxRatio": 0.0312669791,
        "incomeTaxExpense": 41620000,
        "netIncome": 67431000,
        "netIncomeRatio": 0.0193337399,
        "eps": 0.11,
        "epsdiluted": 0.11,
        "weightedAverageShsOut": 618664000,
        "weightedAverageShsOutDil": 628568000,
        "link": "",
        "finalLink": ""
    },
    {
        "date": "2003-09-30",
        "symbol": "ESRX",
        "reportedCurrency": "USD",
        "cik": "0001532063",
        "fillingDate": "2003-09-30",
        "acceptedDate": "2003-09-29 20:00:00",
        "calendarYear": "2003",
        "period": "Q3",
        "revenue": 3248602000,
        "costOfRevenue": 3041825000,
        "grossProfit": 206777000,
        "grossProfitRatio": 0.0636510721,
        "researchAndDevelopmentExpenses": 0,
        "generalAndAdministrativeExpenses": 0,
        "sellingAndMarketingExpenses": 0,
        "sellingGeneralAndAdministrativeExpenses": 93286000,
        "otherExpenses": 0,
        "operatingExpenses": 93286000,
        "costAndExpenses": 3135111000,
        "interestIncome": 756000,
        "interestExpense": 8430000,
        "depreciationAndAmortization": 13294000,
        "ebitda": 126105000,
        "ebitdaratio": 0.0388182363,
        "operatingIncome": 113491000,
        "operatingIncomeRatio": 0.0349353353,
        "totalOtherIncomeExpensesNet": -9110000,
        "incomeBeforeTax": 104381000,
        "incomeBeforeTaxRatio": 0.0321310521,
        "incomeTaxExpense": 39839000,
        "netIncome": 64542000,
        "netIncomeRatio": 0.0198676231,
        "eps": 0.1,
        "epsdiluted": 0.1,
        "weightedAverageShsOut": 629328000,
        "weightedAverageShsOutDil": 640184000,
        "link": "",
        "finalLink": ""
    },
    {
        "date": "2003-06-30",
        "symbol": "ESRX",
        "reportedCurrency": "USD",
        "cik": "0001532063",
        "fillingDate": "2003-06-30",
        "acceptedDate": "2003-06-29 20:00:00",
        "calendarYear": "2003",
        "period": "Q2",
        "revenue": 3334197000,
        "costOfRevenue": 3116962000,
        "grossProfit": 217235000,
        "grossProfitRatio": 0.0651536187,
        "researchAndDevelopmentExpenses": 0,
        "generalAndAdministrativeExpenses": 0,
        "sellingAndMarketingExpenses": 0,
        "sellingGeneralAndAdministrativeExpenses": 106955000,
        "otherExpenses": 0,
        "operatingExpenses": 106955000,
        "costAndExpenses": 3223917000,
        "interestIncome": 721000,
        "interestExpense": 14040000,
        "depreciationAndAmortization": 13230000,
        "ebitda": 122686000,
        "ebitdaratio": 0.0367962661,
        "operatingIncome": 110280000,
        "operatingIncomeRatio": 0.0330754302,
        "totalOtherIncomeExpensesNet": -14864000,
        "incomeBeforeTax": 95416000,
        "incomeBeforeTaxRatio": 0.0286173852,
        "incomeTaxExpense": 36410000,
        "netIncome": 59006000,
        "netIncomeRatio": 0.0176972147,
        "eps": 0.0941,
        "epsdiluted": 0.0922,
        "weightedAverageShsOut": 626928000,
        "weightedAverageShsOutDil": 640168000,
        "link": "",
        "finalLink": ""
    },
    {
        "date": "2003-03-31",
        "symbol": "ESRX",
        "reportedCurrency": "USD",
        "cik": "0001532063",
        "fillingDate": "2003-03-31",
        "acceptedDate": "2003-03-30 19:00:00",
        "calendarYear": "2003",
        "period": "Q1",
        "revenue": 3223981000,
        "costOfRevenue": 3014368000,
        "grossProfit": 209613000,
        "grossProfitRatio": 0.0650168224,
        "researchAndDevelopmentExpenses": 0,
        "generalAndAdministrativeExpenses": 0,
        "sellingAndMarketingExpenses": 0,
        "sellingGeneralAndAdministrativeExpenses": 101786000,
        "otherExpenses": 0,
        "operatingExpenses": 101786000,
        "costAndExpenses": 3116154000,
        "interestIncome": 868000,
        "interestExpense": 10702000,
        "depreciationAndAmortization": 13163000,
        "ebitda": 119291000,
        "ebitdaratio": 0.0370011486,
        "operatingIncome": 107827000,
        "operatingIncomeRatio": 0.0334452964,
        "totalOtherIncomeExpensesNet": -11373000,
        "incomeBeforeTax": 96454000,
        "incomeBeforeTaxRatio": 0.0299176701,
        "incomeTaxExpense": 36805000,
        "netIncome": 58621000,
        "netIncomeRatio": 0.0181827995,
        "eps": 0.0945,
        "epsdiluted": 0.0927,
        "weightedAverageShsOut": 620376000,
        "weightedAverageShsOutDil": 632600000,
        "link": "",
        "finalLink": ""
    },
    {
        "date": "2002-12-31",
        "symbol": "ESRX",
        "reportedCurrency": "USD",
        "cik": "0001532063",
        "fillingDate": "2002-12-31",
        "acceptedDate": "2002-12-30 19:00:00",
        "calendarYear": "2002",
        "period": "Q4",
        "revenue": 2682729000,
        "costOfRevenue": 2457534000,
        "grossProfit": 225195000,
        "grossProfitRatio": 0.0839425078,
        "researchAndDevelopmentExpenses": 0,
        "generalAndAdministrativeExpenses": 0,
        "sellingAndMarketingExpenses": 0,
        "sellingGeneralAndAdministrativeExpenses": 121832000,
        "otherExpenses": 0,
        "operatingExpenses": 121832000,
        "costAndExpenses": 2579366000,
        "interestIncome": 946000,
        "interestExpense": 10700000,
        "depreciationAndAmortization": 25325000,
        "ebitda": 127847000,
        "ebitdaratio": 0.0476555776,
        "operatingIncome": 103363000,
        "operatingIncomeRatio": 0.0385290501,
        "totalOtherIncomeExpensesNet": -11009000,
        "incomeBeforeTax": 92354000,
        "incomeBeforeTaxRatio": 0.0344253929,
        "incomeTaxExpense": 35097000,
        "netIncome": 56725000,
        "netIncomeRatio": 0.0211445137,
        "eps": 0.0914,
        "epsdiluted": 0.0897,
        "weightedAverageShsOut": 620376000,
        "weightedAverageShsOutDil": 632600000,
        "link": "",
        "finalLink": ""
    },
    {
        "date": "2002-09-30",
        "symbol": "ESRX",
        "reportedCurrency": "USD",
        "cik": "0001532063",
        "fillingDate": "2002-09-30",
        "acceptedDate": "2002-09-29 20:00:00",
        "calendarYear": "2002",
        "period": "Q3",
        "revenue": 3426198000,
        "costOfRevenue": 3214736000,
        "grossProfit": 211462000,
        "grossProfitRatio": 0.0617191417,
        "researchAndDevelopmentExpenses": 0,
        "generalAndAdministrativeExpenses": 0,
        "sellingAndMarketingExpenses": 0,
        "sellingGeneralAndAdministrativeExpenses": 112162000,
        "otherExpenses": 0,
        "operatingExpenses": 112162000,
        "costAndExpenses": 3326898000,
        "interestIncome": 1391000,
        "interestExpense": 11753000,
        "depreciationAndAmortization": 13197000,
        "ebitda": 112169000,
        "ebitdaratio": 0.0327386216,
        "operatingIncome": 99300000,
        "operatingIncomeRatio": 0.0289825632,
        "totalOtherIncomeExpensesNet": -11586000,
        "incomeBeforeTax": 87714000,
        "incomeBeforeTaxRatio": 0.0256009723,
        "incomeTaxExpense": 33777000,
        "netIncome": 53442000,
        "netIncomeRatio": 0.0155980477,
        "eps": 0.0858,
        "epsdiluted": 0.0841,
        "weightedAverageShsOut": 622632000,
        "weightedAverageShsOutDil": 635592000,
        "link": "",
        "finalLink": ""
    },
    {
        "date": "2002-06-30",
        "symbol": "ESRX",
        "reportedCurrency": "USD",
        "cik": "0001532063",
        "fillingDate": "2002-06-30",
        "acceptedDate": "2002-06-29 20:00:00",
        "calendarYear": "2002",
        "period": "Q2",
        "revenue": 3402638000,
        "costOfRevenue": 3190534000,
        "grossProfit": 212104000,
        "grossProfitRatio": 0.0623351647,
        "researchAndDevelopmentExpenses": 0,
        "generalAndAdministrativeExpenses": 0,
        "sellingAndMarketingExpenses": 0,
        "sellingGeneralAndAdministrativeExpenses": 121311000,
        "otherExpenses": 0,
        "operatingExpenses": 121311000,
        "costAndExpenses": 3311845000,
        "interestIncome": 1319000,
        "interestExpense": 11654000,
        "depreciationAndAmortization": 23981000,
        "ebitda": 115060000,
        "ebitdaratio": 0.0338149401,
        "operatingIncome": 90793000,
        "operatingIncomeRatio": 0.0266831206,
        "totalOtherIncomeExpensesNet": -11368000,
        "incomeBeforeTax": 79425000,
        "incomeBeforeTaxRatio": 0.0233421833,
        "incomeTaxExpense": 30725000,
        "netIncome": 48700000,
        "netIncomeRatio": 0.0143124247,
        "eps": 0.0777,
        "epsdiluted": 0.0758,
        "weightedAverageShsOut": 626936000,
        "weightedAverageShsOutDil": 642216000,
        "link": "",
        "finalLink": ""
    },
    {
        "date": "2002-03-31",
        "symbol": "ESRX",
        "reportedCurrency": "USD",
        "cik": "0001532063",
        "fillingDate": "2002-03-31",
        "acceptedDate": "2002-03-30 19:00:00",
        "calendarYear": "2002",
        "period": "Q1",
        "revenue": 2749069000,
        "costOfRevenue": 2574412000,
        "grossProfit": 174657000,
        "grossProfitRatio": 0.0635331452,
        "researchAndDevelopmentExpenses": 0,
        "generalAndAdministrativeExpenses": 0,
        "sellingAndMarketingExpenses": 0,
        "sellingGeneralAndAdministrativeExpenses": 96387000,
        "otherExpenses": 0,
        "operatingExpenses": 96387000,
        "costAndExpenses": 2670799000,
        "interestIncome": 1060000,
        "interestExpense": 8128000,
        "depreciationAndAmortization": 29295000,
        "ebitda": 107588000,
        "ebitdaratio": 0.0391361585,
        "operatingIncome": 78270000,
        "operatingIncomeRatio": 0.0284714571,
        "totalOtherIncomeExpensesNet": -8105000,
        "incomeBeforeTax": 70165000,
        "incomeBeforeTaxRatio": 0.0255231862,
        "incomeTaxExpense": 26196000,
        "netIncome": 43969000,
        "netIncomeRatio": 0.015994142,
        "eps": 0.0707,
        "epsdiluted": 0.0691,
        "weightedAverageShsOut": 621488000,
        "weightedAverageShsOutDil": 636600000,
        "link": "",
        "finalLink": ""
    },
    {
        "date": "2001-12-31",
        "symbol": "ESRX",
        "reportedCurrency": "USD",
        "cik": "0001532063",
        "fillingDate": "2001-12-31",
        "acceptedDate": "2001-12-30 19:00:00",
        "calendarYear": "2001",
        "period": "Q4",
        "revenue": 2716410000,
        "costOfRevenue": 2560178000,
        "grossProfit": 156232000,
        "grossProfitRatio": 0.0575141455,
        "researchAndDevelopmentExpenses": 0,
        "generalAndAdministrativeExpenses": 0,
        "sellingAndMarketingExpenses": 0,
        "sellingGeneralAndAdministrativeExpenses": 92081000,
        "otherExpenses": 0,
        "operatingExpenses": 92081000,
        "costAndExpenses": 2652259000,
        "interestIncome": 1599000,
        "interestExpense": 8029000,
        "depreciationAndAmortization": 31735000,
        "ebitda": 96744000,
        "ebitdaratio": 0.0356146532,
        "operatingIncome": 64151000,
        "operatingIncomeRatio": 0.0236160962,
        "totalOtherIncomeExpensesNet": -7171000,
        "incomeBeforeTax": 56980000,
        "incomeBeforeTaxRatio": 0.0209762149,
        "incomeTaxExpense": 22794000,
        "netIncome": 34186000,
        "netIncomeRatio": 0.0125849927,
        "eps": 0.055,
        "epsdiluted": 0.0537,
        "weightedAverageShsOut": 621488000,
        "weightedAverageShsOutDil": 636600000,
        "link": "",
        "finalLink": ""
    },
    {
        "date": "2001-09-30",
        "symbol": "ESRX",
        "reportedCurrency": "USD",
        "cik": "0001532063",
        "fillingDate": "2001-09-30",
        "acceptedDate": "2001-09-29 20:00:00",
        "calendarYear": "2001",
        "period": "Q3",
        "revenue": 2349770000,
        "costOfRevenue": 2205472000,
        "grossProfit": 144298000,
        "grossProfitRatio": 0.0614094145,
        "researchAndDevelopmentExpenses": 0,
        "generalAndAdministrativeExpenses": 0,
        "sellingAndMarketingExpenses": 0,
        "sellingGeneralAndAdministrativeExpenses": 84067000,
        "otherExpenses": 0,
        "operatingExpenses": 84067000,
        "costAndExpenses": 2289539000,
        "interestIncome": 1837000,
        "interestExpense": 8417000,
        "depreciationAndAmortization": 20638000,
        "ebitda": 81899000,
        "ebitdaratio": 0.0348540495,
        "operatingIncome": 60231000,
        "operatingIncomeRatio": 0.0256327215,
        "totalOtherIncomeExpensesNet": -7015000,
        "incomeBeforeTax": 53216000,
        "incomeBeforeTaxRatio": 0.0226473229,
        "incomeTaxExpense": 20653000,
        "netIncome": 32191000,
        "netIncomeRatio": 0.0136996387,
        "eps": 0.0513,
        "epsdiluted": 0.0499,
        "weightedAverageShsOut": 627056000,
        "weightedAverageShsOutDil": 644896000,
        "link": "",
        "finalLink": ""
    },
    {
        "date": "2001-06-30",
        "symbol": "ESRX",
        "reportedCurrency": "USD",
        "cik": "0001532063",
        "fillingDate": "2001-06-30",
        "acceptedDate": "2001-06-29 20:00:00",
        "calendarYear": "2001",
        "period": "Q2",
        "revenue": 2206192000,
        "costOfRevenue": 2055977000,
        "grossProfit": 150215000,
        "grossProfitRatio": 0.0680879089,
        "researchAndDevelopmentExpenses": 0,
        "generalAndAdministrativeExpenses": 0,
        "sellingAndMarketingExpenses": 0,
        "sellingGeneralAndAdministrativeExpenses": 92521000,
        "otherExpenses": 0,
        "operatingExpenses": 92521000,
        "costAndExpenses": 2148498000,
        "interestIncome": 2274000,
        "interestExpense": 8629000,
        "depreciationAndAmortization": 19199000,
        "ebitda": 78509000,
        "ebitdaratio": 0.0355857514,
        "operatingIncome": 57694000,
        "operatingIncomeRatio": 0.0261509424,
        "totalOtherIncomeExpensesNet": -7013000,
        "incomeBeforeTax": 50681000,
        "incomeBeforeTaxRatio": 0.022972162,
        "incomeTaxExpense": 20437000,
        "netIncome": 30244000,
        "netIncomeRatio": 0.013708689,
        "eps": 0.0485,
        "epsdiluted": 0.0472,
        "weightedAverageShsOut": 624080000,
        "weightedAverageShsOutDil": 641024000,
        "link": "",
        "finalLink": ""
    },
    {
        "date": "2001-03-31",
        "symbol": "ESRX",
        "reportedCurrency": "USD",
        "cik": "0001532063",
        "fillingDate": "2001-03-31",
        "acceptedDate": "2001-03-30 19:00:00",
        "calendarYear": "2001",
        "period": "Q1",
        "revenue": 2056410000,
        "costOfRevenue": 1892286000,
        "grossProfit": 164124000,
        "grossProfitRatio": 0.0798109326,
        "researchAndDevelopmentExpenses": 0,
        "generalAndAdministrativeExpenses": 0,
        "sellingAndMarketingExpenses": 0,
        "sellingGeneralAndAdministrativeExpenses": 90022000,
        "otherExpenses": 19001000,
        "operatingExpenses": 109023000,
        "costAndExpenses": 2001309000,
        "interestIncome": 1410000,
        "interestExpense": 9144000,
        "depreciationAndAmortization": 19001000,
        "ebitda": 75512000,
        "ebitdaratio": 0.0367203038,
        "operatingIncome": 55101000,
        "operatingIncomeRatio": 0.026794754,
        "totalOtherIncomeExpensesNet": -7734000,
        "incomeBeforeTax": 47367000,
        "incomeBeforeTaxRatio": 0.0230338308,
        "incomeTaxExpense": 19288000,
        "netIncome": 28079000,
        "netIncomeRatio": 0.0136543783,
        "eps": 0.0453,
        "epsdiluted": 0.0441,
        "weightedAverageShsOut": 620320000,
        "weightedAverageShsOutDil": 637072000,
        "link": "",
        "finalLink": ""
    },
    {
        "date": "2000-12-31",
        "symbol": "ESRX",
        "reportedCurrency": "USD",
        "cik": "0001532063",
        "fillingDate": "2000-12-31",
        "acceptedDate": "2000-12-30 19:00:00",
        "calendarYear": "2000",
        "period": "Q4",
        "revenue": 1921499000,
        "costOfRevenue": 1767256000,
        "grossProfit": 154243000,
        "grossProfitRatio": 0.080272225,
        "researchAndDevelopmentExpenses": 0,
        "generalAndAdministrativeExpenses": 0,
        "sellingAndMarketingExpenses": 0,
        "sellingGeneralAndAdministrativeExpenses": 85981000,
        "otherExpenses": 17259000,
        "operatingExpenses": 103240000,
        "costAndExpenses": 1870496000,
        "interestIncome": 2229000,
        "interestExpense": 9658000,
        "depreciationAndAmortization": 17259000,
        "ebitda": 60577000,
        "ebitdaratio": 0.0315259076,
        "operatingIncome": 51003000,
        "operatingIncomeRatio": 0.0265433393,
        "totalOtherIncomeExpensesNet": -17136000,
        "incomeBeforeTax": 33867000,
        "incomeBeforeTaxRatio": 0.0176253019,
        "incomeTaxExpense": 13916000,
        "netIncome": 19744000,
        "netIncomeRatio": 0.0102753111,
        "eps": 0.0318,
        "epsdiluted": 0.031,
        "weightedAverageShsOut": 620320000,
        "weightedAverageShsOutDil": 637072000,
        "link": "",
        "finalLink": ""
    },
    {
        "date": "2000-09-30",
        "symbol": "ESRX",
        "reportedCurrency": "USD",
        "cik": "0001532063",
        "fillingDate": "2000-09-30",
        "acceptedDate": "2000-09-29 20:00:00",
        "calendarYear": "2000",
        "period": "Q3",
        "revenue": 1736489000,
        "costOfRevenue": 1586159000,
        "grossProfit": 150330000,
        "grossProfitRatio": 0.0865712366,
        "researchAndDevelopmentExpenses": 0,
        "generalAndAdministrativeExpenses": 0,
        "sellingAndMarketingExpenses": 0,
        "sellingGeneralAndAdministrativeExpenses": 82687000,
        "otherExpenses": 17491000,
        "operatingExpenses": 100178000,
        "costAndExpenses": 1686337000,
        "interestIncome": 2774000,
        "interestExpense": 10861000,
        "depreciationAndAmortization": 17491000,
        "ebitda": 69519000,
        "ebitdaratio": 0.04003423,
        "operatingIncome": 50152000,
        "operatingIncomeRatio": 0.0288812656,
        "totalOtherIncomeExpensesNet": -8087000,
        "incomeBeforeTax": 42065000,
        "incomeBeforeTaxRatio": 0.0242241673,
        "incomeTaxExpense": 17292000,
        "netIncome": 23875000,
        "netIncomeRatio": 0.0137490073,
        "eps": 0.0389,
        "epsdiluted": 0.038,
        "weightedAverageShsOut": 613296000,
        "weightedAverageShsOutDil": 628640000,
        "link": "",
        "finalLink": ""
    },
    {
        "date": "2000-06-30",
        "symbol": "ESRX",
        "reportedCurrency": "USD",
        "cik": "0001532063",
        "fillingDate": "2000-06-30",
        "acceptedDate": "2000-06-29 20:00:00",
        "calendarYear": "2000",
        "period": "Q2",
        "revenue": 1653367000,
        "costOfRevenue": 1494252000,
        "grossProfit": 159115000,
        "grossProfitRatio": 0.0962369516,
        "researchAndDevelopmentExpenses": 0,
        "generalAndAdministrativeExpenses": 0,
        "sellingAndMarketingExpenses": 0,
        "sellingGeneralAndAdministrativeExpenses": 87421000,
        "otherExpenses": 21712000,
        "operatingExpenses": 109133000,
        "costAndExpenses": 1603385000,
        "interestIncome": 2046000,
        "interestExpense": 13183000,
        "depreciationAndAmortization": 21712000,
        "ebitda": -81760000,
        "ebitdaratio": -0.0494506059,
        "operatingIncome": 49982000,
        "operatingIncomeRatio": 0.0302304328,
        "totalOtherIncomeExpensesNet": -166637000,
        "incomeBeforeTax": -116655000,
        "incomeBeforeTaxRatio": -0.070556023,
        "incomeTaxExpense": -42478000,
        "netIncome": -74177000,
        "netIncomeRatio": -0.0448642074,
        "eps": -0.12,
        "epsdiluted": -0.12,
        "weightedAverageShsOut": 604992000,
        "weightedAverageShsOutDil": 616112000,
        "link": "",
        "finalLink": ""
    },
    {
        "date": "2000-03-31",
        "symbol": "ESRX",
        "reportedCurrency": "USD",
        "cik": "0001532063",
        "fillingDate": "2000-03-31",
        "acceptedDate": "2000-03-30 19:00:00",
        "calendarYear": "2000",
        "period": "Q1",
        "revenue": 1475509000,
        "costOfRevenue": 1320910000,
        "grossProfit": 154599000,
        "grossProfitRatio": 0.1047767245,
        "researchAndDevelopmentExpenses": 0,
        "generalAndAdministrativeExpenses": 0,
        "sellingAndMarketingExpenses": 0,
        "sellingGeneralAndAdministrativeExpenses": 83371000,
        "otherExpenses": 22153000,
        "operatingExpenses": 105524000,
        "costAndExpenses": 1426434000,
        "interestIncome": 1381000,
        "interestExpense": 14201000,
        "depreciationAndAmortization": 22153000,
        "ebitda": 72609000,
        "ebitdaratio": 0.0492094592,
        "operatingIncome": 49075000,
        "operatingIncomeRatio": 0.033259709,
        "totalOtherIncomeExpensesNet": -12820000,
        "incomeBeforeTax": 36255000,
        "incomeBeforeTaxRatio": 0.0245711819,
        "incomeTaxExpense": 14823000,
        "netIncome": 21432000,
        "netIncomeRatio": 0.0145251571,
        "eps": 0.0348,
        "epsdiluted": 0.0342,
        "weightedAverageShsOut": 616640000,
        "weightedAverageShsOutDil": 627296000,
        "link": "",
        "finalLink": ""
    },
    {
        "date": "1999-12-31",
        "symbol": "ESRX",
        "reportedCurrency": "USD",
        "cik": "0001532063",
        "fillingDate": "1999-12-31",
        "acceptedDate": "1999-12-30 19:00:00",
        "calendarYear": "1999",
        "period": "Q4",
        "revenue": 1308800000,
        "costOfRevenue": 1151100000,
        "grossProfit": 157700000,
        "grossProfitRatio": 0.1204920538,
        "researchAndDevelopmentExpenses": 0,
        "generalAndAdministrativeExpenses": 0,
        "sellingAndMarketingExpenses": 0,
        "sellingGeneralAndAdministrativeExpenses": 87100000,
        "otherExpenses": 23200000,
        "operatingExpenses": 110300000,
        "costAndExpenses": 1261400000,
        "interestIncome": 1900000,
        "interestExpense": 14800000,
        "depreciationAndAmortization": 23200000,
        "ebitda": 234600000,
        "ebitdaratio": 0.1792481663,
        "operatingIncome": 47400000,
        "operatingIncomeRatio": 0.0362163814,
        "totalOtherIncomeExpensesNet": 149200000,
        "incomeBeforeTax": 196600000,
        "incomeBeforeTaxRatio": 0.1502139364,
        "incomeTaxExpense": 77300000,
        "netIncome": 119300000,
        "netIncomeRatio": 0.0911522005,
        "eps": 0.19,
        "epsdiluted": 0.19,
        "weightedAverageShsOut": 616640000,
        "weightedAverageShsOutDil": 627296000,
        "link": "",
        "finalLink": ""
    },
    {
        "date": "1999-09-30",
        "symbol": "ESRX",
        "reportedCurrency": "USD",
        "cik": "0001532063",
        "fillingDate": "1999-09-30",
        "acceptedDate": "1999-09-29 20:00:00",
        "calendarYear": "1999",
        "period": "Q3",
        "revenue": 1083500000,
        "costOfRevenue": 938300000,
        "grossProfit": 145200000,
        "grossProfitRatio": 0.1340101523,
        "researchAndDevelopmentExpenses": 0,
        "generalAndAdministrativeExpenses": 0,
        "sellingAndMarketingExpenses": 0,
        "sellingGeneralAndAdministrativeExpenses": 78800000,
        "otherExpenses": 20700000,
        "operatingExpenses": 99500000,
        "costAndExpenses": 1037800000,
        "interestIncome": 1100000,
        "interestExpense": 15800000,
        "depreciationAndAmortization": 20700000,
        "ebitda": 66900000,
        "ebitdaratio": 0.061744347,
        "operatingIncome": 45700000,
        "operatingIncomeRatio": 0.0421781264,
        "totalOtherIncomeExpensesNet": -14700000,
        "incomeBeforeTax": 31000000,
        "incomeBeforeTaxRatio": 0.0286109829,
        "incomeTaxExpense": 13500000,
        "netIncome": 16900000,
        "netIncomeRatio": 0.0155976004,
        "eps": 0.0275,
        "epsdiluted": 0.0269,
        "weightedAverageShsOut": 614545455,
        "weightedAverageShsOutDil": 628837209,
        "link": "",
        "finalLink": ""
    },
    {
        "date": "1999-06-30",
        "symbol": "ESRX",
        "reportedCurrency": "USD",
        "cik": "0001532063",
        "fillingDate": "1999-06-30",
        "acceptedDate": "1999-06-29 20:00:00",
        "calendarYear": "1999",
        "period": "Q2",
        "revenue": 996700000,
        "costOfRevenue": 848600000,
        "grossProfit": 148100000,
        "grossProfitRatio": 0.1485903481,
        "researchAndDevelopmentExpenses": 0,
        "generalAndAdministrativeExpenses": 0,
        "sellingAndMarketingExpenses": 0,
        "sellingGeneralAndAdministrativeExpenses": 81900000,
        "otherExpenses": 21400000,
        "operatingExpenses": 103300000,
        "costAndExpenses": 951900000,
        "interestIncome": 0,
        "interestExpense": 23200000,
        "depreciationAndAmortization": 21400000,
        "ebitda": 51700000,
        "ebitdaratio": 0.0518711749,
        "operatingIncome": 44800000,
        "operatingIncomeRatio": 0.0449483295,
        "totalOtherIncomeExpensesNet": -31100000,
        "incomeBeforeTax": 13700000,
        "incomeBeforeTaxRatio": 0.0137453597,
        "incomeTaxExpense": 6700000,
        "netIncome": 400000,
        "netIncomeRatio": 0.0004013244,
        "eps": 0.0006,
        "epsdiluted": 0.0006,
        "weightedAverageShsOut": 640000000,
        "weightedAverageShsOutDil": 640000000,
        "link": "",
        "finalLink": ""
    },
    {
        "date": "1999-03-31",
        "symbol": "ESRX",
        "reportedCurrency": "USD",
        "cik": "0001532063",
        "fillingDate": "1999-03-31",
        "acceptedDate": "1999-03-30 19:00:00",
        "calendarYear": "1999",
        "period": "Q1",
        "revenue": 899100000,
        "costOfRevenue": 815000000,
        "grossProfit": 84100000,
        "grossProfitRatio": 0.0935379824,
        "researchAndDevelopmentExpenses": 0,
        "generalAndAdministrativeExpenses": 0,
        "sellingAndMarketingExpenses": 0,
        "sellingGeneralAndAdministrativeExpenses": 46400000,
        "otherExpenses": 8700000,
        "operatingExpenses": 55100000,
        "costAndExpenses": 870100000,
        "interestIncome": 0,
        "interestExpense": 6200000,
        "depreciationAndAmortization": 8700000,
        "ebitda": 39000000,
        "ebitdaratio": 0.04337671,
        "operatingIncome": 29000000,
        "operatingIncomeRatio": 0.0322544767,
        "totalOtherIncomeExpensesNet": -4900000,
        "incomeBeforeTax": 24100000,
        "incomeBeforeTaxRatio": 0.0268045824,
        "incomeTaxExpense": 10600000,
        "netIncome": 13500000,
        "netIncomeRatio": 0.015015015,
        "eps": 0.0256,
        "epsdiluted": 0.0256,
        "weightedAverageShsOut": 526829268,
        "weightedAverageShsOutDil": 526829268,
        "link": "",
        "finalLink": ""
    },
    {
        "date": "1998-12-31",
        "symbol": "ESRX",
        "reportedCurrency": "USD",
        "cik": "0001532063",
        "fillingDate": "1998-12-31",
        "acceptedDate": "1998-12-30 19:00:00",
        "calendarYear": "1998",
        "period": "Q4",
        "revenue": 838800000,
        "costOfRevenue": 755700000,
        "grossProfit": 83100000,
        "grossProfitRatio": 0.0990701001,
        "researchAndDevelopmentExpenses": 0,
        "generalAndAdministrativeExpenses": 0,
        "sellingAndMarketingExpenses": 0,
        "sellingGeneralAndAdministrativeExpenses": 47800000,
        "otherExpenses": 8700000,
        "operatingExpenses": 56500000,
        "costAndExpenses": 812200000,
        "interestIncome": 0,
        "interestExpense": 6400000,
        "depreciationAndAmortization": 8700000,
        "ebitda": 36900000,
        "ebitdaratio": 0.0439914163,
        "operatingIncome": 26600000,
        "operatingIncomeRatio": 0.0317119695,
        "totalOtherIncomeExpensesNet": -4800000,
        "incomeBeforeTax": 21800000,
        "incomeBeforeTaxRatio": 0.0259895088,
        "incomeTaxExpense": 9900000,
        "netIncome": 11900000,
        "netIncomeRatio": 0.0141869337,
        "eps": 0.0226,
        "epsdiluted": 0.0226,
        "weightedAverageShsOut": 526829268,
        "weightedAverageShsOutDil": 526829268,
        "link": "",
        "finalLink": ""
    },
    {
        "date": "1998-09-30",
        "symbol": "ESRX",
        "reportedCurrency": "USD",
        "cik": "0001532063",
        "fillingDate": "1998-09-30",
        "acceptedDate": "1998-09-29 20:00:00",
        "calendarYear": "1998",
        "period": "Q3",
        "revenue": 807300000,
        "costOfRevenue": 730300000,
        "grossProfit": 77000000,
        "grossProfitRatio": 0.0953796606,
        "researchAndDevelopmentExpenses": 0,
        "generalAndAdministrativeExpenses": 0,
        "sellingAndMarketingExpenses": 0,
        "sellingGeneralAndAdministrativeExpenses": 43200000,
        "otherExpenses": 8200000,
        "operatingExpenses": 51400000,
        "costAndExpenses": 781700000,
        "interestIncome": 0,
        "interestExpense": 6900000,
        "depreciationAndAmortization": 8200000,
        "ebitda": 35600000,
        "ebitdaratio": 0.0440976093,
        "operatingIncome": 25600000,
        "operatingIncomeRatio": 0.0317106404,
        "totalOtherIncomeExpensesNet": -5100000,
        "incomeBeforeTax": 20500000,
        "incomeBeforeTaxRatio": 0.0253932863,
        "incomeTaxExpense": 9200000,
        "netIncome": 11300000,
        "netIncomeRatio": 0.0139972749,
        "eps": 0.0212,
        "epsdiluted": 0.0212,
        "weightedAverageShsOut": 531764706,
        "weightedAverageShsOutDil": 531764706,
        "link": "",
        "finalLink": ""
    },
    {
        "date": "1998-06-30",
        "symbol": "ESRX",
        "reportedCurrency": "USD",
        "cik": "0001532063",
        "fillingDate": "1998-06-30",
        "acceptedDate": "1998-06-29 20:00:00",
        "calendarYear": "1998",
        "period": "Q2",
        "revenue": 807400000,
        "costOfRevenue": 735900000,
        "grossProfit": 71500000,
        "grossProfitRatio": 0.0885558583,
        "researchAndDevelopmentExpenses": 0,
        "generalAndAdministrativeExpenses": 0,
        "sellingAndMarketingExpenses": 0,
        "sellingGeneralAndAdministrativeExpenses": 39300000,
        "otherExpenses": 7700000,
        "operatingExpenses": 47000000,
        "costAndExpenses": 782900000,
        "interestIncome": 0,
        "interestExpense": 6900000,
        "depreciationAndAmortization": 7700000,
        "ebitda": 32400000,
        "ebitdaratio": 0.0401288085,
        "operatingIncome": 24500000,
        "operatingIncomeRatio": 0.0303443151,
        "totalOtherIncomeExpensesNet": -6700000,
        "incomeBeforeTax": 17800000,
        "incomeBeforeTaxRatio": 0.0220460738,
        "incomeTaxExpense": 8200000,
        "netIncome": 9600000,
        "netIncomeRatio": 0.0118900173,
        "eps": 0.0181,
        "epsdiluted": 0.0181,
        "weightedAverageShsOut": 529655172,
        "weightedAverageShsOutDil": 529655172,
        "link": "",
        "finalLink": ""
    },
    {
        "date": "1998-03-31",
        "symbol": "ESRX",
        "reportedCurrency": "USD",
        "cik": "0001532063",
        "fillingDate": "1998-03-31",
        "acceptedDate": "1998-03-30 19:00:00",
        "calendarYear": "1998",
        "period": "Q1",
        "revenue": 371400000,
        "costOfRevenue": 336000000,
        "grossProfit": 35400000,
        "grossProfitRatio": 0.0953150242,
        "researchAndDevelopmentExpenses": 0,
        "generalAndAdministrativeExpenses": 0,
        "sellingAndMarketingExpenses": 0,
        "sellingGeneralAndAdministrativeExpenses": 18800000,
        "otherExpenses": 2400000,
        "operatingExpenses": 21200000,
        "costAndExpenses": 357200000,
        "interestIncome": 0,
        "interestExpense": 0,
        "depreciationAndAmortization": 2400000,
        "ebitda": 18600000,
        "ebitdaratio": 0.0500807754,
        "operatingIncome": 14200000,
        "operatingIncomeRatio": 0.0382337103,
        "totalOtherIncomeExpensesNet": 2000000,
        "incomeBeforeTax": 16200000,
        "incomeBeforeTaxRatio": 0.0436187399,
        "incomeTaxExpense": 6300000,
        "netIncome": 9900000,
        "netIncomeRatio": 0.0266558966,
        "eps": 0.0188,
        "epsdiluted": 0.0188,
        "weightedAverageShsOut": 528000000,
        "weightedAverageShsOutDil": 528000000,
        "link": "",
        "finalLink": ""
    },
    {
        "date": "1997-12-31",
        "symbol": "ESRX",
        "reportedCurrency": "USD",
        "cik": "0001532063",
        "fillingDate": "1997-12-31",
        "acceptedDate": "1997-12-30 19:00:00",
        "calendarYear": "1997",
        "period": "Q4",
        "revenue": 348200000,
        "costOfRevenue": 311800000,
        "grossProfit": 36400000,
        "grossProfitRatio": 0.1045376221,
        "researchAndDevelopmentExpenses": 0,
        "generalAndAdministrativeExpenses": 0,
        "sellingAndMarketingExpenses": 0,
        "sellingGeneralAndAdministrativeExpenses": 19800000,
        "otherExpenses": 3600000,
        "operatingExpenses": 23400000,
        "costAndExpenses": 335200000,
        "interestIncome": 0,
        "interestExpense": 100000,
        "depreciationAndAmortization": 3600000,
        "ebitda": 18400000,
        "ebitdaratio": 0.0528431936,
        "operatingIncome": 13000000,
        "operatingIncomeRatio": 0.037334865,
        "totalOtherIncomeExpensesNet": 1700000,
        "incomeBeforeTax": 14700000,
        "incomeBeforeTaxRatio": 0.0422171166,
        "incomeTaxExpense": 5700000,
        "netIncome": 9000000,
        "netIncomeRatio": 0.0258472142,
        "eps": 0.017,
        "epsdiluted": 0.017,
        "weightedAverageShsOut": 528000000,
        "weightedAverageShsOutDil": 528000000,
        "link": "",
        "finalLink": ""
    },
    {
        "date": "1997-09-30",
        "symbol": "ESRX",
        "reportedCurrency": "USD",
        "cik": "0001532063",
        "fillingDate": "1997-09-30",
        "acceptedDate": "1997-09-29 20:00:00",
        "calendarYear": "1997",
        "period": "Q3",
        "revenue": 319900000,
        "costOfRevenue": 289200000,
        "grossProfit": 30700000,
        "grossProfitRatio": 0.0959674898,
        "researchAndDevelopmentExpenses": 0,
        "generalAndAdministrativeExpenses": 0,
        "sellingAndMarketingExpenses": 0,
        "sellingGeneralAndAdministrativeExpenses": 15800000,
        "otherExpenses": 2400000,
        "operatingExpenses": 18200000,
        "costAndExpenses": 307400000,
        "interestIncome": 0,
        "interestExpense": 0,
        "depreciationAndAmortization": 2400000,
        "ebitda": 16600000,
        "ebitdaratio": 0.051891216,
        "operatingIncome": 12500000,
        "operatingIncomeRatio": 0.0390747108,
        "totalOtherIncomeExpensesNet": 1700000,
        "incomeBeforeTax": 14200000,
        "incomeBeforeTaxRatio": 0.0443888715,
        "incomeTaxExpense": 5600000,
        "netIncome": 8600000,
        "netIncomeRatio": 0.0268834011,
        "eps": 0.0163,
        "epsdiluted": 0.0163,
        "weightedAverageShsOut": 529230769,
        "weightedAverageShsOutDil": 529230769,
        "link": "",
        "finalLink": ""
    },
    {
        "date": "1997-06-30",
        "symbol": "ESRX",
        "reportedCurrency": "USD",
        "cik": "0001532063",
        "fillingDate": "1997-06-30",
        "acceptedDate": "1997-06-29 20:00:00",
        "calendarYear": "1997",
        "period": "Q2",
        "revenue": 300500000,
        "costOfRevenue": 272500000,
        "grossProfit": 28000000,
        "grossProfitRatio": 0.0931780366,
        "researchAndDevelopmentExpenses": 0,
        "generalAndAdministrativeExpenses": 0,
        "sellingAndMarketingExpenses": 0,
        "sellingGeneralAndAdministrativeExpenses": 13700000,
        "otherExpenses": 2400000,
        "operatingExpenses": 16100000,
        "costAndExpenses": 288600000,
        "interestIncome": 0,
        "interestExpense": 0,
        "depreciationAndAmortization": 2400000,
        "ebitda": 15500000,
        "ebitdaratio": 0.0515806988,
        "operatingIncome": 11900000,
        "operatingIncomeRatio": 0.0396006656,
        "totalOtherIncomeExpensesNet": 1200000,
        "incomeBeforeTax": 13100000,
        "incomeBeforeTaxRatio": 0.04359401,
        "incomeTaxExpense": 5000000,
        "netIncome": 8100000,
        "netIncomeRatio": 0.0269550749,
        "eps": 0.0156,
        "epsdiluted": 0.0156,
        "weightedAverageShsOut": 518400000,
        "weightedAverageShsOutDil": 518400000,
        "link": "",
        "finalLink": ""
    },
    {
        "date": "1997-03-31",
        "symbol": "ESRX",
        "reportedCurrency": "USD",
        "cik": "0001532063",
        "fillingDate": "1997-03-31",
        "acceptedDate": "1997-03-30 19:00:00",
        "calendarYear": "1997",
        "period": "Q1",
        "revenue": 262000000,
        "costOfRevenue": 235200000,
        "grossProfit": 26800000,
        "grossProfitRatio": 0.1022900763,
        "researchAndDevelopmentExpenses": 0,
        "generalAndAdministrativeExpenses": 0,
        "sellingAndMarketingExpenses": 0,
        "sellingGeneralAndAdministrativeExpenses": 13300000,
        "otherExpenses": 2100000,
        "operatingExpenses": 15400000,
        "costAndExpenses": 250600000,
        "interestIncome": 0,
        "interestExpense": 0,
        "depreciationAndAmortization": 2100000,
        "ebitda": 14700000,
        "ebitdaratio": 0.0561068702,
        "operatingIncome": 11400000,
        "operatingIncomeRatio": 0.0435114504,
        "totalOtherIncomeExpensesNet": 1200000,
        "incomeBeforeTax": 12600000,
        "incomeBeforeTaxRatio": 0.0480916031,
        "incomeTaxExpense": 5000000,
        "netIncome": 7600000,
        "netIncomeRatio": 0.0290076336,
        "eps": 0.015,
        "epsdiluted": 0.0144,
        "weightedAverageShsOut": 506666667,
        "weightedAverageShsOutDil": 528695652,
        "link": "",
        "finalLink": ""
    },
    {
        "date": "1996-12-31",
        "symbol": "ESRX",
        "reportedCurrency": "USD",
        "cik": "0001532063",
        "fillingDate": "1996-12-31",
        "acceptedDate": "1996-12-30 19:00:00",
        "calendarYear": "1996",
        "period": "Q4",
        "revenue": 226200000,
        "costOfRevenue": 198800000,
        "grossProfit": 27400000,
        "grossProfitRatio": 0.1211317418,
        "researchAndDevelopmentExpenses": 0,
        "generalAndAdministrativeExpenses": 0,
        "sellingAndMarketingExpenses": 0,
        "sellingGeneralAndAdministrativeExpenses": 14800000,
        "otherExpenses": 2000000,
        "operatingExpenses": 16800000,
        "costAndExpenses": 215600000,
        "interestIncome": 0,
        "interestExpense": 0,
        "depreciationAndAmortization": 2000000,
        "ebitda": 13700000,
        "ebitdaratio": 0.0605658709,
        "operatingIncome": 10600000,
        "operatingIncomeRatio": 0.0468611848,
        "totalOtherIncomeExpensesNet": 1100000,
        "incomeBeforeTax": 11700000,
        "incomeBeforeTaxRatio": 0.0517241379,
        "incomeTaxExpense": 4600000,
        "netIncome": 7100000,
        "netIncomeRatio": 0.0313881521,
        "eps": 0.014,
        "epsdiluted": 0.0134,
        "weightedAverageShsOut": 506666667,
        "weightedAverageShsOutDil": 528695652,
        "link": "",
        "finalLink": ""
    },
    {
        "date": "1996-09-30",
        "symbol": "ESRX",
        "reportedCurrency": "USD",
        "cik": "0001532063",
        "fillingDate": "1996-09-30",
        "acceptedDate": "1996-09-29 20:00:00",
        "calendarYear": "1996",
        "period": "Q3",
        "revenue": 194300000,
        "costOfRevenue": 170600000,
        "grossProfit": 23700000,
        "grossProfitRatio": 0.1219763253,
        "researchAndDevelopmentExpenses": 0,
        "generalAndAdministrativeExpenses": 0,
        "sellingAndMarketingExpenses": 0,
        "sellingGeneralAndAdministrativeExpenses": 11700000,
        "otherExpenses": 1700000,
        "operatingExpenses": 13400000,
        "costAndExpenses": 184000000,
        "interestIncome": 0,
        "interestExpense": 0,
        "depreciationAndAmortization": 1700000,
        "ebitda": 13100000,
        "ebitdaratio": 0.0674215131,
        "operatingIncome": 10300000,
        "operatingIncomeRatio": 0.053010808,
        "totalOtherIncomeExpensesNet": 1100000,
        "incomeBeforeTax": 11400000,
        "incomeBeforeTaxRatio": 0.0586721565,
        "incomeTaxExpense": 4400000,
        "netIncome": 7000000,
        "netIncomeRatio": 0.0360267627,
        "eps": 0.0131,
        "epsdiluted": 0.0131,
        "weightedAverageShsOut": 533333333,
        "weightedAverageShsOutDil": 533333333,
        "link": "",
        "finalLink": ""
    },
    {
        "date": "1996-06-30",
        "symbol": "ESRX",
        "reportedCurrency": "USD",
        "cik": "0001532063",
        "fillingDate": "1996-06-30",
        "acceptedDate": "1996-06-29 20:00:00",
        "calendarYear": "1996",
        "period": "Q2",
        "revenue": 184700000,
        "costOfRevenue": 161100000,
        "grossProfit": 23600000,
        "grossProfitRatio": 0.1277747699,
        "researchAndDevelopmentExpenses": 0,
        "generalAndAdministrativeExpenses": 0,
        "sellingAndMarketingExpenses": 0,
        "sellingGeneralAndAdministrativeExpenses": 12300000,
        "otherExpenses": 1700000,
        "operatingExpenses": 14000000,
        "costAndExpenses": 175100000,
        "interestIncome": 0,
        "interestExpense": 0,
        "depreciationAndAmortization": 1700000,
        "ebitda": 12300000,
        "ebitdaratio": 0.0665944775,
        "operatingIncome": 9600000,
        "operatingIncomeRatio": 0.0519761776,
        "totalOtherIncomeExpensesNet": 1000000,
        "incomeBeforeTax": 10600000,
        "incomeBeforeTaxRatio": 0.0573903628,
        "incomeTaxExpense": 4200000,
        "netIncome": 6400000,
        "netIncomeRatio": 0.0346507851,
        "eps": 0.0125,
        "epsdiluted": 0.0125,
        "weightedAverageShsOut": 512000000,
        "weightedAverageShsOutDil": 512000000,
        "link": "",
        "finalLink": ""
    },
    {
        "date": "1996-03-31",
        "symbol": "ESRX",
        "reportedCurrency": "USD",
        "cik": "0001532063",
        "fillingDate": "1996-03-31",
        "acceptedDate": "1996-03-30 19:00:00",
        "calendarYear": "1996",
        "period": "Q1",
        "revenue": 168400000,
        "costOfRevenue": 147700000,
        "grossProfit": 20700000,
        "grossProfitRatio": 0.1229216152,
        "researchAndDevelopmentExpenses": 0,
        "generalAndAdministrativeExpenses": 0,
        "sellingAndMarketingExpenses": 0,
        "sellingGeneralAndAdministrativeExpenses": 10400000,
        "otherExpenses": 1300000,
        "operatingExpenses": 11700000,
        "costAndExpenses": 159400000,
        "interestIncome": 0,
        "interestExpense": 0,
        "depreciationAndAmortization": 1300000,
        "ebitda": 10600000,
        "ebitdaratio": 0.0629453682,
        "operatingIncome": 9000000,
        "operatingIncomeRatio": 0.0534441805,
        "totalOtherIncomeExpensesNet": 300000,
        "incomeBeforeTax": 9300000,
        "incomeBeforeTaxRatio": 0.0552256532,
        "incomeTaxExpense": 3700000,
        "netIncome": 5600000,
        "netIncomeRatio": 0.0332541568,
        "eps": 0.0119,
        "epsdiluted": 0.0112,
        "weightedAverageShsOut": 471578947,
        "weightedAverageShsOutDil": 497777778,
        "link": "",
        "finalLink": ""
    },
    {
        "date": "1995-12-31",
        "symbol": "ESRX",
        "reportedCurrency": "USD",
        "cik": "0001532063",
        "fillingDate": "1995-12-31",
        "acceptedDate": "1995-12-30 19:00:00",
        "calendarYear": "1995",
        "period": "Q4",
        "revenue": 152800000,
        "costOfRevenue": 134300000,
        "grossProfit": 18500000,
        "grossProfitRatio": 0.1210732984,
        "researchAndDevelopmentExpenses": 0,
        "generalAndAdministrativeExpenses": 0,
        "sellingAndMarketingExpenses": 0,
        "sellingGeneralAndAdministrativeExpenses": 9700000,
        "otherExpenses": 1300000,
        "operatingExpenses": 11000000,
        "costAndExpenses": 145300000,
        "interestIncome": 0,
        "interestExpense": 0,
        "depreciationAndAmortization": 1300000,
        "ebitda": 9000000,
        "ebitdaratio": 0.0589005236,
        "operatingIncome": 7500000,
        "operatingIncomeRatio": 0.0490837696,
        "totalOtherIncomeExpensesNet": 200000,
        "incomeBeforeTax": 7700000,
        "incomeBeforeTaxRatio": 0.0503926702,
        "incomeTaxExpense": 3000000,
        "netIncome": 4700000,
        "netIncomeRatio": 0.0307591623,
        "eps": 0.01,
        "epsdiluted": 0.0094,
        "weightedAverageShsOut": 471578947,
        "weightedAverageShsOutDil": 497777778,
        "link": "",
        "finalLink": ""
    },
    {
        "date": "1995-09-30",
        "symbol": "ESRX",
        "reportedCurrency": "USD",
        "cik": "0001532063",
        "fillingDate": "1995-09-30",
        "acceptedDate": "1995-09-29 20:00:00",
        "calendarYear": "1995",
        "period": "Q3",
        "revenue": 138500000,
        "costOfRevenue": 120900000,
        "grossProfit": 17600000,
        "grossProfitRatio": 0.1270758123,
        "researchAndDevelopmentExpenses": 0,
        "generalAndAdministrativeExpenses": 0,
        "sellingAndMarketingExpenses": 0,
        "sellingGeneralAndAdministrativeExpenses": 9200000,
        "otherExpenses": 1100000,
        "operatingExpenses": 10300000,
        "costAndExpenses": 131200000,
        "interestIncome": 0,
        "interestExpense": 0,
        "depreciationAndAmortization": 1100000,
        "ebitda": 8700000,
        "ebitdaratio": 0.0628158845,
        "operatingIncome": 7300000,
        "operatingIncomeRatio": 0.0527075812,
        "totalOtherIncomeExpensesNet": 300000,
        "incomeBeforeTax": 7600000,
        "incomeBeforeTaxRatio": 0.0548736462,
        "incomeTaxExpense": 2800000,
        "netIncome": 4800000,
        "netIncomeRatio": 0.0346570397,
        "eps": 0.01,
        "epsdiluted": 0.01,
        "weightedAverageShsOut": 480000000,
        "weightedAverageShsOutDil": 480000000,
        "link": "",
        "finalLink": ""
    },
    {
        "date": "1995-06-30",
        "symbol": "ESRX",
        "reportedCurrency": "USD",
        "cik": "0001532063",
        "fillingDate": "1995-06-30",
        "acceptedDate": "1995-06-29 20:00:00",
        "calendarYear": "1995",
        "period": "Q2",
        "revenue": 135200000,
        "costOfRevenue": 117500000,
        "grossProfit": 17700000,
        "grossProfitRatio": 0.1309171598,
        "researchAndDevelopmentExpenses": 0,
        "generalAndAdministrativeExpenses": 0,
        "sellingAndMarketingExpenses": 0,
        "sellingGeneralAndAdministrativeExpenses": 9400000,
        "otherExpenses": 1000000,
        "operatingExpenses": 10400000,
        "costAndExpenses": 127900000,
        "interestIncome": 0,
        "interestExpense": 0,
        "depreciationAndAmortization": 1000000,
        "ebitda": 8400000,
        "ebitdaratio": 0.0621301775,
        "operatingIncome": 7300000,
        "operatingIncomeRatio": 0.0539940828,
        "totalOtherIncomeExpensesNet": 100000,
        "incomeBeforeTax": 7400000,
        "incomeBeforeTaxRatio": 0.0547337278,
        "incomeTaxExpense": 2900000,
        "netIncome": 4500000,
        "netIncomeRatio": 0.0332840237,
        "eps": 0.0094,
        "epsdiluted": 0.0094,
        "weightedAverageShsOut": 480000000,
        "weightedAverageShsOutDil": 480000000,
        "link": "",
        "finalLink": ""
    },
    {
        "date": "1995-03-31",
        "symbol": "ESRX",
        "reportedCurrency": "USD",
        "cik": "0001532063",
        "fillingDate": "1995-03-31",
        "acceptedDate": "1995-03-30 19:00:00",
        "calendarYear": "1995",
        "period": "Q1",
        "revenue": 118000000,
        "costOfRevenue": 101200000,
        "grossProfit": 16800000,
        "grossProfitRatio": 0.1423728814,
        "researchAndDevelopmentExpenses": 0,
        "generalAndAdministrativeExpenses": 0,
        "sellingAndMarketingExpenses": 0,
        "sellingGeneralAndAdministrativeExpenses": 9000000,
        "otherExpenses": 1000000,
        "operatingExpenses": 10000000,
        "costAndExpenses": 111200000,
        "interestIncome": 0,
        "interestExpense": 0,
        "depreciationAndAmortization": 1000000,
        "ebitda": 8000000,
        "ebitdaratio": 0.0677966102,
        "operatingIncome": 6800000,
        "operatingIncomeRatio": 0.0576271186,
        "totalOtherIncomeExpensesNet": 200000,
        "incomeBeforeTax": 7000000,
        "incomeBeforeTaxRatio": 0.0593220339,
        "incomeTaxExpense": 2700000,
        "netIncome": 4300000,
        "netIncomeRatio": 0.036440678,
        "eps": 0.0088,
        "epsdiluted": 0.0088,
        "weightedAverageShsOut": 491428571,
        "weightedAverageShsOutDil": 491428571,
        "link": "",
        "finalLink": ""
    },
    {
        "date": "1994-12-31",
        "symbol": "ESRX",
        "reportedCurrency": "USD",
        "cik": "0001532063",
        "fillingDate": "1994-12-31",
        "acceptedDate": "1994-12-30 19:00:00",
        "calendarYear": "1994",
        "period": "Q4",
        "revenue": 264200000,
        "costOfRevenue": 243800000,
        "grossProfit": 20400000,
        "grossProfitRatio": 0.0772142316,
        "researchAndDevelopmentExpenses": 0,
        "generalAndAdministrativeExpenses": 0,
        "sellingAndMarketingExpenses": 0,
        "sellingGeneralAndAdministrativeExpenses": 13400000,
        "otherExpenses": 1200000,
        "operatingExpenses": 14600000,
        "costAndExpenses": 258400000,
        "interestIncome": 0,
        "interestExpense": 0,
        "depreciationAndAmortization": 1200000,
        "ebitda": 7100000,
        "ebitdaratio": 0.0268735806,
        "operatingIncome": 5800000,
        "operatingIncomeRatio": 0.0219530659,
        "totalOtherIncomeExpensesNet": 100000,
        "incomeBeforeTax": 5900000,
        "incomeBeforeTaxRatio": 0.022331567,
        "incomeTaxExpense": 2300000,
        "netIncome": 3600000,
        "netIncomeRatio": 0.0136260409,
        "eps": 0.0073,
        "epsdiluted": 0.0073,
        "weightedAverageShsOut": 491428571,
        "weightedAverageShsOutDil": 491428571,
        "link": "",
        "finalLink": ""
    },
    {
        "date": "1994-09-30",
        "symbol": "ESRX",
        "reportedCurrency": "USD",
        "cik": "0001532063",
        "fillingDate": "1994-09-30",
        "acceptedDate": "1994-09-29 20:00:00",
        "calendarYear": "1994",
        "period": "Q3",
        "revenue": 42700000,
        "costOfRevenue": 32000000,
        "grossProfit": 10700000,
        "grossProfitRatio": 0.2505854801,
        "researchAndDevelopmentExpenses": 0,
        "generalAndAdministrativeExpenses": 0,
        "sellingAndMarketingExpenses": 0,
        "sellingGeneralAndAdministrativeExpenses": 4200000,
        "otherExpenses": 800000,
        "operatingExpenses": 5000000,
        "costAndExpenses": 37000000,
        "interestIncome": 0,
        "interestExpense": 0,
        "depreciationAndAmortization": 700000,
        "ebitda": 6400000,
        "ebitdaratio": 0.149882904,
        "operatingIncome": 5700000,
        "operatingIncomeRatio": 0.1334894614,
        "totalOtherIncomeExpensesNet": 0,
        "incomeBeforeTax": 5700000,
        "incomeBeforeTaxRatio": 0.1334894614,
        "incomeTaxExpense": 2200000,
        "netIncome": 3500000,
        "netIncomeRatio": 0.0819672131,
        "eps": 0.0069,
        "epsdiluted": 0.0069,
        "weightedAverageShsOut": 509090909,
        "weightedAverageShsOutDil": 509090909,
        "link": "",
        "finalLink": ""
    },
    {
        "date": "1994-06-30",
        "symbol": "ESRX",
        "reportedCurrency": "USD",
        "cik": "0001532063",
        "fillingDate": "1994-06-30",
        "acceptedDate": "1994-06-29 20:00:00",
        "calendarYear": "1994",
        "period": "Q2",
        "revenue": 39600000,
        "costOfRevenue": 30100000,
        "grossProfit": 9500000,
        "grossProfitRatio": 0.2398989899,
        "researchAndDevelopmentExpenses": 0,
        "generalAndAdministrativeExpenses": 0,
        "sellingAndMarketingExpenses": 0,
        "sellingGeneralAndAdministrativeExpenses": 4000000,
        "otherExpenses": 700000,
        "operatingExpenses": 4700000,
        "costAndExpenses": 34800000,
        "interestIncome": 0,
        "interestExpense": 0,
        "depreciationAndAmortization": 700000,
        "ebitda": 5500000,
        "ebitdaratio": 0.1388888889,
        "operatingIncome": 4800000,
        "operatingIncomeRatio": 0.1212121212,
        "totalOtherIncomeExpensesNet": 0,
        "incomeBeforeTax": 4800000,
        "incomeBeforeTaxRatio": 0.1212121212,
        "incomeTaxExpense": 1900000,
        "netIncome": 2900000,
        "netIncomeRatio": 0.0732323232,
        "eps": 0.0063,
        "epsdiluted": 0.0063,
        "weightedAverageShsOut": 464000000,
        "weightedAverageShsOutDil": 464000000,
        "link": "",
        "finalLink": ""
    },
    {
        "date": "1994-03-31",
        "symbol": "ESRX",
        "reportedCurrency": "USD",
        "cik": "0001532063",
        "fillingDate": "1994-03-31",
        "acceptedDate": "1994-03-30 19:00:00",
        "calendarYear": "1994",
        "period": "Q1",
        "revenue": 38100000,
        "costOfRevenue": 28900000,
        "grossProfit": 9200000,
        "grossProfitRatio": 0.2414698163,
        "researchAndDevelopmentExpenses": 0,
        "generalAndAdministrativeExpenses": 0,
        "sellingAndMarketingExpenses": 0,
        "sellingGeneralAndAdministrativeExpenses": 4200000,
        "otherExpenses": 700000,
        "operatingExpenses": 4900000,
        "costAndExpenses": 33800000,
        "interestIncome": 0,
        "interestExpense": 0,
        "depreciationAndAmortization": 700000,
        "ebitda": 5000000,
        "ebitdaratio": 0.1312335958,
        "operatingIncome": 4300000,
        "operatingIncomeRatio": 0.1128608924,
        "totalOtherIncomeExpensesNet": 0,
        "incomeBeforeTax": 4300000,
        "incomeBeforeTaxRatio": 0.1128608924,
        "incomeTaxExpense": 1600000,
        "netIncome": 2700000,
        "netIncomeRatio": 0.0708661417,
        "eps": 0.0056,
        "epsdiluted": 0.0056,
        "weightedAverageShsOut": 480000000,
        "weightedAverageShsOutDil": 480000000,
        "link": "",
        "finalLink": ""
    },
    {
        "date": "1993-12-31",
        "symbol": "ESRX",
        "reportedCurrency": "USD",
        "cik": "0001532063",
        "fillingDate": "1993-12-31",
        "acceptedDate": "1993-12-30 19:00:00",
        "calendarYear": "1993",
        "period": "Q4",
        "revenue": 33400000,
        "costOfRevenue": 24900000,
        "grossProfit": 8500000,
        "grossProfitRatio": 0.254491018,
        "researchAndDevelopmentExpenses": 0,
        "generalAndAdministrativeExpenses": 0,
        "sellingAndMarketingExpenses": 0,
        "sellingGeneralAndAdministrativeExpenses": 4200000,
        "otherExpenses": 700000,
        "operatingExpenses": 4900000,
        "costAndExpenses": 29800000,
        "interestIncome": 0,
        "interestExpense": 0,
        "depreciationAndAmortization": 700000,
        "ebitda": 4300000,
        "ebitdaratio": 0.128742515,
        "operatingIncome": 3600000,
        "operatingIncomeRatio": 0.1077844311,
        "totalOtherIncomeExpensesNet": 0,
        "incomeBeforeTax": 3600000,
        "incomeBeforeTaxRatio": 0.1077844311,
        "incomeTaxExpense": 1300000,
        "netIncome": 2300000,
        "netIncomeRatio": 0.0688622754,
        "eps": 0.0048,
        "epsdiluted": 0.0048,
        "weightedAverageShsOut": 480000000,
        "weightedAverageShsOutDil": 480000000,
        "link": "",
        "finalLink": ""
    },
    {
        "date": "1993-09-30",
        "symbol": "ESRX",
        "reportedCurrency": "USD",
        "cik": "0001532063",
        "fillingDate": "1993-09-30",
        "acceptedDate": "1993-09-29 20:00:00",
        "calendarYear": "1993",
        "period": "Q3",
        "revenue": 30700000,
        "costOfRevenue": 22800000,
        "grossProfit": 7900000,
        "grossProfitRatio": 0.2573289902,
        "researchAndDevelopmentExpenses": 0,
        "generalAndAdministrativeExpenses": 0,
        "sellingAndMarketingExpenses": 0,
        "sellingGeneralAndAdministrativeExpenses": 3800000,
        "otherExpenses": 400000,
        "operatingExpenses": 4200000,
        "costAndExpenses": 27000000,
        "interestIncome": 0,
        "interestExpense": 100000,
        "depreciationAndAmortization": 500000,
        "ebitda": 4300000,
        "ebitdaratio": 0.1400651466,
        "operatingIncome": 3700000,
        "operatingIncomeRatio": 0.1205211726,
        "totalOtherIncomeExpensesNet": 0,
        "incomeBeforeTax": 3700000,
        "incomeBeforeTaxRatio": 0.1205211726,
        "incomeTaxExpense": 1500000,
        "netIncome": 2200000,
        "netIncomeRatio": 0.0716612378,
        "eps": 0.005,
        "epsdiluted": 0.005,
        "weightedAverageShsOut": 440000000,
        "weightedAverageShsOutDil": 440000000,
        "link": "",
        "finalLink": ""
    },
    {
        "date": "1993-06-30",
        "symbol": "ESRX",
        "reportedCurrency": "USD",
        "cik": "0001532063",
        "fillingDate": "1993-06-30",
        "acceptedDate": "1993-06-29 20:00:00",
        "calendarYear": "1993",
        "period": "Q2",
        "revenue": 29500000,
        "costOfRevenue": 22800000,
        "grossProfit": 6700000,
        "grossProfitRatio": 0.2271186441,
        "researchAndDevelopmentExpenses": 0,
        "generalAndAdministrativeExpenses": 0,
        "sellingAndMarketingExpenses": 0,
        "sellingGeneralAndAdministrativeExpenses": 3400000,
        "otherExpenses": 300000,
        "operatingExpenses": 3700000,
        "costAndExpenses": 26500000,
        "interestIncome": 0,
        "interestExpense": 0,
        "depreciationAndAmortization": 400000,
        "ebitda": 3500000,
        "ebitdaratio": 0.1186440678,
        "operatingIncome": 3000000,
        "operatingIncomeRatio": 0.1016949153,
        "totalOtherIncomeExpensesNet": 100000,
        "incomeBeforeTax": 3100000,
        "incomeBeforeTaxRatio": 0.1050847458,
        "incomeTaxExpense": 1200000,
        "netIncome": 1900000,
        "netIncomeRatio": 0.0644067797,
        "eps": 0.0044,
        "epsdiluted": 0.0044,
        "weightedAverageShsOut": 434285714,
        "weightedAverageShsOutDil": 434285714,
        "link": "",
        "finalLink": ""
    },
    {
        "date": "1993-03-31",
        "symbol": "ESRX",
        "reportedCurrency": "USD",
        "cik": "0001532063",
        "fillingDate": "1993-03-31",
        "acceptedDate": "1993-03-30 19:00:00",
        "calendarYear": "1993",
        "period": "Q1",
        "revenue": 26700000,
        "costOfRevenue": 20600000,
        "grossProfit": 6100000,
        "grossProfitRatio": 0.2284644195,
        "researchAndDevelopmentExpenses": 0,
        "generalAndAdministrativeExpenses": 0,
        "sellingAndMarketingExpenses": 0,
        "sellingGeneralAndAdministrativeExpenses": 3300000,
        "otherExpenses": 300000,
        "operatingExpenses": 3600000,
        "costAndExpenses": 24200000,
        "interestIncome": 0,
        "interestExpense": 0,
        "depreciationAndAmortization": 300000,
        "ebitda": 2900000,
        "ebitdaratio": 0.1086142322,
        "operatingIncome": 2500000,
        "operatingIncomeRatio": 0.0936329588,
        "totalOtherIncomeExpensesNet": 100000,
        "incomeBeforeTax": 2600000,
        "incomeBeforeTaxRatio": 0.0973782772,
        "incomeTaxExpense": 1000000,
        "netIncome": 1600000,
        "netIncomeRatio": 0.0599250936,
        "eps": 0.0037,
        "epsdiluted": 0.0037,
        "weightedAverageShsOut": 426666667,
        "weightedAverageShsOutDil": 426666667,
        "link": "",
        "finalLink": ""
    },
    {
        "date": "1992-12-31",
        "symbol": "ESRX",
        "reportedCurrency": "USD",
        "cik": "0001532063",
        "fillingDate": "1992-12-31",
        "acceptedDate": "1992-12-30 19:00:00",
        "calendarYear": "1992",
        "period": "Q4",
        "revenue": 20400000,
        "costOfRevenue": 15200000,
        "grossProfit": 5200000,
        "grossProfitRatio": 0.2549019608,
        "researchAndDevelopmentExpenses": 0,
        "generalAndAdministrativeExpenses": 0,
        "sellingAndMarketingExpenses": 0,
        "sellingGeneralAndAdministrativeExpenses": 2900000,
        "otherExpenses": 300000,
        "operatingExpenses": 3200000,
        "costAndExpenses": 18400000,
        "interestIncome": 0,
        "interestExpense": 0,
        "depreciationAndAmortization": 300000,
        "ebitda": 2400000,
        "ebitdaratio": 0.1176470588,
        "operatingIncome": 2000000,
        "operatingIncomeRatio": 0.0980392157,
        "totalOtherIncomeExpensesNet": 100000,
        "incomeBeforeTax": 2100000,
        "incomeBeforeTaxRatio": 0.1029411765,
        "incomeTaxExpense": 800000,
        "netIncome": 1300000,
        "netIncomeRatio": 0.0637254902,
        "eps": 0.003,
        "epsdiluted": 0.003,
        "weightedAverageShsOut": 426666667,
        "weightedAverageShsOutDil": 426666667,
        "link": "",
        "finalLink": ""
    },
    {
        "date": "1992-09-30",
        "symbol": "ESRX",
        "reportedCurrency": "USD",
        "cik": "0001532063",
        "fillingDate": "1992-09-30",
        "acceptedDate": "1992-09-29 20:00:00",
        "calendarYear": "1992",
        "period": "Q3",
        "revenue": 18700000,
        "costOfRevenue": 14300000,
        "grossProfit": 4400000,
        "grossProfitRatio": 0.2352941176,
        "researchAndDevelopmentExpenses": 0,
        "generalAndAdministrativeExpenses": 0,
        "sellingAndMarketingExpenses": 0,
        "sellingGeneralAndAdministrativeExpenses": 2200000,
        "otherExpenses": 200000,
        "operatingExpenses": 2400000,
        "costAndExpenses": 16700000,
        "interestIncome": 0,
        "interestExpense": 0,
        "depreciationAndAmortization": 200000,
        "ebitda": 2300000,
        "ebitdaratio": 0.1229946524,
        "operatingIncome": 2000000,
        "operatingIncomeRatio": 0.1069518717,
        "totalOtherIncomeExpensesNet": 100000,
        "incomeBeforeTax": 2100000,
        "incomeBeforeTaxRatio": 0.1122994652,
        "incomeTaxExpense": 800000,
        "netIncome": 1300000,
        "netIncomeRatio": 0.0695187166,
        "eps": 0.0031,
        "epsdiluted": 0.0031,
        "weightedAverageShsOut": 416000000,
        "weightedAverageShsOutDil": 416000000,
        "link": "",
        "finalLink": ""
    },
    {
        "date": "1992-06-30",
        "symbol": "ESRX",
        "reportedCurrency": "USD",
        "cik": "0001532063",
        "fillingDate": "1992-06-30",
        "acceptedDate": "1992-06-29 20:00:00",
        "calendarYear": "1992",
        "period": "Q2",
        "revenue": 16900000,
        "costOfRevenue": 12800000,
        "grossProfit": 4100000,
        "grossProfitRatio": 0.2426035503,
        "researchAndDevelopmentExpenses": 0,
        "generalAndAdministrativeExpenses": 0,
        "sellingAndMarketingExpenses": 0,
        "sellingGeneralAndAdministrativeExpenses": 2000000,
        "otherExpenses": 200000,
        "operatingExpenses": 2200000,
        "costAndExpenses": 15000000,
        "interestIncome": 0,
        "interestExpense": 0,
        "depreciationAndAmortization": 200000,
        "ebitda": 2000000,
        "ebitdaratio": 0.1183431953,
        "operatingIncome": 1900000,
        "operatingIncomeRatio": 0.1124260355,
        "totalOtherIncomeExpensesNet": -100000,
        "incomeBeforeTax": 1800000,
        "incomeBeforeTaxRatio": 0.1065088757,
        "incomeTaxExpense": 700000,
        "netIncome": 1100000,
        "netIncomeRatio": 0.0650887574,
        "eps": 0.0031,
        "epsdiluted": 0.0031,
        "weightedAverageShsOut": 352000000,
        "weightedAverageShsOutDil": 352000000,
        "link": "",
        "finalLink": ""
    },
    {
        "date": "1992-03-31",
        "symbol": "ESRX",
        "reportedCurrency": "USD",
        "cik": "0001532063",
        "fillingDate": "1992-03-31",
        "acceptedDate": "1992-03-30 19:00:00",
        "calendarYear": "1992",
        "period": "Q1",
        "revenue": 14900000,
        "costOfRevenue": 0,
        "grossProfit": 14900000,
        "grossProfitRatio": 1,
        "researchAndDevelopmentExpenses": 0,
        "generalAndAdministrativeExpenses": 0,
        "sellingAndMarketingExpenses": 0,
        "sellingGeneralAndAdministrativeExpenses": 0,
        "otherExpenses": 0,
        "operatingExpenses": 0,
        "costAndExpenses": 0,
        "interestIncome": 0,
        "interestExpense": 0,
        "depreciationAndAmortization": -14100000,
        "ebitda": 800000,
        "ebitdaratio": 0.0536912752,
        "operatingIncome": 14900000,
        "operatingIncomeRatio": 1,
        "totalOtherIncomeExpensesNet": 0,
        "incomeBeforeTax": 0,
        "incomeBeforeTaxRatio": 0,
        "incomeTaxExpense": 14100000,
        "netIncome": 800000,
        "netIncomeRatio": 0.0536912752,
        "eps": 0.0017,
        "epsdiluted": 0.0017,
        "weightedAverageShsOut": 464000000,
        "weightedAverageShsOutDil": 464000000,
        "link": "",
        "finalLink": ""
    }
]