[
    {
        "date": "2025-04-30",
        "symbol": "EVT",
        "reportedCurrency": "USD",
        "cik": "0001253327",
        "fillingDate": "2025-04-30",
        "acceptedDate": "2025-04-29 20:00:00",
        "calendarYear": "2025",
        "period": "Q2",
        "revenue": 127399587,
        "costOfRevenue": 0,
        "grossProfit": 17073158,
        "grossProfitRatio": 0.1340126636,
        "researchAndDevelopmentExpenses": 0,
        "generalAndAdministrativeExpenses": 5341816,
        "sellingAndMarketingExpenses": 0,
        "sellingGeneralAndAdministrativeExpenses": 5341816,
        "otherExpenses": 0,
        "operatingExpenses": 5341816,
        "costAndExpenses": 5341816,
        "interestIncome": 0,
        "interestExpense": 0,
        "depreciationAndAmortization": -11731342,
        "ebitda": -73059052,
        "ebitdaratio": -0.5734638057,
        "operatingIncome": -73059052,
        "operatingIncomeRatio": -0.5734638057,
        "totalOtherIncomeExpensesNet": -11180033,
        "incomeBeforeTax": -84239085,
        "incomeBeforeTaxRatio": -0.6612194512,
        "incomeTaxExpense": 0,
        "netIncome": -84239085,
        "netIncomeRatio": -0.6612194512,
        "eps": -1.13,
        "epsdiluted": -1.13,
        "weightedAverageShsOut": 74542782,
        "weightedAverageShsOutDil": 74542782,
        "link": null,
        "finalLink": null
    },
    {
        "date": "2025-01-31",
        "symbol": "EVT",
        "reportedCurrency": "USD",
        "cik": "0001253327",
        "fillingDate": "2025-01-31",
        "acceptedDate": "2025-01-31 00:00:00",
        "calendarYear": "2025",
        "period": "Q1",
        "revenue": 17073158,
        "costOfRevenue": 0,
        "grossProfit": 17073158,
        "grossProfitRatio": 1,
        "researchAndDevelopmentExpenses": 0,
        "generalAndAdministrativeExpenses": 5341816,
        "sellingAndMarketingExpenses": 0,
        "sellingGeneralAndAdministrativeExpenses": 5341816,
        "otherExpenses": 0,
        "operatingExpenses": 5341816,
        "costAndExpenses": 5341816,
        "interestIncome": 0,
        "interestExpense": 5655446,
        "depreciationAndAmortization": -11731342,
        "ebitda": 0,
        "ebitdaratio": 0,
        "operatingIncome": 11731342,
        "operatingIncomeRatio": 0.6871219724,
        "totalOtherIncomeExpensesNet": -53850885,
        "incomeBeforeTax": -42119543,
        "incomeBeforeTaxRatio": -2.467003644,
        "incomeTaxExpense": 0,
        "netIncome": -42119543,
        "netIncomeRatio": -2.467003644,
        "eps": -0.57,
        "epsdiluted": -0.57,
        "weightedAverageShsOut": 74542850,
        "weightedAverageShsOutDil": 74542782,
        "link": null,
        "finalLink": null
    },
    {
        "date": "2024-10-31",
        "symbol": "EVT",
        "reportedCurrency": "USD",
        "cik": "0001253327",
        "fillingDate": "2024-10-31",
        "acceptedDate": "2024-10-31 00:00:00",
        "calendarYear": "2024",
        "period": "Q4",
        "revenue": 18132453,
        "costOfRevenue": 0,
        "grossProfit": 18132453,
        "grossProfitRatio": 1,
        "researchAndDevelopmentExpenses": 0,
        "generalAndAdministrativeExpenses": 5443260,
        "sellingAndMarketingExpenses": 0,
        "sellingGeneralAndAdministrativeExpenses": 5443260,
        "otherExpenses": 0,
        "operatingExpenses": 5443260,
        "costAndExpenses": 5443260,
        "interestIncome": 0,
        "interestExpense": 0,
        "depreciationAndAmortization": -12689194,
        "ebitda": 0,
        "ebitdaratio": 0,
        "operatingIncome": 12689193,
        "operatingIncomeRatio": 0.6998056468,
        "totalOtherIncomeExpensesNet": 55055274,
        "incomeBeforeTax": 67744467,
        "incomeBeforeTaxRatio": 3.7360894855,
        "incomeTaxExpense": 0,
        "netIncome": 67744467,
        "netIncomeRatio": 3.7360894855,
        "eps": 0.91,
        "epsdiluted": 0.91,
        "weightedAverageShsOut": 74542849,
        "weightedAverageShsOutDil": 74542782,
        "link": null,
        "finalLink": null
    },
    {
        "date": "2024-07-31",
        "symbol": "EVT",
        "reportedCurrency": "USD",
        "cik": "0001253327",
        "fillingDate": "2024-07-31",
        "acceptedDate": "2024-07-31 00:00:00",
        "calendarYear": "2024",
        "period": "Q3",
        "revenue": 18132453,
        "costOfRevenue": 0,
        "grossProfit": 18132453,
        "grossProfitRatio": 1,
        "researchAndDevelopmentExpenses": 0,
        "generalAndAdministrativeExpenses": 5443260,
        "sellingAndMarketingExpenses": 0,
        "sellingGeneralAndAdministrativeExpenses": 5443260,
        "otherExpenses": 0,
        "operatingExpenses": 5443260,
        "costAndExpenses": 5443260,
        "interestIncome": 0,
        "interestExpense": 0,
        "depreciationAndAmortization": -12689194,
        "ebitda": 0,
        "ebitdaratio": 0,
        "operatingIncome": 12689193,
        "operatingIncomeRatio": 0.6998056468,
        "totalOtherIncomeExpensesNet": 55055274,
        "incomeBeforeTax": 67744467,
        "incomeBeforeTaxRatio": 3.7360894855,
        "incomeTaxExpense": 0,
        "netIncome": 67744467,
        "netIncomeRatio": 3.7360894855,
        "eps": 0.91,
        "epsdiluted": 0.91,
        "weightedAverageShsOut": 74542849,
        "weightedAverageShsOutDil": 74542782,
        "link": null,
        "finalLink": null
    },
    {
        "date": "2024-04-30",
        "symbol": "EVT",
        "reportedCurrency": "USD",
        "cik": "0001253327",
        "fillingDate": "2024-04-30",
        "acceptedDate": "2024-04-28 20:00:00",
        "calendarYear": "2024",
        "period": "Q2",
        "revenue": 16569697,
        "costOfRevenue": 9897009,
        "grossProfit": 16569697,
        "grossProfitRatio": 1,
        "researchAndDevelopmentExpenses": 0,
        "generalAndAdministrativeExpenses": 5074664,
        "sellingAndMarketingExpenses": 0,
        "sellingGeneralAndAdministrativeExpenses": 5074664,
        "otherExpenses": 0,
        "operatingExpenses": 5074664,
        "costAndExpenses": 5074664,
        "interestIncome": 0,
        "interestExpense": 0,
        "depreciationAndAmortization": -11495034,
        "ebitda": 371718766,
        "ebitdaratio": 22.4336489678,
        "operatingIncome": 483562979,
        "operatingIncomeRatio": 29.1835740267,
        "totalOtherIncomeExpensesNet": -304382701,
        "incomeBeforeTax": 179180278,
        "incomeBeforeTaxRatio": 10.8137329246,
        "incomeTaxExpense": 0,
        "netIncome": 179180278,
        "netIncomeRatio": 10.8137329246,
        "eps": 2.4,
        "epsdiluted": 2.4,
        "weightedAverageShsOut": 74542783,
        "weightedAverageShsOutDil": 74542782,
        "link": null,
        "finalLink": null
    },
    {
        "date": "2024-01-31",
        "symbol": "EVT",
        "reportedCurrency": "USD",
        "cik": "0001253327",
        "fillingDate": "2024-01-31",
        "acceptedDate": "2024-01-30 19:00:00",
        "calendarYear": "2024",
        "period": "Q1",
        "revenue": 16569697,
        "costOfRevenue": 0,
        "grossProfit": 16569697,
        "grossProfitRatio": 1,
        "researchAndDevelopmentExpenses": 0,
        "generalAndAdministrativeExpenses": 5074664,
        "sellingAndMarketingExpenses": 0,
        "sellingGeneralAndAdministrativeExpenses": 5074664,
        "otherExpenses": 0,
        "operatingExpenses": 5074664,
        "costAndExpenses": 5074664,
        "interestIncome": 6709905,
        "interestExpense": 0,
        "depreciationAndAmortization": -11495034,
        "ebitda": 0,
        "ebitdaratio": 0,
        "operatingIncome": 11495034,
        "operatingIncomeRatio": 0.6937383345,
        "totalOtherIncomeExpensesNet": 167685244,
        "incomeBeforeTax": 179180278,
        "incomeBeforeTaxRatio": 10.8137329246,
        "incomeTaxExpense": 0,
        "netIncome": 179180278,
        "netIncomeRatio": 10.8137329246,
        "eps": 2.4,
        "epsdiluted": 2.4,
        "weightedAverageShsOut": 74542783,
        "weightedAverageShsOutDil": 74542782,
        "link": null,
        "finalLink": null
    },
    {
        "date": "2023-10-31",
        "symbol": "EVT",
        "reportedCurrency": "USD",
        "cik": "0001253327",
        "fillingDate": "2023-10-31",
        "acceptedDate": "2023-10-30 20:00:00",
        "calendarYear": "2023",
        "period": "Q4",
        "revenue": 72599773,
        "costOfRevenue": 9699044,
        "grossProfit": 23092373,
        "grossProfitRatio": 0.3180777576,
        "researchAndDevelopmentExpenses": 0,
        "generalAndAdministrativeExpenses": 4990959,
        "sellingAndMarketingExpenses": 0,
        "sellingGeneralAndAdministrativeExpenses": 4990959,
        "otherExpenses": 0,
        "operatingExpenses": 4990959,
        "costAndExpenses": 146463901,
        "interestIncome": 2365787,
        "interestExpense": 0,
        "depreciationAndAmortization": -18101415,
        "ebitda": -73864128,
        "ebitdaratio": -1.0174154126,
        "operatingIncome": -104624689,
        "operatingIncomeRatio": -1.4411159247,
        "totalOtherIncomeExpensesNet": 34144527,
        "incomeBeforeTax": -70480162,
        "incomeBeforeTaxRatio": -0.9708041649,
        "incomeTaxExpense": 0,
        "netIncome": -70480162,
        "netIncomeRatio": -0.9708041649,
        "eps": -1.17,
        "epsdiluted": -1.17,
        "weightedAverageShsOut": 74542782,
        "weightedAverageShsOutDil": 74542782,
        "link": null,
        "finalLink": null
    },
    {
        "date": "2023-07-31",
        "symbol": "EVT",
        "reportedCurrency": "USD",
        "cik": "0001253327",
        "fillingDate": "2023-07-31",
        "acceptedDate": "2023-07-30 20:00:00",
        "calendarYear": "2023",
        "period": "Q3",
        "revenue": 23092373,
        "costOfRevenue": 0,
        "grossProfit": 23092373,
        "grossProfitRatio": 1,
        "researchAndDevelopmentExpenses": 0,
        "generalAndAdministrativeExpenses": 4990959,
        "sellingAndMarketingExpenses": 0,
        "sellingGeneralAndAdministrativeExpenses": 4990959,
        "otherExpenses": 0,
        "operatingExpenses": 60054896,
        "costAndExpenses": 60054896,
        "interestIncome": 6638258,
        "interestExpense": 0,
        "depreciationAndAmortization": -18101415,
        "ebitda": 0,
        "ebitdaratio": 0,
        "operatingIncome": 18101415,
        "operatingIncomeRatio": 0.7838698517,
        "totalOtherIncomeExpensesNet": -61702196,
        "incomeBeforeTax": -43600781,
        "incomeBeforeTaxRatio": -1.8881030979,
        "incomeTaxExpense": 0,
        "netIncome": -43600781,
        "netIncomeRatio": -1.8881030979,
        "eps": -0.58,
        "epsdiluted": -0.58,
        "weightedAverageShsOut": 74542845,
        "weightedAverageShsOutDil": 74542782,
        "link": null,
        "finalLink": null
    },
    {
        "date": "2023-04-30",
        "symbol": "EVT",
        "reportedCurrency": "USD",
        "cik": "0001253327",
        "fillingDate": "2023-04-30",
        "acceptedDate": "2023-04-30 00:00:00",
        "calendarYear": "2023",
        "period": "Q2",
        "revenue": 109700524,
        "costOfRevenue": 9739299,
        "grossProfit": 99961225,
        "grossProfitRatio": 0.9112192117,
        "researchAndDevelopmentExpenses": 0,
        "generalAndAdministrativeExpenses": 5045050,
        "sellingAndMarketingExpenses": 0,
        "sellingGeneralAndAdministrativeExpenses": 5045050,
        "otherExpenses": 0.4900501842634772,
        "operatingExpenses": 14901326,
        "costAndExpenses": 44506524,
        "interestIncome": 5726141,
        "interestExpense": 0,
        "depreciationAndAmortization": -12659146,
        "ebitda": 65194000,
        "ebitdaratio": 0.5942906891,
        "operatingIncome": 65194000,
        "operatingIncomeRatio": 0.5942906891,
        "totalOtherIncomeExpensesNet": -11435238,
        "incomeBeforeTax": 53758762,
        "incomeBeforeTaxRatio": 0.4900501843,
        "incomeTaxExpense": 0.723,
        "netIncome": 53758762,
        "netIncomeRatio": 0.4900501843,
        "eps": 0.72,
        "epsdiluted": 0.72,
        "weightedAverageShsOut": 74355134,
        "weightedAverageShsOutDil": 74355134,
        "link": null,
        "finalLink": null
    },
    {
        "date": "2023-01-31",
        "symbol": "EVT",
        "reportedCurrency": "USD",
        "cik": "0001253327",
        "fillingDate": "2023-01-31",
        "acceptedDate": "2023-01-30 19:00:00",
        "calendarYear": "2023",
        "period": "Q1",
        "revenue": 17704196,
        "costOfRevenue": 0,
        "grossProfit": 17704196,
        "grossProfitRatio": 1,
        "researchAndDevelopmentExpenses": 0,
        "generalAndAdministrativeExpenses": 5045050,
        "sellingAndMarketingExpenses": 0,
        "sellingGeneralAndAdministrativeExpenses": 5045050,
        "otherExpenses": 0,
        "operatingExpenses": 14901326,
        "costAndExpenses": 14901326,
        "interestIncome": 5726141,
        "interestExpense": 0,
        "depreciationAndAmortization": -12659146,
        "ebitda": 0,
        "ebitdaratio": 0,
        "operatingIncome": 12659146,
        "operatingIncomeRatio": 0.7150364806,
        "totalOtherIncomeExpensesNet": 14220235,
        "incomeBeforeTax": 26879381,
        "incomeBeforeTaxRatio": 1.5182491766,
        "incomeTaxExpense": 0,
        "netIncome": 26879381,
        "netIncomeRatio": 1.5182491766,
        "eps": 0.36,
        "epsdiluted": 0.36,
        "weightedAverageShsOut": 74542986,
        "weightedAverageShsOutDil": 74542782,
        "link": null,
        "finalLink": null
    },
    {
        "date": "2022-10-31",
        "symbol": "EVT",
        "reportedCurrency": "USD",
        "cik": "0001253327",
        "fillingDate": "2022-10-31",
        "acceptedDate": "2022-10-31 00:00:00",
        "calendarYear": "2022",
        "period": "Q4",
        "revenue": 70198755,
        "costOfRevenue": 9891205,
        "grossProfit": 60307550,
        "grossProfitRatio": 0.859097145,
        "researchAndDevelopmentExpenses": 0,
        "generalAndAdministrativeExpenses": 5095486,
        "sellingAndMarketingExpenses": 0,
        "sellingGeneralAndAdministrativeExpenses": 5095486,
        "otherExpenses": -0.8375748116900363,
        "operatingExpenses": 44422868,
        "costAndExpenses": 122700485,
        "interestIncome": 3033670,
        "interestExpense": 0,
        "depreciationAndAmortization": -12962698,
        "ebitda": -52501730,
        "ebitdaratio": -0.7479011558,
        "operatingIncome": -52501730,
        "operatingIncomeRatio": -0.7479011558,
        "totalOtherIncomeExpensesNet": -6294979,
        "incomeBeforeTax": -58796709,
        "incomeBeforeTaxRatio": -0.8375748117,
        "incomeTaxExpense": -0.7888,
        "netIncome": -58796709,
        "netIncomeRatio": -0.8375748117,
        "eps": -0.79,
        "epsdiluted": -0.79,
        "weightedAverageShsOut": 74542782,
        "weightedAverageShsOutDil": 74542782,
        "link": null,
        "finalLink": null
    },
    {
        "date": "2022-07-31",
        "symbol": "EVT",
        "reportedCurrency": "USD",
        "cik": "0001253327",
        "fillingDate": "2022-07-31",
        "acceptedDate": "2022-07-30 20:00:00",
        "calendarYear": "2022",
        "period": "Q3",
        "revenue": 18058184,
        "costOfRevenue": 0,
        "grossProfit": 18058184,
        "grossProfitRatio": 1,
        "researchAndDevelopmentExpenses": 0,
        "generalAndAdministrativeExpenses": 5095486,
        "sellingAndMarketingExpenses": 0,
        "sellingGeneralAndAdministrativeExpenses": 5095486,
        "otherExpenses": 0,
        "operatingExpenses": 44422868,
        "costAndExpenses": 44422868,
        "interestIncome": 3033670,
        "interestExpense": 0,
        "depreciationAndAmortization": -12962698,
        "ebitda": 0,
        "ebitdaratio": 0,
        "operatingIncome": 12962698,
        "operatingIncomeRatio": 0.7178295448,
        "totalOtherIncomeExpensesNet": -42361052,
        "incomeBeforeTax": -29398354,
        "incomeBeforeTaxRatio": -1.6279795355,
        "incomeTaxExpense": 0,
        "netIncome": -29398354,
        "netIncomeRatio": -1.6279795355,
        "eps": -0.39,
        "epsdiluted": -0.39,
        "weightedAverageShsOut": 74542839,
        "weightedAverageShsOutDil": 74542782,
        "link": null,
        "finalLink": null
    },
    {
        "date": "2022-04-30",
        "symbol": "EVT",
        "reportedCurrency": "USD",
        "cik": "0001253327",
        "fillingDate": "2022-04-30",
        "acceptedDate": "2022-04-30 00:00:00",
        "calendarYear": "2022",
        "period": "Q2",
        "revenue": 102010040,
        "costOfRevenue": 10836633,
        "grossProfit": 91173407,
        "grossProfitRatio": 0.8937689565,
        "researchAndDevelopmentExpenses": 0,
        "generalAndAdministrativeExpenses": 5554746,
        "sellingAndMarketingExpenses": 0,
        "sellingGeneralAndAdministrativeExpenses": 5554746,
        "otherExpenses": -241271919,
        "operatingExpenses": 92846652,
        "costAndExpenses": 252108553,
        "interestIncome": 814391,
        "interestExpense": 0,
        "depreciationAndAmortization": -12169418,
        "ebitda": -150098510,
        "ebitdaratio": -1.4714091868,
        "operatingIncome": -150098510,
        "operatingIncomeRatio": -1.4714091868,
        "totalOtherIncomeExpensesNet": 74161634,
        "incomeBeforeTax": -151873757,
        "incomeBeforeTaxRatio": -1.4888118562,
        "incomeTaxExpense": 12169418,
        "netIncome": -151873757,
        "netIncomeRatio": -1.4888118562,
        "eps": -2.06,
        "epsdiluted": -2.06,
        "weightedAverageShsOut": 73850545,
        "weightedAverageShsOutDil": 73850545,
        "link": null,
        "finalLink": null
    },
    {
        "date": "2022-01-31",
        "symbol": "EVT",
        "reportedCurrency": "USD",
        "cik": "0001253327",
        "fillingDate": "2022-01-31",
        "acceptedDate": "2022-01-30 19:00:00",
        "calendarYear": "2022",
        "period": "Q1",
        "revenue": 17724164,
        "costOfRevenue": 0,
        "grossProfit": 17724164,
        "grossProfitRatio": 1,
        "researchAndDevelopmentExpenses": 0,
        "generalAndAdministrativeExpenses": 5554746,
        "sellingAndMarketingExpenses": 0,
        "sellingGeneralAndAdministrativeExpenses": 5554746,
        "otherExpenses": 0,
        "operatingExpenses": 92846652,
        "costAndExpenses": 92846652,
        "interestIncome": 814391,
        "interestExpense": 0,
        "depreciationAndAmortization": -12169418,
        "ebitda": 0,
        "ebitdaratio": 0,
        "operatingIncome": 12169418,
        "operatingIncomeRatio": 0.6866003948,
        "totalOtherIncomeExpensesNet": -88106297,
        "incomeBeforeTax": -75936879,
        "incomeBeforeTaxRatio": -4.2843701401,
        "incomeTaxExpense": 0,
        "netIncome": -75936879,
        "netIncomeRatio": -4.2843701401,
        "eps": -1.03,
        "epsdiluted": -1.03,
        "weightedAverageShsOut": 73850599,
        "weightedAverageShsOutDil": 73850545,
        "link": null,
        "finalLink": null
    },
    {
        "date": "2021-10-31",
        "symbol": "EVT",
        "reportedCurrency": "USD",
        "cik": "0001253327",
        "fillingDate": "2021-10-31",
        "acceptedDate": "2021-10-31 00:00:00",
        "calendarYear": "2021",
        "period": "Q4",
        "revenue": -369420225,
        "costOfRevenue": 11045701,
        "grossProfit": -380465926,
        "grossProfitRatio": 1.0299000982,
        "researchAndDevelopmentExpenses": 0,
        "generalAndAdministrativeExpenses": 5668853,
        "sellingAndMarketingExpenses": 0,
        "sellingGeneralAndAdministrativeExpenses": 5668853,
        "otherExpenses": 0,
        "operatingExpenses": 45726910,
        "costAndExpenses": -496457409,
        "interestIncome": 674413,
        "interestExpense": 0,
        "depreciationAndAmortization": -12134814,
        "ebitda": 127037190,
        "ebitdaratio": -0.3438826069,
        "operatingIncome": 127037190,
        "operatingIncomeRatio": -0.3438826069,
        "totalOtherIncomeExpensesNet": -1324855,
        "incomeBeforeTax": 125712329,
        "incomeBeforeTaxRatio": -0.3402962818,
        "incomeTaxExpense": 0,
        "netIncome": 125712329,
        "netIncomeRatio": -0.3402962818,
        "eps": 1.71,
        "epsdiluted": 1.71,
        "weightedAverageShsOut": 73653715,
        "weightedAverageShsOutDil": 73653715,
        "link": null,
        "finalLink": null
    },
    {
        "date": "2021-07-31",
        "symbol": "EVT",
        "reportedCurrency": "USD",
        "cik": "0001253327",
        "fillingDate": "2021-07-31",
        "acceptedDate": "2021-07-30 20:00:00",
        "calendarYear": "2021",
        "period": "Q3",
        "revenue": 17803667,
        "costOfRevenue": 0,
        "grossProfit": 17803667,
        "grossProfitRatio": 1,
        "researchAndDevelopmentExpenses": 0,
        "generalAndAdministrativeExpenses": 5668853,
        "sellingAndMarketingExpenses": 0,
        "sellingGeneralAndAdministrativeExpenses": 5668853,
        "otherExpenses": 0,
        "operatingExpenses": 45726910,
        "costAndExpenses": 45726910,
        "interestIncome": 674413,
        "interestExpense": 0,
        "depreciationAndAmortization": -12134814,
        "ebitda": 0,
        "ebitdaratio": 0,
        "operatingIncome": 12134814,
        "operatingIncomeRatio": 0.6815907083,
        "totalOtherIncomeExpensesNet": 50721350,
        "incomeBeforeTax": 62856164,
        "incomeBeforeTaxRatio": 3.5305178422,
        "incomeTaxExpense": 0,
        "netIncome": 62856164,
        "netIncomeRatio": 3.5305178422,
        "eps": 0.85,
        "epsdiluted": 0.85,
        "weightedAverageShsOut": 73653726,
        "weightedAverageShsOutDil": 73653715,
        "link": null,
        "finalLink": null
    },
    {
        "date": "2021-04-30",
        "symbol": "EVT",
        "reportedCurrency": "USD",
        "cik": "0001253327",
        "fillingDate": "2021-04-30",
        "acceptedDate": "2021-04-30 00:00:00",
        "calendarYear": "2021",
        "period": "Q2",
        "revenue": 519236441,
        "costOfRevenue": 10039391,
        "grossProfit": 509197050,
        "grossProfitRatio": 0.9806650878,
        "researchAndDevelopmentExpenses": 0,
        "generalAndAdministrativeExpenses": 5158748,
        "sellingAndMarketingExpenses": 0,
        "sellingGeneralAndAdministrativeExpenses": 5158748,
        "otherExpenses": 0,
        "operatingExpenses": 266524375,
        "costAndExpenses": -46975146,
        "interestIncome": 710891,
        "interestExpense": 0,
        "depreciationAndAmortization": -11437128,
        "ebitda": 566211580,
        "ebitdaratio": 1.0904696498,
        "operatingIncome": 566211580,
        "operatingIncomeRatio": 1.0904696498,
        "totalOtherIncomeExpensesNet": -1392868,
        "incomeBeforeTax": 564818719,
        "incomeBeforeTaxRatio": 1.087787132,
        "incomeTaxExpense": 0,
        "netIncome": 564818719,
        "netIncomeRatio": 1.087787132,
        "eps": 7.68,
        "epsdiluted": 7.68,
        "weightedAverageShsOut": 73518059,
        "weightedAverageShsOutDil": 73518059,
        "link": null,
        "finalLink": null
    },
    {
        "date": "2021-01-31",
        "symbol": "EVT",
        "reportedCurrency": "USD",
        "cik": "0001253327",
        "fillingDate": "2021-01-31",
        "acceptedDate": "2021-01-30 19:00:00",
        "calendarYear": "2021",
        "period": "Q1",
        "revenue": 16595876,
        "costOfRevenue": 0,
        "grossProfit": 16595876,
        "grossProfitRatio": 1,
        "researchAndDevelopmentExpenses": 0,
        "generalAndAdministrativeExpenses": 5158748,
        "sellingAndMarketingExpenses": 0,
        "sellingGeneralAndAdministrativeExpenses": 5158748,
        "otherExpenses": 0,
        "operatingExpenses": 266524375,
        "costAndExpenses": 266524375,
        "interestIncome": 710891,
        "interestExpense": 0,
        "depreciationAndAmortization": -11437128,
        "ebitda": 0,
        "ebitdaratio": 0,
        "operatingIncome": 11437128,
        "operatingIncomeRatio": 0.6891548238,
        "totalOtherIncomeExpensesNet": 270972232,
        "incomeBeforeTax": 282409360,
        "incomeBeforeTaxRatio": 17.0168396052,
        "incomeTaxExpense": 0,
        "netIncome": 282409360,
        "netIncomeRatio": 17.0168396052,
        "eps": 3.84,
        "epsdiluted": 3.84,
        "weightedAverageShsOut": 73518066,
        "weightedAverageShsOutDil": 73518059,
        "link": null,
        "finalLink": null
    },
    {
        "date": "2020-10-31",
        "symbol": "EVT",
        "reportedCurrency": "USD",
        "cik": "0001253327",
        "fillingDate": "2020-10-31",
        "acceptedDate": "2020-10-31 00:00:00",
        "calendarYear": "2020",
        "period": "Q4",
        "revenue": 112046513,
        "costOfRevenue": 8967387,
        "grossProfit": 103079126,
        "grossProfitRatio": 0.9199672818,
        "researchAndDevelopmentExpenses": 0,
        "generalAndAdministrativeExpenses": 4634499,
        "sellingAndMarketingExpenses": 0,
        "sellingGeneralAndAdministrativeExpenses": 4634499,
        "otherExpenses": 0,
        "operatingExpenses": 58017589,
        "costAndExpenses": -39660265,
        "interestIncome": 920691,
        "interestExpense": 0,
        "depreciationAndAmortization": -13286709,
        "ebitda": 151706780,
        "ebitdaratio": 1.353962528,
        "operatingIncome": 151706780,
        "operatingIncomeRatio": 1.353962528,
        "totalOtherIncomeExpensesNet": -1670567,
        "incomeBeforeTax": 150036211,
        "incomeBeforeTaxRatio": 1.3390529253,
        "incomeTaxExpense": 0,
        "netIncome": 150036211,
        "netIncomeRatio": 1.3390529253,
        "eps": 2.04,
        "epsdiluted": 2.04,
        "weightedAverageShsOut": 73507574,
        "weightedAverageShsOutDil": 73507574,
        "link": null,
        "finalLink": null
    },
    {
        "date": "2020-07-31",
        "symbol": "EVT",
        "reportedCurrency": "USD",
        "cik": "0001253327",
        "fillingDate": "2020-07-31",
        "acceptedDate": "2020-07-30 20:00:00",
        "calendarYear": "2020",
        "period": "Q3",
        "revenue": 17921208,
        "costOfRevenue": 0,
        "grossProfit": 17921208,
        "grossProfitRatio": 1,
        "researchAndDevelopmentExpenses": 0,
        "generalAndAdministrativeExpenses": 4634499,
        "sellingAndMarketingExpenses": 0,
        "sellingGeneralAndAdministrativeExpenses": 4634499,
        "otherExpenses": 0,
        "operatingExpenses": 58017589,
        "costAndExpenses": 58017589,
        "interestIncome": 920691,
        "interestExpense": 0,
        "depreciationAndAmortization": -13286709,
        "ebitda": 0,
        "ebitdaratio": 0,
        "operatingIncome": 13286709,
        "operatingIncomeRatio": 0.7413958367,
        "totalOtherIncomeExpensesNet": 61731397,
        "incomeBeforeTax": 75018106,
        "incomeBeforeTaxRatio": 4.1859960556,
        "incomeTaxExpense": 0,
        "netIncome": 75018106,
        "netIncomeRatio": 4.1859960556,
        "eps": 1.02,
        "epsdiluted": 1.02,
        "weightedAverageShsOut": 73507598,
        "weightedAverageShsOutDil": 73507574,
        "link": null,
        "finalLink": null
    },
    {
        "date": "2020-04-30",
        "symbol": "EVT",
        "reportedCurrency": "USD",
        "cik": "0001253327",
        "fillingDate": "2020-04-30",
        "acceptedDate": "2020-04-30 00:00:00",
        "calendarYear": "2020",
        "period": "Q2",
        "revenue": 55521677,
        "costOfRevenue": 9337528,
        "grossProfit": 46184149,
        "grossProfitRatio": 0.8318219387,
        "researchAndDevelopmentExpenses": 0,
        "generalAndAdministrativeExpenses": 4850071,
        "sellingAndMarketingExpenses": 0,
        "sellingGeneralAndAdministrativeExpenses": 4850071,
        "otherExpenses": 0,
        "operatingExpenses": 149173248,
        "costAndExpenses": 318244156,
        "interestIncome": 2515003,
        "interestExpense": 0,
        "depreciationAndAmortization": -13006776,
        "ebitda": -262722480,
        "ebitdaratio": -4.7318902129,
        "operatingIncome": -262722480,
        "operatingIncomeRatio": -4.7318902129,
        "totalOtherIncomeExpensesNet": 128891075,
        "incomeBeforeTax": -267662808,
        "incomeBeforeTaxRatio": -4.8208703782,
        "incomeTaxExpense": 13006776,
        "netIncome": -267662808,
        "netIncomeRatio": -4.8208703782,
        "eps": -3.64,
        "epsdiluted": -3.64,
        "weightedAverageShsOut": 73507574,
        "weightedAverageShsOutDil": 73507574,
        "link": null,
        "finalLink": null
    },
    {
        "date": "2020-01-31",
        "symbol": "EVT",
        "reportedCurrency": "USD",
        "cik": "0001253327",
        "fillingDate": "2020-01-31",
        "acceptedDate": "2020-01-30 19:00:00",
        "calendarYear": "2020",
        "period": "Q1",
        "revenue": 17856847,
        "costOfRevenue": 0,
        "grossProfit": 17856847,
        "grossProfitRatio": 1,
        "researchAndDevelopmentExpenses": 0,
        "generalAndAdministrativeExpenses": 4850071,
        "sellingAndMarketingExpenses": 0,
        "sellingGeneralAndAdministrativeExpenses": 4850071,
        "otherExpenses": 0,
        "operatingExpenses": 149173248,
        "costAndExpenses": 149173248,
        "interestIncome": 2515003,
        "interestExpense": 0,
        "depreciationAndAmortization": -13006776,
        "ebitda": 0,
        "ebitdaratio": 0,
        "operatingIncome": 13006776,
        "operatingIncomeRatio": 0.728391524,
        "totalOtherIncomeExpensesNet": -146838180,
        "incomeBeforeTax": -133831404,
        "incomeBeforeTaxRatio": -7.4946827959,
        "incomeTaxExpense": 0,
        "netIncome": -133831404,
        "netIncomeRatio": -7.4946827959,
        "eps": -1.82,
        "epsdiluted": -1.82,
        "weightedAverageShsOut": 73507606,
        "weightedAverageShsOutDil": 73507574,
        "link": null,
        "finalLink": null
    },
    {
        "date": "2019-10-31",
        "symbol": "EVT",
        "reportedCurrency": "USD",
        "cik": "0001253327",
        "fillingDate": "2019-10-31",
        "acceptedDate": "2019-10-31 00:00:00",
        "calendarYear": "2019",
        "period": "Q4",
        "revenue": 62899445,
        "costOfRevenue": 9575099,
        "grossProfit": 53324346,
        "grossProfitRatio": 0.8477713277,
        "researchAndDevelopmentExpenses": 0,
        "generalAndAdministrativeExpenses": 4900275,
        "sellingAndMarketingExpenses": 0,
        "sellingGeneralAndAdministrativeExpenses": 4900275,
        "otherExpenses": 1.3504542528157442,
        "operatingExpenses": 26876439,
        "costAndExpenses": 91628790,
        "interestIncome": 3340533,
        "interestExpense": 0,
        "depreciationAndAmortization": 84942823,
        "ebitda": 91628791,
        "ebitdaratio": 1.4567503895,
        "operatingIncome": 84942823,
        "operatingIncomeRatio": 1.3504542528,
        "totalOtherIncomeExpensesNet": 70907593,
        "incomeBeforeTax": 1.1589,
        "incomeBeforeTaxRatio": 1.84e-08,
        "incomeTaxExpense": 1.1589,
        "netIncome": 73298872,
        "netIncomeRatio": 1.1653341615,
        "eps": 1,
        "epsdiluted": 1,
        "weightedAverageShsOut": 73298985,
        "weightedAverageShsOutDil": 73298872,
        "link": null,
        "finalLink": null
    },
    {
        "date": "2019-07-31",
        "symbol": "EVT",
        "reportedCurrency": "USD",
        "cik": "0001253327",
        "fillingDate": "2019-07-31",
        "acceptedDate": "2019-07-30 20:00:00",
        "calendarYear": "2019",
        "period": "Q3",
        "revenue": 18935505,
        "costOfRevenue": 0,
        "grossProfit": 18935505,
        "grossProfitRatio": 1,
        "researchAndDevelopmentExpenses": 0,
        "generalAndAdministrativeExpenses": 4900275,
        "sellingAndMarketingExpenses": 0,
        "sellingGeneralAndAdministrativeExpenses": 4900275,
        "otherExpenses": 0,
        "operatingExpenses": 26876439,
        "costAndExpenses": 26876439,
        "interestIncome": 3340533,
        "interestExpense": 0,
        "depreciationAndAmortization": -14035229,
        "ebitda": 0,
        "ebitdaratio": 0,
        "operatingIncome": 14035229,
        "operatingIncomeRatio": 0.7412122888,
        "totalOtherIncomeExpensesNet": 28436182,
        "incomeBeforeTax": 42471411,
        "incomeBeforeTaxRatio": 2.2429510594,
        "incomeTaxExpense": 0,
        "netIncome": 42471411,
        "netIncomeRatio": 2.2429510594,
        "eps": 0.58,
        "epsdiluted": 0.58,
        "weightedAverageShsOut": 73298985,
        "weightedAverageShsOutDil": 73298872,
        "link": null,
        "finalLink": null
    },
    {
        "date": "2019-04-30",
        "symbol": "EVT",
        "reportedCurrency": "USD",
        "cik": "0001253327",
        "fillingDate": "2019-04-30",
        "acceptedDate": "2019-04-30 00:00:00",
        "calendarYear": "2019",
        "period": "Q2",
        "revenue": 89349723,
        "costOfRevenue": 9142938,
        "grossProfit": 80206785,
        "grossProfitRatio": 0.8976724528,
        "researchAndDevelopmentExpenses": 0,
        "generalAndAdministrativeExpenses": 4694154,
        "sellingAndMarketingExpenses": 0,
        "sellingGeneralAndAdministrativeExpenses": 4694154,
        "otherExpenses": 92683411,
        "operatingExpenses": -92683411,
        "costAndExpenses": -76588381,
        "interestIncome": 3476047,
        "interestExpense": 0,
        "depreciationAndAmortization": -13834148,
        "ebitda": 172890200,
        "ebitdaratio": 1.9349830553,
        "operatingIncome": 172890200,
        "operatingIncomeRatio": 1.9349830553,
        "totalOtherIncomeExpensesNet": -6354124,
        "incomeBeforeTax": 166536073,
        "incomeBeforeTaxRatio": 1.8638678152,
        "incomeTaxExpense": 0,
        "netIncome": 166536073,
        "netIncomeRatio": 1.8638678152,
        "eps": 2.28,
        "epsdiluted": 2.28,
        "weightedAverageShsOut": 72941403,
        "weightedAverageShsOutDil": 72941403,
        "link": null,
        "finalLink": null
    },
    {
        "date": "2018-10-31",
        "symbol": "EVT",
        "reportedCurrency": "USD",
        "cik": "0001253327",
        "fillingDate": "2018-10-31",
        "acceptedDate": "2018-10-30 20:00:00",
        "calendarYear": "2018",
        "period": "Q4",
        "revenue": 10867252,
        "costOfRevenue": 0,
        "grossProfit": 10867252,
        "grossProfitRatio": 1,
        "researchAndDevelopmentExpenses": 0,
        "generalAndAdministrativeExpenses": 3283103,
        "sellingAndMarketingExpenses": 0,
        "sellingGeneralAndAdministrativeExpenses": 3283103,
        "otherExpenses": 0,
        "operatingExpenses": 104778168,
        "costAndExpenses": 104778168,
        "interestIncome": 2152293,
        "interestExpense": 0,
        "depreciationAndAmortization": -7584149,
        "ebitda": 0,
        "ebitdaratio": 0,
        "operatingIncome": 7584149,
        "operatingIncomeRatio": 0.6978902302,
        "totalOtherIncomeExpensesNet": -103647359,
        "incomeBeforeTax": -96063210,
        "incomeBeforeTaxRatio": -8.8396965489,
        "incomeTaxExpense": 0,
        "netIncome": -96063210,
        "netIncomeRatio": -8.8396965489,
        "eps": -1.32,
        "epsdiluted": -1.32,
        "weightedAverageShsOut": 72903458,
        "weightedAverageShsOutDil": 72903420,
        "link": null,
        "finalLink": null
    },
    {
        "date": "2018-08-31",
        "symbol": "EVT",
        "reportedCurrency": "USD",
        "cik": "0001253327",
        "fillingDate": "2018-08-31",
        "acceptedDate": "2018-08-31 00:00:00",
        "calendarYear": "2018",
        "period": "Q3",
        "revenue": 17934902,
        "costOfRevenue": 0,
        "grossProfit": 17934902,
        "grossProfitRatio": 1,
        "researchAndDevelopmentExpenses": 0,
        "generalAndAdministrativeExpenses": 4862368,
        "sellingAndMarketingExpenses": 0,
        "sellingGeneralAndAdministrativeExpenses": 4862368,
        "otherExpenses": 0,
        "operatingExpenses": 50274792,
        "costAndExpenses": 50274792,
        "interestIncome": 2951657,
        "interestExpense": 0,
        "depreciationAndAmortization": -13072535,
        "ebitda": 0,
        "ebitdaratio": 0,
        "operatingIncome": 13072535,
        "operatingIncomeRatio": 0.7288880084,
        "totalOtherIncomeExpensesNet": 52185503,
        "incomeBeforeTax": 65258038,
        "incomeBeforeTaxRatio": 3.6386057755,
        "incomeTaxExpense": 0,
        "netIncome": 65258038,
        "netIncomeRatio": 3.6386057755,
        "eps": 0.9,
        "epsdiluted": 0.9,
        "weightedAverageShsOut": 72882494,
        "weightedAverageShsOutDil": 72882477,
        "link": null,
        "finalLink": null
    },
    {
        "date": "2018-05-31",
        "symbol": "EVT",
        "reportedCurrency": "USD",
        "cik": "0001253327",
        "fillingDate": "2018-05-31",
        "acceptedDate": "2018-05-30 20:00:00",
        "calendarYear": "2018",
        "period": "Q2",
        "revenue": 17934902,
        "costOfRevenue": 0,
        "grossProfit": 17934902,
        "grossProfitRatio": 1,
        "researchAndDevelopmentExpenses": 0,
        "generalAndAdministrativeExpenses": 4862368,
        "sellingAndMarketingExpenses": 0,
        "sellingGeneralAndAdministrativeExpenses": 4862368,
        "otherExpenses": 0,
        "operatingExpenses": 50274792,
        "costAndExpenses": 50274792,
        "interestIncome": 2951657,
        "interestExpense": 0,
        "depreciationAndAmortization": -13072535,
        "ebitda": 0,
        "ebitdaratio": 0,
        "operatingIncome": 13072535,
        "operatingIncomeRatio": 0.7288880084,
        "totalOtherIncomeExpensesNet": 52185503,
        "incomeBeforeTax": 65258038,
        "incomeBeforeTaxRatio": 3.6386057755,
        "incomeTaxExpense": 0,
        "netIncome": 65258038,
        "netIncomeRatio": 3.6386057755,
        "eps": 0.9,
        "epsdiluted": 0.9,
        "weightedAverageShsOut": 72882494,
        "weightedAverageShsOutDil": 72882477,
        "link": null,
        "finalLink": null
    },
    {
        "date": "2018-02-28",
        "symbol": "EVT",
        "reportedCurrency": "USD",
        "cik": "0001253327",
        "fillingDate": "2018-02-28",
        "acceptedDate": "2018-02-28 00:00:00",
        "calendarYear": "2018",
        "period": "Q1",
        "revenue": 17461519,
        "costOfRevenue": 0,
        "grossProfit": 17461519,
        "grossProfitRatio": 1,
        "researchAndDevelopmentExpenses": 0,
        "generalAndAdministrativeExpenses": 4834251,
        "sellingAndMarketingExpenses": 0,
        "sellingGeneralAndAdministrativeExpenses": 4834251,
        "otherExpenses": 0,
        "operatingExpenses": 57144784,
        "costAndExpenses": 57144784,
        "interestIncome": 2270882,
        "interestExpense": 0,
        "depreciationAndAmortization": -12627268,
        "ebitda": 0,
        "ebitdaratio": 0,
        "operatingIncome": 12627268,
        "operatingIncomeRatio": 0.7231483126,
        "totalOtherIncomeExpensesNet": 59708153,
        "incomeBeforeTax": 72335421,
        "incomeBeforeTaxRatio": 4.1425617668,
        "incomeTaxExpense": 0,
        "netIncome": 72335421,
        "netIncomeRatio": 4.1425617668,
        "eps": 0.99,
        "epsdiluted": 0.99,
        "weightedAverageShsOut": 72835949,
        "weightedAverageShsOutDil": 72835900,
        "link": null,
        "finalLink": null
    },
    {
        "date": "2017-11-30",
        "symbol": "EVT",
        "reportedCurrency": "USD",
        "cik": "0001253327",
        "fillingDate": "2017-11-30",
        "acceptedDate": "2017-11-29 19:00:00",
        "calendarYear": "2017",
        "period": "Q4",
        "revenue": 17461519,
        "costOfRevenue": 0,
        "grossProfit": 17461519,
        "grossProfitRatio": 1,
        "researchAndDevelopmentExpenses": 0,
        "generalAndAdministrativeExpenses": 4834251,
        "sellingAndMarketingExpenses": 0,
        "sellingGeneralAndAdministrativeExpenses": 4834251,
        "otherExpenses": 0,
        "operatingExpenses": 57144784,
        "costAndExpenses": 57144784,
        "interestIncome": 2270882,
        "interestExpense": 0,
        "depreciationAndAmortization": -12627268,
        "ebitda": 0,
        "ebitdaratio": 0,
        "operatingIncome": 12627268,
        "operatingIncomeRatio": 0.7231483126,
        "totalOtherIncomeExpensesNet": 59708153,
        "incomeBeforeTax": 72335421,
        "incomeBeforeTaxRatio": 4.1425617668,
        "incomeTaxExpense": 0,
        "netIncome": 72335421,
        "netIncomeRatio": 4.1425617668,
        "eps": 0.99,
        "epsdiluted": 0.99,
        "weightedAverageShsOut": 72835949,
        "weightedAverageShsOutDil": 72835900,
        "link": null,
        "finalLink": null
    },
    {
        "date": "2017-08-31",
        "symbol": "EVT",
        "reportedCurrency": "USD",
        "cik": "0001253327",
        "fillingDate": "2017-08-31",
        "acceptedDate": "2017-08-30 20:00:00",
        "calendarYear": "2017",
        "period": "Q3",
        "revenue": 53026106,
        "costOfRevenue": 9221620,
        "grossProfit": 43804486,
        "grossProfitRatio": 0.8260928306,
        "researchAndDevelopmentExpenses": 0,
        "generalAndAdministrativeExpenses": 4746524,
        "sellingAndMarketingExpenses": 0,
        "sellingGeneralAndAdministrativeExpenses": 4746524,
        "otherExpenses": -9456869,
        "operatingExpenses": 9456869,
        "costAndExpenses": 22887114,
        "interestIncome": 2104312,
        "interestExpense": 0,
        "depreciationAndAmortization": -18782086,
        "ebitda": 11356906,
        "ebitdaratio": 0.2141757496,
        "operatingIncome": 34347620,
        "operatingIncomeRatio": 0.6477492426,
        "totalOtherIncomeExpensesNet": -3958830,
        "incomeBeforeTax": 30388790,
        "incomeBeforeTaxRatio": 0.573091111,
        "incomeTaxExpense": 18782086,
        "netIncome": 30388790,
        "netIncomeRatio": 0.573091111,
        "eps": 0.42,
        "epsdiluted": 0.42,
        "weightedAverageShsOut": 72835900,
        "weightedAverageShsOutDil": 72835900,
        "link": null,
        "finalLink": null
    },
    {
        "date": "2017-05-31",
        "symbol": "EVT",
        "reportedCurrency": "USD",
        "cik": "0001253327",
        "fillingDate": "2017-05-31",
        "acceptedDate": "2017-05-30 20:00:00",
        "calendarYear": "2017",
        "period": "Q2",
        "revenue": 23528610,
        "costOfRevenue": 0,
        "grossProfit": 23528610,
        "grossProfitRatio": 1,
        "researchAndDevelopmentExpenses": 0,
        "generalAndAdministrativeExpenses": 4746524,
        "sellingAndMarketingExpenses": 0,
        "sellingGeneralAndAdministrativeExpenses": 4746524,
        "otherExpenses": 0,
        "operatingExpenses": 6229903,
        "costAndExpenses": 6229903,
        "interestIncome": 2104312,
        "interestExpense": 0,
        "depreciationAndAmortization": -18782086,
        "ebitda": 0,
        "ebitdaratio": 0,
        "operatingIncome": 18782086,
        "operatingIncomeRatio": 0.7982658559,
        "totalOtherIncomeExpensesNet": -3587691,
        "incomeBeforeTax": 15194395,
        "incomeBeforeTaxRatio": 0.6457837926,
        "incomeTaxExpense": 0,
        "netIncome": 15194395,
        "netIncomeRatio": 0.6457837926,
        "eps": 0.21,
        "epsdiluted": 0.21,
        "weightedAverageShsOut": 72836020,
        "weightedAverageShsOutDil": 72835900,
        "link": null,
        "finalLink": null
    },
    {
        "date": "2017-02-28",
        "symbol": "EVT",
        "reportedCurrency": "USD",
        "cik": "0001253327",
        "fillingDate": "2017-02-28",
        "acceptedDate": "2017-02-27 19:00:00",
        "calendarYear": "2017",
        "period": "Q1",
        "revenue": 79375773,
        "costOfRevenue": 8833457,
        "grossProfit": 70542316,
        "grossProfitRatio": 0.8887134365,
        "researchAndDevelopmentExpenses": 0,
        "generalAndAdministrativeExpenses": 4566121,
        "sellingAndMarketingExpenses": 0,
        "sellingGeneralAndAdministrativeExpenses": 4566121,
        "otherExpenses": 72866326,
        "operatingExpenses": -72866326,
        "costAndExpenses": -60946626,
        "interestIncome": 1543124,
        "interestExpense": 0,
        "depreciationAndAmortization": -14882728,
        "ebitda": 143408640,
        "ebitdaratio": 1.8067054289,
        "operatingIncome": 143408640,
        "operatingIncomeRatio": 1.8067054289,
        "totalOtherIncomeExpensesNet": -68497,
        "incomeBeforeTax": 140253902,
        "incomeBeforeTaxRatio": 1.7669610852,
        "incomeTaxExpense": 14882728,
        "netIncome": 140253902,
        "netIncomeRatio": 1.7669610852,
        "eps": 1.93,
        "epsdiluted": 1.93,
        "weightedAverageShsOut": 72835900,
        "weightedAverageShsOutDil": 72835900,
        "link": null,
        "finalLink": null
    },
    {
        "date": "2016-11-30",
        "symbol": "EVT",
        "reportedCurrency": "USD",
        "cik": "0001253327",
        "fillingDate": "2016-11-30",
        "acceptedDate": "2016-11-29 19:00:00",
        "calendarYear": "2016",
        "period": "Q4",
        "revenue": 19448849,
        "costOfRevenue": 0,
        "grossProfit": 19448849,
        "grossProfitRatio": 1,
        "researchAndDevelopmentExpenses": 0,
        "generalAndAdministrativeExpenses": 4566121,
        "sellingAndMarketingExpenses": 0,
        "sellingGeneralAndAdministrativeExpenses": 4566121,
        "otherExpenses": 0,
        "operatingExpenses": 52221226,
        "costAndExpenses": 52221226,
        "interestIncome": 1543124,
        "interestExpense": 0,
        "depreciationAndAmortization": -14882728,
        "ebitda": 0,
        "ebitdaratio": 0,
        "operatingIncome": 14882728,
        "operatingIncomeRatio": 0.7652241014,
        "totalOtherIncomeExpensesNet": 55244223,
        "incomeBeforeTax": 70126951,
        "incomeBeforeTaxRatio": 3.6057121427,
        "incomeTaxExpense": 0,
        "netIncome": 70126951,
        "netIncomeRatio": 3.6057121427,
        "eps": 0.96,
        "epsdiluted": 0.96,
        "weightedAverageShsOut": 72835938,
        "weightedAverageShsOutDil": 72835900,
        "link": null,
        "finalLink": null
    },
    {
        "date": "2016-08-31",
        "symbol": "EVT",
        "reportedCurrency": "USD",
        "cik": "0001253327",
        "fillingDate": "2016-08-31",
        "acceptedDate": "2016-08-30 20:00:00",
        "calendarYear": "2016",
        "period": "Q3",
        "revenue": 19193255,
        "costOfRevenue": 0,
        "grossProfit": 19193255,
        "grossProfitRatio": 1,
        "researchAndDevelopmentExpenses": 0,
        "generalAndAdministrativeExpenses": 4577995,
        "sellingAndMarketingExpenses": 0,
        "sellingGeneralAndAdministrativeExpenses": 4577995,
        "otherExpenses": 0,
        "operatingExpenses": 77697043,
        "costAndExpenses": 77697043,
        "interestIncome": 1211775,
        "interestExpense": 0,
        "depreciationAndAmortization": -14615260,
        "ebitda": 0,
        "ebitdaratio": 0,
        "operatingIncome": 14615260,
        "operatingIncomeRatio": 0.7614789675,
        "totalOtherIncomeExpensesNet": 81063263,
        "incomeBeforeTax": 95678523,
        "incomeBeforeTaxRatio": 4.9850076498,
        "incomeTaxExpense": 0,
        "netIncome": 95678523,
        "netIncomeRatio": 4.9850076498,
        "eps": 1.31,
        "epsdiluted": 1.31,
        "weightedAverageShsOut": 72835935,
        "weightedAverageShsOutDil": 72835900,
        "link": null,
        "finalLink": null
    },
    {
        "date": "2016-05-31",
        "symbol": "EVT",
        "reportedCurrency": "USD",
        "cik": "0001253327",
        "fillingDate": "2016-05-31",
        "acceptedDate": "2016-05-30 20:00:00",
        "calendarYear": "2016",
        "period": "Q2",
        "revenue": 19193255,
        "costOfRevenue": 0,
        "grossProfit": 19193255,
        "grossProfitRatio": 1,
        "researchAndDevelopmentExpenses": 0,
        "generalAndAdministrativeExpenses": 4577995,
        "sellingAndMarketingExpenses": 0,
        "sellingGeneralAndAdministrativeExpenses": 4577995,
        "otherExpenses": 0,
        "operatingExpenses": 77697043,
        "costAndExpenses": 77697043,
        "interestIncome": 1211775,
        "interestExpense": 0,
        "depreciationAndAmortization": -14615260,
        "ebitda": 0,
        "ebitdaratio": 0,
        "operatingIncome": 14615260,
        "operatingIncomeRatio": 0.7614789675,
        "totalOtherIncomeExpensesNet": 81063263,
        "incomeBeforeTax": 95678523,
        "incomeBeforeTaxRatio": 4.9850076498,
        "incomeTaxExpense": 0,
        "netIncome": 95678523,
        "netIncomeRatio": 4.9850076498,
        "eps": 1.31,
        "epsdiluted": 1.31,
        "weightedAverageShsOut": 72835935,
        "weightedAverageShsOutDil": 72835900,
        "link": null,
        "finalLink": null
    },
    {
        "date": "2016-02-29",
        "symbol": "EVT",
        "reportedCurrency": "USD",
        "cik": "0001253327",
        "fillingDate": "2016-02-29",
        "acceptedDate": "2016-02-28 19:00:00",
        "calendarYear": "2016",
        "period": "Q1",
        "revenue": 19124375,
        "costOfRevenue": 0,
        "grossProfit": 19124375,
        "grossProfitRatio": 1,
        "researchAndDevelopmentExpenses": 0,
        "generalAndAdministrativeExpenses": 4436450,
        "sellingAndMarketingExpenses": 0,
        "sellingGeneralAndAdministrativeExpenses": 4436450,
        "otherExpenses": 0,
        "operatingExpenses": 36214746,
        "costAndExpenses": 36214746,
        "interestIncome": 1025628,
        "interestExpense": 0,
        "depreciationAndAmortization": -14687925,
        "ebitda": 0,
        "ebitdaratio": 0,
        "operatingIncome": 14687925,
        "operatingIncomeRatio": 0.7680211772,
        "totalOtherIncomeExpensesNet": -32803924,
        "incomeBeforeTax": -18116000,
        "incomeBeforeTaxRatio": -0.9472727867,
        "incomeTaxExpense": 0,
        "netIncome": -18116000,
        "netIncomeRatio": -0.9472727867,
        "eps": -0.25,
        "epsdiluted": -0.25,
        "weightedAverageShsOut": 72836042,
        "weightedAverageShsOutDil": 72835900,
        "link": null,
        "finalLink": null
    },
    {
        "date": "2015-11-30",
        "symbol": "EVT",
        "reportedCurrency": "USD",
        "cik": "0001253327",
        "fillingDate": "2015-11-30",
        "acceptedDate": "2015-11-29 19:00:00",
        "calendarYear": "2015",
        "period": "Q4",
        "revenue": 19124375,
        "costOfRevenue": 0,
        "grossProfit": 19124375,
        "grossProfitRatio": 1,
        "researchAndDevelopmentExpenses": 0,
        "generalAndAdministrativeExpenses": 4436450,
        "sellingAndMarketingExpenses": 0,
        "sellingGeneralAndAdministrativeExpenses": 4436450,
        "otherExpenses": 0,
        "operatingExpenses": 36214746,
        "costAndExpenses": 36214746,
        "interestIncome": 1025628,
        "interestExpense": 0,
        "depreciationAndAmortization": -14687925,
        "ebitda": 0,
        "ebitdaratio": 0,
        "operatingIncome": 14687925,
        "operatingIncomeRatio": 0.7680211772,
        "totalOtherIncomeExpensesNet": -32803924,
        "incomeBeforeTax": -18116000,
        "incomeBeforeTaxRatio": -0.9472727867,
        "incomeTaxExpense": 0,
        "netIncome": -18116000,
        "netIncomeRatio": -0.9472727867,
        "eps": -0.25,
        "epsdiluted": -0.25,
        "weightedAverageShsOut": 72836042,
        "weightedAverageShsOutDil": 72835900,
        "link": null,
        "finalLink": null
    },
    {
        "date": "2015-08-31",
        "symbol": "EVT",
        "reportedCurrency": "USD",
        "cik": "0001253327",
        "fillingDate": "2015-08-31",
        "acceptedDate": "2015-08-30 20:00:00",
        "calendarYear": "2015",
        "period": "Q3",
        "revenue": 21981516,
        "costOfRevenue": 0,
        "grossProfit": 21981516,
        "grossProfitRatio": 1,
        "researchAndDevelopmentExpenses": 0,
        "generalAndAdministrativeExpenses": 4775474,
        "sellingAndMarketingExpenses": 0,
        "sellingGeneralAndAdministrativeExpenses": 4775474,
        "otherExpenses": 0,
        "operatingExpenses": 59223794,
        "costAndExpenses": 59223794,
        "interestIncome": 896922,
        "interestExpense": 0,
        "depreciationAndAmortization": -17206041,
        "ebitda": -80043071,
        "ebitdaratio": -3.6413808311,
        "operatingIncome": 17206041,
        "operatingIncomeRatio": 0.7827504254,
        "totalOtherIncomeExpensesNet": -93484442,
        "incomeBeforeTax": -38139201,
        "incomeBeforeTaxRatio": -1.7350578095,
        "incomeTaxExpense": -55345242,
        "netIncome": -38139201,
        "netIncomeRatio": -1.7350578095,
        "eps": -0.52,
        "epsdiluted": -0.52,
        "weightedAverageShsOut": 72836025,
        "weightedAverageShsOutDil": 72835900,
        "link": null,
        "finalLink": null
    },
    {
        "date": "2015-05-31",
        "symbol": "EVT",
        "reportedCurrency": "USD",
        "cik": "0001253327",
        "fillingDate": "2015-05-31",
        "acceptedDate": "2015-05-30 20:00:00",
        "calendarYear": "2015",
        "period": "Q2",
        "revenue": 21981516,
        "costOfRevenue": 0,
        "grossProfit": 21981516,
        "grossProfitRatio": 1,
        "researchAndDevelopmentExpenses": 0,
        "generalAndAdministrativeExpenses": 4775474,
        "sellingAndMarketingExpenses": 0,
        "sellingGeneralAndAdministrativeExpenses": 4775474,
        "otherExpenses": 0,
        "operatingExpenses": 59223794,
        "costAndExpenses": 59223794,
        "interestIncome": 896922,
        "interestExpense": 0,
        "depreciationAndAmortization": -17206041,
        "ebitda": 0,
        "ebitdaratio": 0,
        "operatingIncome": 17206041,
        "operatingIncomeRatio": 0.7827504254,
        "totalOtherIncomeExpensesNet": -55345242,
        "incomeBeforeTax": -38139201,
        "incomeBeforeTaxRatio": -1.7350578095,
        "incomeTaxExpense": 0,
        "netIncome": -38139201,
        "netIncomeRatio": -1.7350578095,
        "eps": -0.52,
        "epsdiluted": -0.52,
        "weightedAverageShsOut": 72836025,
        "weightedAverageShsOutDil": 72835900,
        "link": null,
        "finalLink": null
    },
    {
        "date": "2015-02-28",
        "symbol": "EVT",
        "reportedCurrency": "USD",
        "cik": "0001253327",
        "fillingDate": "2015-02-28",
        "acceptedDate": "2015-02-27 19:00:00",
        "calendarYear": "2015",
        "period": "Q1",
        "revenue": 20298572,
        "costOfRevenue": 0,
        "grossProfit": 20298572,
        "grossProfitRatio": 1,
        "researchAndDevelopmentExpenses": 0,
        "generalAndAdministrativeExpenses": 4625885,
        "sellingAndMarketingExpenses": 0,
        "sellingGeneralAndAdministrativeExpenses": 4625885,
        "otherExpenses": 0,
        "operatingExpenses": 25158403,
        "costAndExpenses": 25158403,
        "interestIncome": 858145,
        "interestExpense": 0,
        "depreciationAndAmortization": -15672687,
        "ebitda": 39867854,
        "ebitdaratio": 1.9640718569,
        "operatingIncome": 15672687,
        "operatingIncomeRatio": 0.7721078606,
        "totalOtherIncomeExpensesNet": 28926143,
        "incomeBeforeTax": 44598830,
        "incomeBeforeTaxRatio": 2.197141257,
        "incomeTaxExpense": 0,
        "netIncome": 44598830,
        "netIncomeRatio": 2.197141257,
        "eps": 0.61,
        "epsdiluted": 0.61,
        "weightedAverageShsOut": 72835940,
        "weightedAverageShsOutDil": 72835900,
        "link": null,
        "finalLink": null
    },
    {
        "date": "2014-11-30",
        "symbol": "EVT",
        "reportedCurrency": "USD",
        "cik": "0001253327",
        "fillingDate": "2014-11-30",
        "acceptedDate": "2014-11-29 19:00:00",
        "calendarYear": "2014",
        "period": "Q4",
        "revenue": 16894000,
        "costOfRevenue": 0,
        "grossProfit": 16894000,
        "grossProfitRatio": 1,
        "researchAndDevelopmentExpenses": 0,
        "generalAndAdministrativeExpenses": 4637000,
        "sellingAndMarketingExpenses": 0,
        "sellingGeneralAndAdministrativeExpenses": 4637000,
        "otherExpenses": 0,
        "operatingExpenses": 4763000,
        "costAndExpenses": 4763000,
        "interestIncome": 852000,
        "interestExpense": 0,
        "depreciationAndAmortization": -12257000,
        "ebitda": 0,
        "ebitdaratio": 0,
        "operatingIncome": 12257000,
        "operatingIncomeRatio": 0.7255238546,
        "totalOtherIncomeExpensesNet": -978000,
        "incomeBeforeTax": 11279000,
        "incomeBeforeTaxRatio": 0.6676334793,
        "incomeTaxExpense": 0,
        "netIncome": 11279000,
        "netIncomeRatio": 0.6676334793,
        "eps": 0.15,
        "epsdiluted": 0.15,
        "weightedAverageShsOut": 73240259,
        "weightedAverageShsOutDil": 73240259,
        "link": null,
        "finalLink": null
    },
    {
        "date": "2014-08-31",
        "symbol": "EVT",
        "reportedCurrency": "USD",
        "cik": "0001253327",
        "fillingDate": "2014-08-31",
        "acceptedDate": "2014-08-30 20:00:00",
        "calendarYear": "2014",
        "period": "Q3",
        "revenue": 18298066,
        "costOfRevenue": 0,
        "grossProfit": 18298066,
        "grossProfitRatio": 1,
        "researchAndDevelopmentExpenses": 0,
        "generalAndAdministrativeExpenses": 4708776,
        "sellingAndMarketingExpenses": 0,
        "sellingGeneralAndAdministrativeExpenses": 4708776,
        "otherExpenses": 0,
        "operatingExpenses": 47456376,
        "costAndExpenses": 47456376,
        "interestIncome": 861541,
        "interestExpense": 0,
        "depreciationAndAmortization": -13589290,
        "ebitda": 0,
        "ebitdaratio": 0,
        "operatingIncome": 13589290,
        "operatingIncomeRatio": 0.7426626399,
        "totalOtherIncomeExpensesNet": 51303610,
        "incomeBeforeTax": 64892900,
        "incomeBeforeTaxRatio": 3.5464349074,
        "incomeTaxExpense": 0,
        "netIncome": 64892900,
        "netIncomeRatio": 3.5464349074,
        "eps": 0.89,
        "epsdiluted": 0.89,
        "weightedAverageShsOut": 72835951,
        "weightedAverageShsOutDil": 72835900,
        "link": null,
        "finalLink": null
    },
    {
        "date": "2014-05-31",
        "symbol": "EVT",
        "reportedCurrency": "USD",
        "cik": "0001253327",
        "fillingDate": "2014-05-31",
        "acceptedDate": "2014-05-30 20:00:00",
        "calendarYear": "2014",
        "period": "Q2",
        "revenue": 30738000,
        "costOfRevenue": 0,
        "grossProfit": 30738000,
        "grossProfitRatio": 1,
        "researchAndDevelopmentExpenses": 0,
        "generalAndAdministrativeExpenses": 4668000,
        "sellingAndMarketingExpenses": 0,
        "sellingGeneralAndAdministrativeExpenses": 4668000,
        "otherExpenses": 0,
        "operatingExpenses": 38567000,
        "costAndExpenses": 38567000,
        "interestIncome": 860000,
        "interestExpense": 0,
        "depreciationAndAmortization": -26070000,
        "ebitda": 0,
        "ebitdaratio": 0,
        "operatingIncome": 26070000,
        "operatingIncomeRatio": 0.8481358579,
        "totalOtherIncomeExpensesNet": 42375000,
        "incomeBeforeTax": 68445000,
        "incomeBeforeTaxRatio": 2.2267226235,
        "incomeTaxExpense": 0,
        "netIncome": 68445000,
        "netIncomeRatio": 2.2267226235,
        "eps": 0.95,
        "epsdiluted": 0.95,
        "weightedAverageShsOut": 72428571,
        "weightedAverageShsOutDil": 72428571,
        "link": null,
        "finalLink": null
    },
    {
        "date": "2014-02-28",
        "symbol": "EVT",
        "reportedCurrency": "USD",
        "cik": "0001253327",
        "fillingDate": "2014-02-28",
        "acceptedDate": "2014-02-27 19:00:00",
        "calendarYear": "2014",
        "period": "Q1",
        "revenue": 58231900,
        "costOfRevenue": 0,
        "grossProfit": 58231900,
        "grossProfitRatio": 1,
        "researchAndDevelopmentExpenses": 0,
        "generalAndAdministrativeExpenses": 4349761,
        "sellingAndMarketingExpenses": 0,
        "sellingGeneralAndAdministrativeExpenses": 4349761,
        "otherExpenses": 0,
        "operatingExpenses": 21885448,
        "costAndExpenses": 21885448,
        "interestIncome": 850403,
        "interestExpense": 0,
        "depreciationAndAmortization": -53882139,
        "ebitda": 25384806,
        "ebitdaratio": 0.4359261161,
        "operatingIncome": 53882139,
        "operatingIncomeRatio": 0.9253027808,
        "totalOtherIncomeExpensesNet": 25384806,
        "incomeBeforeTax": 79266945,
        "incomeBeforeTaxRatio": 1.3612288969,
        "incomeTaxExpense": 0,
        "netIncome": 79266945,
        "netIncomeRatio": 1.3612288969,
        "eps": 1.09,
        "epsdiluted": 1.09,
        "weightedAverageShsOut": 72835966,
        "weightedAverageShsOutDil": 72835900,
        "link": null,
        "finalLink": null
    },
    {
        "date": "2013-11-30",
        "symbol": "EVT",
        "reportedCurrency": "USD",
        "cik": "0001253327",
        "fillingDate": "2013-11-30",
        "acceptedDate": "2013-11-29 19:00:00",
        "calendarYear": "2013",
        "period": "Q4",
        "revenue": 18355000,
        "costOfRevenue": 0,
        "grossProfit": 18355000,
        "grossProfitRatio": 1,
        "researchAndDevelopmentExpenses": 0,
        "generalAndAdministrativeExpenses": 4351000,
        "sellingAndMarketingExpenses": 0,
        "sellingGeneralAndAdministrativeExpenses": 4351000,
        "otherExpenses": 0,
        "operatingExpenses": 117449000,
        "costAndExpenses": 117449000,
        "interestIncome": 874000,
        "interestExpense": 0,
        "depreciationAndAmortization": -14004000,
        "ebitda": 0,
        "ebitdaratio": 0,
        "operatingIncome": 14004000,
        "operatingIncomeRatio": 0.7629528739,
        "totalOtherIncomeExpensesNet": 120926000,
        "incomeBeforeTax": 134930000,
        "incomeBeforeTaxRatio": 7.3511304822,
        "incomeTaxExpense": 0,
        "netIncome": 134930000,
        "netIncomeRatio": 7.3511304822,
        "eps": 1.85,
        "epsdiluted": 1.85,
        "weightedAverageShsOut": 72856371,
        "weightedAverageShsOutDil": 72856371,
        "link": null,
        "finalLink": null
    },
    {
        "date": "2013-08-31",
        "symbol": "EVT",
        "reportedCurrency": "USD",
        "cik": "0001253327",
        "fillingDate": "2013-08-31",
        "acceptedDate": "2013-08-30 20:00:00",
        "calendarYear": "2013",
        "period": "Q3",
        "revenue": 23835381,
        "costOfRevenue": 0,
        "grossProfit": 23835381,
        "grossProfitRatio": 1,
        "researchAndDevelopmentExpenses": 0,
        "generalAndAdministrativeExpenses": 4366925,
        "sellingAndMarketingExpenses": 0,
        "sellingGeneralAndAdministrativeExpenses": 4366925,
        "otherExpenses": 0,
        "operatingExpenses": 64239948,
        "costAndExpenses": 64239948,
        "interestIncome": 902054,
        "interestExpense": 0,
        "depreciationAndAmortization": -19468456,
        "ebitda": 0,
        "ebitdaratio": 0,
        "operatingIncome": 19468456,
        "operatingIncomeRatio": 0.8167881185,
        "totalOtherIncomeExpensesNet": -60775077,
        "incomeBeforeTax": -41306621,
        "incomeBeforeTaxRatio": -1.7329960448,
        "incomeTaxExpense": 0,
        "netIncome": -41306621,
        "netIncomeRatio": -1.7329960448,
        "eps": -0.57,
        "epsdiluted": -0.57,
        "weightedAverageShsOut": 72836025,
        "weightedAverageShsOutDil": 72835900,
        "link": null,
        "finalLink": null
    },
    {
        "date": "2013-05-31",
        "symbol": "EVT",
        "reportedCurrency": "USD",
        "cik": "0001253327",
        "fillingDate": "2013-05-31",
        "acceptedDate": "2013-05-30 20:00:00",
        "calendarYear": "2013",
        "period": "Q2",
        "revenue": 48447000,
        "costOfRevenue": 0,
        "grossProfit": 48447000,
        "grossProfitRatio": 1,
        "researchAndDevelopmentExpenses": 0,
        "generalAndAdministrativeExpenses": 4283000,
        "sellingAndMarketingExpenses": 0,
        "sellingGeneralAndAdministrativeExpenses": 4283000,
        "otherExpenses": 0,
        "operatingExpenses": 44988000,
        "costAndExpenses": 44988000,
        "interestIncome": 914000,
        "interestExpense": 0,
        "depreciationAndAmortization": -44164000,
        "ebitda": 0,
        "ebitdaratio": 0,
        "operatingIncome": 44164000,
        "operatingIncomeRatio": 0.9115941132,
        "totalOtherIncomeExpensesNet": 48357000,
        "incomeBeforeTax": 92521000,
        "incomeBeforeTaxRatio": 1.909736413,
        "incomeTaxExpense": 0,
        "netIncome": 92521000,
        "netIncomeRatio": 1.909736413,
        "eps": 1.27,
        "epsdiluted": 1.27,
        "weightedAverageShsOut": 72793863,
        "weightedAverageShsOutDil": 72793863,
        "link": null,
        "finalLink": null
    },
    {
        "date": "2013-02-28",
        "symbol": "EVT",
        "reportedCurrency": "USD",
        "cik": "0001253327",
        "fillingDate": "2013-02-28",
        "acceptedDate": "2013-02-27 19:00:00",
        "calendarYear": "2013",
        "period": "Q1",
        "revenue": 27032258,
        "costOfRevenue": 0,
        "grossProfit": 27032258,
        "grossProfitRatio": 1,
        "researchAndDevelopmentExpenses": 0,
        "generalAndAdministrativeExpenses": 4136225,
        "sellingAndMarketingExpenses": 0,
        "sellingGeneralAndAdministrativeExpenses": 4136225,
        "otherExpenses": 0,
        "operatingExpenses": 72803086,
        "costAndExpenses": 72803086,
        "interestIncome": 1134201,
        "interestExpense": 0,
        "depreciationAndAmortization": -22896032,
        "ebitda": 75805111,
        "ebitdaratio": 2.8042463563,
        "operatingIncome": 22896032,
        "operatingIncomeRatio": 0.8469892526,
        "totalOtherIncomeExpensesNet": 75805111,
        "incomeBeforeTax": 98701143,
        "incomeBeforeTaxRatio": 3.651235609,
        "incomeTaxExpense": 0,
        "netIncome": 98701143,
        "netIncomeRatio": 3.651235609,
        "eps": 1.36,
        "epsdiluted": 1.36,
        "weightedAverageShsOut": 72835936,
        "weightedAverageShsOutDil": 72835900,
        "link": null,
        "finalLink": null
    },
    {
        "date": "2012-11-30",
        "symbol": "EVT",
        "reportedCurrency": "USD",
        "cik": "0001253327",
        "fillingDate": "2012-11-30",
        "acceptedDate": "2012-11-29 19:00:00",
        "calendarYear": "2012",
        "period": "Q4",
        "revenue": 22964000,
        "costOfRevenue": 0,
        "grossProfit": 22964000,
        "grossProfitRatio": 1,
        "researchAndDevelopmentExpenses": 0,
        "generalAndAdministrativeExpenses": 4070000,
        "sellingAndMarketingExpenses": 0,
        "sellingGeneralAndAdministrativeExpenses": 4070000,
        "otherExpenses": 0,
        "operatingExpenses": 9738000,
        "costAndExpenses": 9738000,
        "interestIncome": 1271000,
        "interestExpense": 0,
        "depreciationAndAmortization": -18894000,
        "ebitda": 12537000,
        "ebitdaratio": 0.5459414736,
        "operatingIncome": 18894000,
        "operatingIncomeRatio": 0.8227660686,
        "totalOtherIncomeExpensesNet": 12537000,
        "incomeBeforeTax": 31431000,
        "incomeBeforeTaxRatio": 1.3687075422,
        "incomeTaxExpense": 0,
        "netIncome": 31431000,
        "netIncomeRatio": 1.3687075422,
        "eps": 0.43,
        "epsdiluted": 0.43,
        "weightedAverageShsOut": 72756944,
        "weightedAverageShsOutDil": 72756944,
        "link": null,
        "finalLink": null
    },
    {
        "date": "2012-08-31",
        "symbol": "EVT",
        "reportedCurrency": "USD",
        "cik": "0001253327",
        "fillingDate": "2012-08-31",
        "acceptedDate": "2012-08-30 20:00:00",
        "calendarYear": "2012",
        "period": "Q3",
        "revenue": 20372397,
        "costOfRevenue": 0,
        "grossProfit": 20372397,
        "grossProfitRatio": 1,
        "researchAndDevelopmentExpenses": 0,
        "generalAndAdministrativeExpenses": 107052,
        "sellingAndMarketingExpenses": 0,
        "sellingGeneralAndAdministrativeExpenses": 107052,
        "otherExpenses": 0,
        "operatingExpenses": 102117161,
        "costAndExpenses": 102117161,
        "interestIncome": 1409425,
        "interestExpense": 0,
        "depreciationAndAmortization": -20265345,
        "ebitda": 100814788,
        "ebitdaratio": 4.9485972613,
        "operatingIncome": 20265345,
        "operatingIncomeRatio": 0.9947452428,
        "totalOtherIncomeExpensesNet": 100814788,
        "incomeBeforeTax": 121080133,
        "incomeBeforeTaxRatio": 5.9433425041,
        "incomeTaxExpense": 0,
        "netIncome": 121080133,
        "netIncomeRatio": 5.9433425041,
        "eps": 1.66,
        "epsdiluted": 1.66,
        "weightedAverageShsOut": 72835938,
        "weightedAverageShsOutDil": 72835900,
        "link": null,
        "finalLink": null
    },
    {
        "date": "2012-05-31",
        "symbol": "EVT",
        "reportedCurrency": "USD",
        "cik": "0001253327",
        "fillingDate": "2012-05-31",
        "acceptedDate": "2012-05-30 20:00:00",
        "calendarYear": "2012",
        "period": "Q2",
        "revenue": 45747038,
        "costOfRevenue": 0,
        "grossProfit": 45747038,
        "grossProfitRatio": 1,
        "researchAndDevelopmentExpenses": 0,
        "generalAndAdministrativeExpenses": 7959500,
        "sellingAndMarketingExpenses": 0,
        "sellingGeneralAndAdministrativeExpenses": 7959500,
        "otherExpenses": 0,
        "operatingExpenses": 109632136,
        "costAndExpenses": 109632136,
        "interestIncome": 1428607,
        "interestExpense": 0,
        "depreciationAndAmortization": -37787538,
        "ebitda": -103101243,
        "ebitdaratio": -2.2537249953,
        "operatingIncome": 37787538,
        "operatingIncomeRatio": 0.8260105933,
        "totalOtherIncomeExpensesNet": -103101243,
        "incomeBeforeTax": -65313705,
        "incomeBeforeTaxRatio": -1.427714402,
        "incomeTaxExpense": 0,
        "netIncome": -65313705,
        "netIncomeRatio": -1.427714402,
        "eps": -0.9,
        "epsdiluted": -0.9,
        "weightedAverageShsOut": 72835906,
        "weightedAverageShsOutDil": 72835900,
        "link": null,
        "finalLink": null
    }
]