[
    {
        "date": "2020-05-31",
        "symbol": "EVY",
        "reportedCurrency": "USD",
        "cik": "0001074685",
        "fillingDate": "2020-05-31",
        "acceptedDate": "2020-05-31 00:00:00",
        "calendarYear": "2020",
        "period": "Q2",
        "revenue": 2200520,
        "costOfRevenue": 738870,
        "grossProfit": 1461650,
        "grossProfitRatio": 0.664229364,
        "researchAndDevelopmentExpenses": 0,
        "generalAndAdministrativeExpenses": 64560,
        "sellingAndMarketingExpenses": 9990,
        "sellingGeneralAndAdministrativeExpenses": 74550,
        "otherExpenses": 0,
        "operatingExpenses": 74550,
        "costAndExpenses": 813420,
        "interestIncome": 0,
        "interestExpense": -1288420,
        "depreciationAndAmortization": -2576840,
        "ebitda": -1189740,
        "ebitdaratio": -0.540663116,
        "operatingIncome": 1387100,
        "operatingIncomeRatio": 0.6303510079,
        "totalOtherIncomeExpensesNet": -1288420,
        "incomeBeforeTax": 98680,
        "incomeBeforeTaxRatio": 0.044843946,
        "incomeTaxExpense": 0,
        "netIncome": 98680,
        "netIncomeRatio": 0.044843946,
        "eps": 0.0183,
        "epsdiluted": 0.0183,
        "weightedAverageShsOut": 5401830,
        "weightedAverageShsOutDil": 5401830,
        "link": null,
        "finalLink": null
    },
    {
        "date": "2019-11-30",
        "symbol": "EVY",
        "reportedCurrency": "USD",
        "cik": "0001074685",
        "fillingDate": "2019-11-30",
        "acceptedDate": "2019-11-30 00:00:00",
        "calendarYear": "2019",
        "period": "Q4",
        "revenue": 2233720,
        "costOfRevenue": 818790,
        "grossProfit": 1414930,
        "grossProfitRatio": 0.6334410759,
        "researchAndDevelopmentExpenses": 0,
        "generalAndAdministrativeExpenses": 46190,
        "sellingAndMarketingExpenses": 12870,
        "sellingGeneralAndAdministrativeExpenses": 59060,
        "otherExpenses": 0,
        "operatingExpenses": 59060,
        "costAndExpenses": 877850,
        "interestIncome": 0,
        "interestExpense": 1035300,
        "depreciationAndAmortization": 2070610,
        "ebitda": 3426480,
        "ebitdaratio": 1.5339791917,
        "operatingIncome": 1355870,
        "operatingIncomeRatio": 0.6070008775,
        "totalOtherIncomeExpensesNet": 1035310,
        "incomeBeforeTax": 2391180,
        "incomeBeforeTaxRatio": 1.070492273,
        "incomeTaxExpense": 0,
        "netIncome": 2391180,
        "netIncomeRatio": 1.070492273,
        "eps": 0.45,
        "epsdiluted": 0.45,
        "weightedAverageShsOut": 5360910,
        "weightedAverageShsOutDil": 5360910,
        "link": null,
        "finalLink": null
    },
    {
        "date": "2019-05-31",
        "symbol": "EVY",
        "reportedCurrency": "USD",
        "cik": "0001074685",
        "fillingDate": "2019-05-31",
        "acceptedDate": "2019-05-31 00:00:00",
        "calendarYear": "2019",
        "period": "Q2",
        "revenue": 2299860,
        "costOfRevenue": 845270,
        "grossProfit": 1454590,
        "grossProfitRatio": 0.6324689329,
        "researchAndDevelopmentExpenses": 0,
        "generalAndAdministrativeExpenses": 59520,
        "sellingAndMarketingExpenses": 6340.000000000029,
        "sellingGeneralAndAdministrativeExpenses": 65860,
        "otherExpenses": 0,
        "operatingExpenses": 65860,
        "costAndExpenses": 911130,
        "interestIncome": 0,
        "interestExpense": 5804360,
        "depreciationAndAmortization": 11608720,
        "ebitda": 12997450,
        "ebitdaratio": 5.6514092162,
        "operatingIncome": 1388730,
        "operatingIncomeRatio": 0.6038324072,
        "totalOtherIncomeExpensesNet": 5804360,
        "incomeBeforeTax": 7193090,
        "incomeBeforeTaxRatio": 3.1276208117,
        "incomeTaxExpense": 0,
        "netIncome": 7193090,
        "netIncomeRatio": 3.1276208117,
        "eps": 1.32,
        "epsdiluted": 1.32,
        "weightedAverageShsOut": 5442750,
        "weightedAverageShsOutDil": 5442750,
        "link": null,
        "finalLink": null
    },
    {
        "date": "2018-11-30",
        "symbol": "EVY",
        "reportedCurrency": "USD",
        "cik": "0001074685",
        "fillingDate": "2018-11-30",
        "acceptedDate": "2018-11-29 19:00:00",
        "calendarYear": "2018",
        "period": "Q4",
        "revenue": 2457320,
        "costOfRevenue": 896190,
        "grossProfit": 1561130,
        "grossProfitRatio": 0.6352978041,
        "researchAndDevelopmentExpenses": 0,
        "generalAndAdministrativeExpenses": 83910,
        "sellingAndMarketingExpenses": 82110,
        "sellingGeneralAndAdministrativeExpenses": 166020,
        "otherExpenses": 0,
        "operatingExpenses": 166020,
        "costAndExpenses": 1062210,
        "interestIncome": 0,
        "interestExpense": -2489250,
        "depreciationAndAmortization": -4978490,
        "ebitda": -3583380,
        "ebitdaratio": -1.4582471961,
        "operatingIncome": 1395110,
        "operatingIncomeRatio": 0.5677363957,
        "totalOtherIncomeExpensesNet": -2489240,
        "incomeBeforeTax": -1094130,
        "incomeBeforeTaxRatio": -0.4452533655,
        "incomeTaxExpense": 0,
        "netIncome": -1094130,
        "netIncomeRatio": -0.4452533655,
        "eps": -0.2,
        "epsdiluted": -0.2,
        "weightedAverageShsOut": 5475750,
        "weightedAverageShsOutDil": 5475750,
        "link": "",
        "finalLink": ""
    },
    {
        "date": "2018-05-31",
        "symbol": "EVY",
        "reportedCurrency": "USD",
        "cik": "0001074685",
        "fillingDate": "2018-05-31",
        "acceptedDate": "2018-05-30 20:00:00",
        "calendarYear": "2018",
        "period": "Q2",
        "revenue": 2727620,
        "costOfRevenue": 992190,
        "grossProfit": 1735430,
        "grossProfitRatio": 0.6362433184,
        "researchAndDevelopmentExpenses": 0,
        "generalAndAdministrativeExpenses": 61110,
        "sellingAndMarketingExpenses": 17659,
        "sellingGeneralAndAdministrativeExpenses": 78769,
        "otherExpenses": 0,
        "operatingExpenses": 78769,
        "costAndExpenses": 1070960,
        "interestIncome": 0,
        "interestExpense": -1448670,
        "depreciationAndAmortization": -2897340,
        "ebitda": -1240680,
        "ebitdaratio": -0.4548580814,
        "operatingIncome": 1656660,
        "operatingIncomeRatio": 0.6073646622,
        "totalOtherIncomeExpensesNet": -1448670,
        "incomeBeforeTax": 207990,
        "incomeBeforeTaxRatio": 0.0762532904,
        "incomeTaxExpense": 0,
        "netIncome": 207990,
        "netIncomeRatio": 0.0762532904,
        "eps": 0.038,
        "epsdiluted": 0.038,
        "weightedAverageShsOut": 5475750,
        "weightedAverageShsOutDil": 5475750,
        "link": "",
        "finalLink": ""
    },
    {
        "date": "2017-11-30",
        "symbol": "EVY",
        "reportedCurrency": "USD",
        "cik": "0001074685",
        "fillingDate": "2017-11-30",
        "acceptedDate": "2017-11-29 19:00:00",
        "calendarYear": "2017",
        "period": "Q4",
        "revenue": 2737900,
        "costOfRevenue": 899590,
        "grossProfit": 1838310,
        "grossProfitRatio": 0.6714306585,
        "researchAndDevelopmentExpenses": 0,
        "generalAndAdministrativeExpenses": 58680,
        "sellingAndMarketingExpenses": 39120,
        "sellingGeneralAndAdministrativeExpenses": 97800,
        "otherExpenses": 0,
        "operatingExpenses": 97800,
        "costAndExpenses": 997390,
        "interestIncome": 0,
        "interestExpense": -1561990,
        "depreciationAndAmortization": -3123990,
        "ebitda": -1383480,
        "ebitdaratio": -0.5053069871,
        "operatingIncome": 1740510,
        "operatingIncomeRatio": 0.6357098506,
        "totalOtherIncomeExpensesNet": -1562000,
        "incomeBeforeTax": 178510,
        "incomeBeforeTaxRatio": 0.0651996055,
        "incomeTaxExpense": 0,
        "netIncome": 178510,
        "netIncomeRatio": 0.0651996055,
        "eps": 0.0326,
        "epsdiluted": 0.0326,
        "weightedAverageShsOut": 5475750,
        "weightedAverageShsOutDil": 5475750,
        "link": "",
        "finalLink": ""
    },
    {
        "date": "2009-05-31",
        "symbol": "EVY",
        "reportedCurrency": "USD",
        "cik": "0001074685",
        "fillingDate": "2009-05-31",
        "acceptedDate": "2009-05-30 20:00:00",
        "calendarYear": "2009",
        "period": "Q2",
        "revenue": 2060000,
        "costOfRevenue": 0,
        "grossProfit": 2060000,
        "grossProfitRatio": 1,
        "researchAndDevelopmentExpenses": 0,
        "generalAndAdministrativeExpenses": 0,
        "sellingAndMarketingExpenses": 0,
        "sellingGeneralAndAdministrativeExpenses": 0,
        "otherExpenses": -760000,
        "operatingExpenses": -760000,
        "costAndExpenses": -760000,
        "interestIncome": 0,
        "interestExpense": 5860000,
        "depreciationAndAmortization": 11720000,
        "ebitda": 13020000,
        "ebitdaratio": 6.3203883495,
        "operatingIncome": 1300000,
        "operatingIncomeRatio": 0.6310679612,
        "totalOtherIncomeExpensesNet": 5860000,
        "incomeBeforeTax": 7160000,
        "incomeBeforeTaxRatio": 3.4757281553,
        "incomeTaxExpense": 0,
        "netIncome": 7160000,
        "netIncomeRatio": 3.4757281553,
        "eps": 1.31,
        "epsdiluted": 1.31,
        "weightedAverageShsOut": 5460000,
        "weightedAverageShsOutDil": 5460000,
        "link": "",
        "finalLink": ""
    },
    {
        "date": "2008-11-30",
        "symbol": "EVY",
        "reportedCurrency": "USD",
        "cik": "0001074685",
        "fillingDate": "2008-11-30",
        "acceptedDate": "2008-11-29 19:00:00",
        "calendarYear": "2008",
        "period": "Q4",
        "revenue": 2090000,
        "costOfRevenue": 0,
        "grossProfit": 2090000,
        "grossProfitRatio": 1,
        "researchAndDevelopmentExpenses": 0,
        "generalAndAdministrativeExpenses": 0,
        "sellingAndMarketingExpenses": 0,
        "sellingGeneralAndAdministrativeExpenses": 0,
        "otherExpenses": -900000,
        "operatingExpenses": -900000,
        "costAndExpenses": -900000,
        "interestIncome": 0,
        "interestExpense": -23860000,
        "depreciationAndAmortization": -47710000,
        "ebitda": -46520000,
        "ebitdaratio": -22.2583732057,
        "operatingIncome": 1190000,
        "operatingIncomeRatio": 0.5693779904,
        "totalOtherIncomeExpensesNet": -23850000,
        "incomeBeforeTax": -22660000,
        "incomeBeforeTaxRatio": -10.8421052632,
        "incomeTaxExpense": 0,
        "netIncome": -22660000,
        "netIncomeRatio": -10.8421052632,
        "eps": -4.11,
        "epsdiluted": -4.11,
        "weightedAverageShsOut": 5510000,
        "weightedAverageShsOutDil": 5510000,
        "link": "",
        "finalLink": ""
    },
    {
        "date": "2008-05-31",
        "symbol": "EVY",
        "reportedCurrency": "USD",
        "cik": "0001074685",
        "fillingDate": "2008-05-31",
        "acceptedDate": "2008-05-30 20:00:00",
        "calendarYear": "2008",
        "period": "Q2",
        "revenue": 2290000,
        "costOfRevenue": 0,
        "grossProfit": 2290000,
        "grossProfitRatio": 1,
        "researchAndDevelopmentExpenses": 0,
        "generalAndAdministrativeExpenses": 0,
        "sellingAndMarketingExpenses": 0,
        "sellingGeneralAndAdministrativeExpenses": 0,
        "otherExpenses": -930000,
        "operatingExpenses": -930000,
        "costAndExpenses": -930000,
        "interestIncome": 0,
        "interestExpense": 8130000,
        "depreciationAndAmortization": 16280000,
        "ebitda": 17640000,
        "ebitdaratio": 7.7030567686,
        "operatingIncome": 1360000,
        "operatingIncomeRatio": 0.5938864629,
        "totalOtherIncomeExpensesNet": 8150000,
        "incomeBeforeTax": 9510000,
        "incomeBeforeTaxRatio": 4.1528384279,
        "incomeTaxExpense": 0,
        "netIncome": 9510000,
        "netIncomeRatio": 4.1528384279,
        "eps": 1.75,
        "epsdiluted": 1.75,
        "weightedAverageShsOut": 5430000,
        "weightedAverageShsOutDil": 5430000,
        "link": "",
        "finalLink": ""
    },
    {
        "date": "2007-11-30",
        "symbol": "EVY",
        "reportedCurrency": "USD",
        "cik": "0001074685",
        "fillingDate": "2007-11-30",
        "acceptedDate": "2007-11-29 19:00:00",
        "calendarYear": "2007",
        "period": "Q4",
        "revenue": 2460000,
        "costOfRevenue": 0,
        "grossProfit": 2460000,
        "grossProfitRatio": 1,
        "researchAndDevelopmentExpenses": 0,
        "generalAndAdministrativeExpenses": 0,
        "sellingAndMarketingExpenses": 0,
        "sellingGeneralAndAdministrativeExpenses": 0,
        "otherExpenses": -1170000,
        "operatingExpenses": -1170000,
        "costAndExpenses": -1170000,
        "interestIncome": 0,
        "interestExpense": 700000,
        "depreciationAndAmortization": 1410000,
        "ebitda": 2700000,
        "ebitdaratio": 1.0975609756,
        "operatingIncome": 1290000,
        "operatingIncomeRatio": 0.5243902439,
        "totalOtherIncomeExpensesNet": 710000,
        "incomeBeforeTax": 2000000,
        "incomeBeforeTaxRatio": 0.8130081301,
        "incomeTaxExpense": 0,
        "netIncome": 2000000,
        "netIncomeRatio": 0.8130081301,
        "eps": 0.37,
        "epsdiluted": 0.37,
        "weightedAverageShsOut": 5430000,
        "weightedAverageShsOutDil": 5430000,
        "link": "",
        "finalLink": ""
    },
    {
        "date": "2007-05-31",
        "symbol": "EVY",
        "reportedCurrency": "USD",
        "cik": "0001074685",
        "fillingDate": "2007-05-31",
        "acceptedDate": "2007-05-30 20:00:00",
        "calendarYear": "2007",
        "period": "Q2",
        "revenue": 2500000,
        "costOfRevenue": 0,
        "grossProfit": 2500000,
        "grossProfitRatio": 1,
        "researchAndDevelopmentExpenses": 0,
        "generalAndAdministrativeExpenses": 0,
        "sellingAndMarketingExpenses": 0,
        "sellingGeneralAndAdministrativeExpenses": 0,
        "otherExpenses": -1210000,
        "operatingExpenses": -1210000,
        "costAndExpenses": -1210000,
        "interestIncome": 0,
        "interestExpense": -2240000,
        "depreciationAndAmortization": -4480000,
        "ebitda": -3190000,
        "ebitdaratio": -1.276,
        "operatingIncome": 1290000,
        "operatingIncomeRatio": 0.516,
        "totalOtherIncomeExpensesNet": -2240000,
        "incomeBeforeTax": -950000,
        "incomeBeforeTaxRatio": -0.38,
        "incomeTaxExpense": 0,
        "netIncome": -950000,
        "netIncomeRatio": -0.38,
        "eps": -0.17,
        "epsdiluted": -0.17,
        "weightedAverageShsOut": 5430000,
        "weightedAverageShsOutDil": 5430000,
        "link": "",
        "finalLink": ""
    },
    {
        "date": "2006-11-30",
        "symbol": "EVY",
        "reportedCurrency": "USD",
        "cik": "0001074685",
        "fillingDate": "2006-11-30",
        "acceptedDate": "2006-11-29 19:00:00",
        "calendarYear": "2006",
        "period": "Q4",
        "revenue": 2590000,
        "costOfRevenue": 1160000,
        "grossProfit": 1430000,
        "grossProfitRatio": 0.5521235521,
        "researchAndDevelopmentExpenses": 0,
        "generalAndAdministrativeExpenses": 0,
        "sellingAndMarketingExpenses": 0,
        "sellingGeneralAndAdministrativeExpenses": 140000,
        "otherExpenses": 0,
        "operatingExpenses": 140000,
        "costAndExpenses": 1300000,
        "interestIncome": 0,
        "interestExpense": 2530000,
        "depreciationAndAmortization": 5060000,
        "ebitda": 6360000,
        "ebitdaratio": 2.4555984556,
        "operatingIncome": 1300000,
        "operatingIncomeRatio": 0.5019305019,
        "totalOtherIncomeExpensesNet": 2530000,
        "incomeBeforeTax": 3830000,
        "incomeBeforeTaxRatio": 1.4787644788,
        "incomeTaxExpense": 0,
        "netIncome": 3830000,
        "netIncomeRatio": 1.4787644788,
        "eps": 0.71,
        "epsdiluted": 0.71,
        "weightedAverageShsOut": 5430000,
        "weightedAverageShsOutDil": 5430000,
        "link": "",
        "finalLink": ""
    },
    {
        "date": "2006-05-31",
        "symbol": "EVY",
        "reportedCurrency": "USD",
        "cik": "0001074685",
        "fillingDate": "2006-05-31",
        "acceptedDate": "2006-05-30 20:00:00",
        "calendarYear": "2006",
        "period": "Q2",
        "revenue": 2060000,
        "costOfRevenue": 240000,
        "grossProfit": 1820000,
        "grossProfitRatio": 0.8834951456,
        "researchAndDevelopmentExpenses": 0,
        "generalAndAdministrativeExpenses": 130000,
        "sellingAndMarketingExpenses": 380000,
        "sellingGeneralAndAdministrativeExpenses": 510000,
        "otherExpenses": 0,
        "operatingExpenses": 510000,
        "costAndExpenses": 750000,
        "interestIncome": 0,
        "interestExpense": -1910000,
        "depreciationAndAmortization": -3810000,
        "ebitda": -2500000,
        "ebitdaratio": -1.213592233,
        "operatingIncome": 1310000,
        "operatingIncomeRatio": 0.6359223301,
        "totalOtherIncomeExpensesNet": -1900000,
        "incomeBeforeTax": -590000,
        "incomeBeforeTaxRatio": -0.286407767,
        "incomeTaxExpense": 0,
        "netIncome": -590000,
        "netIncomeRatio": -0.286407767,
        "eps": -0.11,
        "epsdiluted": -0.11,
        "weightedAverageShsOut": 5430000,
        "weightedAverageShsOutDil": 5430000,
        "link": "",
        "finalLink": ""
    },
    {
        "date": "2005-11-30",
        "symbol": "EVY",
        "reportedCurrency": "USD",
        "cik": "0001074685",
        "fillingDate": "2005-11-30",
        "acceptedDate": "2005-11-29 19:00:00",
        "calendarYear": "2005",
        "period": "Q4",
        "revenue": 1780000,
        "costOfRevenue": 250000,
        "grossProfit": 1530000,
        "grossProfitRatio": 0.8595505618,
        "researchAndDevelopmentExpenses": 0,
        "generalAndAdministrativeExpenses": 0,
        "sellingAndMarketingExpenses": 0,
        "sellingGeneralAndAdministrativeExpenses": 150000,
        "otherExpenses": 0,
        "operatingExpenses": 150000,
        "costAndExpenses": 400000,
        "interestIncome": 0,
        "interestExpense": -2730000,
        "depreciationAndAmortization": -5460000,
        "ebitda": -4070000,
        "ebitdaratio": -2.2865168539,
        "operatingIncome": 1390000,
        "operatingIncomeRatio": 0.7808988764,
        "totalOtherIncomeExpensesNet": -2730000,
        "incomeBeforeTax": -1340000,
        "incomeBeforeTaxRatio": -0.7528089888,
        "incomeTaxExpense": 0,
        "netIncome": -1340000,
        "netIncomeRatio": -0.7528089888,
        "eps": -0.24,
        "epsdiluted": -0.24,
        "weightedAverageShsOut": 5640000,
        "weightedAverageShsOutDil": 5640000,
        "link": "",
        "finalLink": ""
    },
    {
        "date": "2005-05-31",
        "symbol": "EVY",
        "reportedCurrency": "USD",
        "cik": "0001074685",
        "fillingDate": "2005-05-31",
        "acceptedDate": "2005-05-30 20:00:00",
        "calendarYear": "2005",
        "period": "Q2",
        "revenue": 1790000,
        "costOfRevenue": 270000,
        "grossProfit": 1520000,
        "grossProfitRatio": 0.8491620112,
        "researchAndDevelopmentExpenses": 0,
        "generalAndAdministrativeExpenses": 0,
        "sellingAndMarketingExpenses": 0,
        "sellingGeneralAndAdministrativeExpenses": 120000,
        "otherExpenses": 0,
        "operatingExpenses": 120000,
        "costAndExpenses": 390000,
        "interestIncome": 0,
        "interestExpense": 540000,
        "depreciationAndAmortization": 1080000,
        "ebitda": 2490000,
        "ebitdaratio": 1.3910614525,
        "operatingIncome": 1410000,
        "operatingIncomeRatio": 0.7877094972,
        "totalOtherIncomeExpensesNet": 540000,
        "incomeBeforeTax": 1950000,
        "incomeBeforeTaxRatio": 1.0893854749,
        "incomeTaxExpense": 0,
        "netIncome": 1950000,
        "netIncomeRatio": 1.0893854749,
        "eps": 0.36,
        "epsdiluted": 0.36,
        "weightedAverageShsOut": 5430000,
        "weightedAverageShsOutDil": 5430000,
        "link": "",
        "finalLink": ""
    }
]