[
    {
        "date": "2025-09-30",
        "symbol": "FCN",
        "reportedCurrency": "USD",
        "cik": "0000887936",
        "fillingDate": "2025-10-23",
        "acceptedDate": "2025-10-23 07:30:49",
        "calendarYear": "2025",
        "period": "Q3",
        "revenue": 956167000,
        "costOfRevenue": 638233000,
        "grossProfit": 317934000,
        "grossProfitRatio": 0.3325088609,
        "researchAndDevelopmentExpenses": 0,
        "generalAndAdministrativeExpenses": 0,
        "sellingAndMarketingExpenses": 0,
        "sellingGeneralAndAdministrativeExpenses": 199484000,
        "otherExpenses": 780000,
        "operatingExpenses": 200264000,
        "costAndExpenses": 838497000,
        "interestIncome": 5942000,
        "interestExpense": 7634000,
        "depreciationAndAmortization": 12903000,
        "ebitda": 132265000,
        "ebitdaratio": 0.1383283464,
        "operatingIncome": 117670000,
        "operatingIncomeRatio": 0.1230642764,
        "totalOtherIncomeExpensesNet": -5942000,
        "incomeBeforeTax": 111728000,
        "incomeBeforeTaxRatio": 0.1168498808,
        "incomeTaxExpense": 28910000,
        "netIncome": 82818000,
        "netIncomeRatio": 0.0866145767,
        "eps": 2.63,
        "epsdiluted": 2.6,
        "weightedAverageShsOut": 31490000,
        "weightedAverageShsOutDil": 31853000,
        "link": "https://www.sec.gov/Archives/edgar/data/887936/000088793625000108/0000887936-25-000108-index.htm",
        "finalLink": "https://www.sec.gov/Archives/edgar/data/887936/000088793625000108/fcn-20250930.htm"
    },
    {
        "date": "2025-06-30",
        "symbol": "FCN",
        "reportedCurrency": "USD",
        "cik": "0000887936",
        "fillingDate": "2025-07-24",
        "acceptedDate": "2025-07-24 07:30:25",
        "calendarYear": "2025",
        "period": "Q2",
        "revenue": 943662000,
        "costOfRevenue": 641141000,
        "grossProfit": 302521000,
        "grossProfitRatio": 0.3205819457,
        "researchAndDevelopmentExpenses": 0,
        "generalAndAdministrativeExpenses": 0,
        "sellingAndMarketingExpenses": 0,
        "sellingGeneralAndAdministrativeExpenses": 202204000,
        "otherExpenses": 1053000,
        "operatingExpenses": 203257000,
        "costAndExpenses": 844398000,
        "interestIncome": 0,
        "interestExpense": 5257000,
        "depreciationAndAmortization": 12376000,
        "ebitda": 111640000,
        "ebitdaratio": 0.1183050711,
        "operatingIncome": 99264000,
        "operatingIncomeRatio": 0.1051902058,
        "totalOtherIncomeExpensesNet": -7325000,
        "incomeBeforeTax": 91939000,
        "incomeBeforeTaxRatio": 0.0974278926,
        "incomeTaxExpense": 20241000,
        "netIncome": 71698000,
        "netIncomeRatio": 0.0759784753,
        "eps": 2.16,
        "epsdiluted": 2.13,
        "weightedAverageShsOut": 33261000,
        "weightedAverageShsOutDil": 33591000,
        "link": "https://www.sec.gov/Archives/edgar/data/887936/000088793625000097/0000887936-25-000097-index.htm",
        "finalLink": "https://www.sec.gov/Archives/edgar/data/887936/000088793625000097/fcn-20250630.htm"
    },
    {
        "date": "2025-03-31",
        "symbol": "FCN",
        "reportedCurrency": "USD",
        "cik": "0000887936",
        "fillingDate": "2025-04-24",
        "acceptedDate": "2025-04-24 07:29:58",
        "calendarYear": "2025",
        "period": "Q1",
        "revenue": 898282000,
        "costOfRevenue": 608928000,
        "grossProfit": 289354000,
        "grossProfitRatio": 0.3221193345,
        "researchAndDevelopmentExpenses": 0,
        "generalAndAdministrativeExpenses": 0,
        "sellingAndMarketingExpenses": 0,
        "sellingGeneralAndAdministrativeExpenses": 184335000,
        "otherExpenses": 26312000,
        "operatingExpenses": 210647000,
        "costAndExpenses": 819575000,
        "interestIncome": 0,
        "interestExpense": 968000,
        "depreciationAndAmortization": 11162000,
        "ebitda": 92711000,
        "ebitdaratio": 0.1032092372,
        "operatingIncome": 78707000,
        "operatingIncomeRatio": 0.0876194781,
        "totalOtherIncomeExpensesNet": 1874000,
        "incomeBeforeTax": 80581000,
        "incomeBeforeTaxRatio": 0.0897056826,
        "incomeTaxExpense": 18757000,
        "netIncome": 61824000,
        "netIncomeRatio": 0.0688247121,
        "eps": 1.76,
        "epsdiluted": 1.74,
        "weightedAverageShsOut": 35053000,
        "weightedAverageShsOutDil": 35500000,
        "link": "https://www.sec.gov/Archives/edgar/data/887936/000088793625000071/0000887936-25-000071-index.htm",
        "finalLink": "https://www.sec.gov/Archives/edgar/data/887936/000088793625000071/fcn-20250331.htm"
    },
    {
        "date": "2024-12-31",
        "symbol": "FCN",
        "reportedCurrency": "USD",
        "cik": "0000887936",
        "fillingDate": "2025-02-20",
        "acceptedDate": "2025-02-20 07:30:03",
        "calendarYear": "2024",
        "period": "Q4",
        "revenue": 894924000,
        "costOfRevenue": 624864000,
        "grossProfit": 270060000,
        "grossProfitRatio": 0.3017686418,
        "researchAndDevelopmentExpenses": 0,
        "generalAndAdministrativeExpenses": 0,
        "sellingAndMarketingExpenses": 0,
        "sellingGeneralAndAdministrativeExpenses": 208051000,
        "otherExpenses": 9264000,
        "operatingExpenses": 217315000,
        "costAndExpenses": 842179000,
        "interestIncome": 0,
        "interestExpense": 716000,
        "depreciationAndAmortization": 12768000,
        "ebitda": 73292000,
        "ebitdaratio": 0.0818974572,
        "operatingIncome": 52745000,
        "operatingIncomeRatio": 0.0589379657,
        "totalOtherIncomeExpensesNet": 7063000,
        "incomeBeforeTax": 59808000,
        "incomeBeforeTaxRatio": 0.066830256,
        "incomeTaxExpense": 10098000,
        "netIncome": 49710000,
        "netIncomeRatio": 0.0555466162,
        "eps": 1.41,
        "epsdiluted": 1.38,
        "weightedAverageShsOut": 35208000,
        "weightedAverageShsOutDil": 35845000,
        "link": "https://www.sec.gov/Archives/edgar/data/887936/000088793625000014/0000887936-25-000014-index.htm",
        "finalLink": "https://www.sec.gov/Archives/edgar/data/887936/000088793625000014/fcn-20241231.htm"
    },
    {
        "date": "2024-09-30",
        "symbol": "FCN",
        "reportedCurrency": "USD",
        "cik": "0000887936",
        "fillingDate": "2024-10-24",
        "acceptedDate": "2024-10-24 07:29:56",
        "calendarYear": "2024",
        "period": "Q3",
        "revenue": 926019000,
        "costOfRevenue": 628079000,
        "grossProfit": 297940000,
        "grossProfitRatio": 0.3217428584,
        "researchAndDevelopmentExpenses": 0,
        "generalAndAdministrativeExpenses": 0,
        "sellingAndMarketingExpenses": 0,
        "sellingGeneralAndAdministrativeExpenses": 205995000,
        "otherExpenses": 1053000,
        "operatingExpenses": 207048000,
        "costAndExpenses": 835127000,
        "interestIncome": 0,
        "interestExpense": 1197000,
        "depreciationAndAmortization": 12056000,
        "ebitda": 102948000,
        "ebitdaratio": 0.1111726649,
        "operatingIncome": 90892000,
        "operatingIncomeRatio": 0.0981534936,
        "totalOtherIncomeExpensesNet": -2106000,
        "incomeBeforeTax": 88786000,
        "incomeBeforeTaxRatio": 0.0958792422,
        "incomeTaxExpense": 22320000,
        "netIncome": 66466000,
        "netIncomeRatio": 0.0717760651,
        "eps": 1.88,
        "epsdiluted": 1.85,
        "weightedAverageShsOut": 35315000,
        "weightedAverageShsOutDil": 35892000,
        "link": "https://www.sec.gov/Archives/edgar/data/887936/000088793624000141/0000887936-24-000141-index.htm",
        "finalLink": "https://www.sec.gov/Archives/edgar/data/887936/000088793624000141/fcn-20240930.htm"
    },
    {
        "date": "2024-06-30",
        "symbol": "FCN",
        "reportedCurrency": "USD",
        "cik": "0000887936",
        "fillingDate": "2024-07-25",
        "acceptedDate": "2024-07-25 07:29:44",
        "calendarYear": "2024",
        "period": "Q2",
        "revenue": 949156000,
        "costOfRevenue": 638829000,
        "grossProfit": 310327000,
        "grossProfitRatio": 0.3269504697,
        "researchAndDevelopmentExpenses": 0,
        "generalAndAdministrativeExpenses": 0,
        "sellingAndMarketingExpenses": 0,
        "sellingGeneralAndAdministrativeExpenses": 206235000,
        "otherExpenses": 1080000,
        "operatingExpenses": 207315000,
        "costAndExpenses": 845064000,
        "interestIncome": 0,
        "interestExpense": 3319000,
        "depreciationAndAmortization": 11829000,
        "ebitda": 117830000,
        "ebitdaratio": 0.1241418692,
        "operatingIncome": 104092000,
        "operatingIncomeRatio": 0.1096679576,
        "totalOtherIncomeExpensesNet": -1410000,
        "incomeBeforeTax": 102682000,
        "incomeBeforeTaxRatio": 0.1081824273,
        "incomeTaxExpense": 18735000,
        "netIncome": 83947000,
        "netIncomeRatio": 0.0884438385,
        "eps": 2.38,
        "epsdiluted": 2.34,
        "weightedAverageShsOut": 35221000,
        "weightedAverageShsOutDil": 35845000,
        "link": "https://www.sec.gov/Archives/edgar/data/887936/000088793624000125/0000887936-24-000125-index.htm",
        "finalLink": "https://www.sec.gov/Archives/edgar/data/887936/000088793624000125/fcn-20240630.htm"
    },
    {
        "date": "2024-03-31",
        "symbol": "FCN",
        "reportedCurrency": "USD",
        "cik": "0000887936",
        "fillingDate": "2024-04-25",
        "acceptedDate": "2024-04-25 07:30:05",
        "calendarYear": "2024",
        "period": "Q1",
        "revenue": 928553000,
        "costOfRevenue": 627050000,
        "grossProfit": 301503000,
        "grossProfitRatio": 0.3247019825,
        "researchAndDevelopmentExpenses": 0,
        "generalAndAdministrativeExpenses": 0,
        "sellingAndMarketingExpenses": 0,
        "sellingGeneralAndAdministrativeExpenses": 201870000,
        "otherExpenses": 1016000,
        "operatingExpenses": 202886000,
        "costAndExpenses": 828920000,
        "interestIncome": 0,
        "interestExpense": 1719000,
        "depreciationAndAmortization": 11440000,
        "ebitda": 112654000,
        "ebitdaratio": 0.1213221001,
        "operatingIncome": 99633000,
        "operatingIncomeRatio": 0.1072992064,
        "totalOtherIncomeExpensesNet": -138000,
        "incomeBeforeTax": 99495000,
        "incomeBeforeTaxRatio": 0.1071505881,
        "incomeTaxExpense": 19530000,
        "netIncome": 79965000,
        "netIncomeRatio": 0.086117863,
        "eps": 2.29,
        "epsdiluted": 2.23,
        "weightedAverageShsOut": 34977000,
        "weightedAverageShsOutDil": 35787000,
        "link": "https://www.sec.gov/Archives/edgar/data/887936/000088793624000065/0000887936-24-000065-index.htm",
        "finalLink": "https://www.sec.gov/Archives/edgar/data/887936/000088793624000065/fcn-20240331.htm"
    },
    {
        "date": "2023-12-31",
        "symbol": "FCN",
        "reportedCurrency": "USD",
        "cik": "0000887936",
        "fillingDate": "2024-02-22",
        "acceptedDate": "2024-02-22 07:30:14",
        "calendarYear": "2023",
        "period": "Q4",
        "revenue": 924684000,
        "costOfRevenue": 613809000,
        "grossProfit": 310875000,
        "grossProfitRatio": 0.3361959329,
        "researchAndDevelopmentExpenses": 0,
        "generalAndAdministrativeExpenses": 0,
        "sellingAndMarketingExpenses": 0,
        "sellingGeneralAndAdministrativeExpenses": 194634000,
        "otherExpenses": 1220000,
        "operatingExpenses": 195854000,
        "costAndExpenses": 809663000,
        "interestIncome": 0,
        "interestExpense": 3896000,
        "depreciationAndAmortization": 12373000,
        "ebitda": 119306000,
        "ebitdaratio": 0.1290235367,
        "operatingIncome": 115021000,
        "operatingIncomeRatio": 0.1243895212,
        "totalOtherIncomeExpensesNet": -11984000,
        "incomeBeforeTax": 103037000,
        "incomeBeforeTaxRatio": 0.111429418,
        "incomeTaxExpense": 21404000,
        "netIncome": 81633000,
        "netIncomeRatio": 0.0882820509,
        "eps": 2.34,
        "epsdiluted": 2.28,
        "weightedAverageShsOut": 34889000,
        "weightedAverageShsOutDil": 35778000,
        "link": "https://www.sec.gov/Archives/edgar/data/887936/000088793624000015/0000887936-24-000015-index.htm",
        "finalLink": "https://www.sec.gov/Archives/edgar/data/887936/000088793624000015/fcn-20231231.htm"
    },
    {
        "date": "2023-09-30",
        "symbol": "FCN",
        "reportedCurrency": "USD",
        "cik": "0000887936",
        "fillingDate": "2023-10-26",
        "acceptedDate": "2023-10-26 07:31:52",
        "calendarYear": "2023",
        "period": "Q3",
        "revenue": 893261000,
        "costOfRevenue": 598804000,
        "grossProfit": 294457000,
        "grossProfitRatio": 0.329642736,
        "researchAndDevelopmentExpenses": 0,
        "generalAndAdministrativeExpenses": 0,
        "sellingAndMarketingExpenses": 0,
        "sellingGeneralAndAdministrativeExpenses": 186088000,
        "otherExpenses": 1340000,
        "operatingExpenses": 187428000,
        "costAndExpenses": 786232000,
        "interestIncome": 0,
        "interestExpense": 4474000,
        "depreciationAndAmortization": 11719000,
        "ebitda": 123895000,
        "ebitdaratio": 0.1386996634,
        "operatingIncome": 107029000,
        "operatingIncomeRatio": 0.1198182838,
        "totalOtherIncomeExpensesNet": 673000,
        "incomeBeforeTax": 107702000,
        "incomeBeforeTaxRatio": 0.120571703,
        "incomeTaxExpense": 24385000,
        "netIncome": 83317000,
        "netIncomeRatio": 0.0932728508,
        "eps": 2.44,
        "epsdiluted": 2.34,
        "weightedAverageShsOut": 34128000,
        "weightedAverageShsOutDil": 35656000,
        "link": "https://www.sec.gov/Archives/edgar/data/887936/000088793623000115/0000887936-23-000115-index.htm",
        "finalLink": "https://www.sec.gov/Archives/edgar/data/887936/000088793623000115/fcn-20230930.htm"
    },
    {
        "date": "2023-06-30",
        "symbol": "FCN",
        "reportedCurrency": "USD",
        "cik": "0000887936",
        "fillingDate": "2023-07-27",
        "acceptedDate": "2023-07-27 07:30:15",
        "calendarYear": "2023",
        "period": "Q2",
        "revenue": 864591000,
        "costOfRevenue": 588094000,
        "grossProfit": 276497000,
        "grossProfitRatio": 0.3198009232,
        "researchAndDevelopmentExpenses": 0,
        "generalAndAdministrativeExpenses": 0,
        "sellingAndMarketingExpenses": 0,
        "sellingGeneralAndAdministrativeExpenses": 186371000,
        "otherExpenses": 1417000,
        "operatingExpenses": 187788000,
        "costAndExpenses": 775882000,
        "interestIncome": 0,
        "interestExpense": 3022000,
        "depreciationAndAmortization": 11521000,
        "ebitda": 100230000,
        "ebitdaratio": 0.1159276467,
        "operatingIncome": 88709000,
        "operatingIncomeRatio": 0.1026022709,
        "totalOtherIncomeExpensesNet": -3606000,
        "incomeBeforeTax": 85103000,
        "incomeBeforeTaxRatio": 0.0984315127,
        "incomeTaxExpense": 22708000,
        "netIncome": 62395000,
        "netIncomeRatio": 0.0721670709,
        "eps": 1.87,
        "epsdiluted": 1.75,
        "weightedAverageShsOut": 33359000,
        "weightedAverageShsOutDil": 35650000,
        "link": "https://www.sec.gov/Archives/edgar/data/887936/000088793623000099/0000887936-23-000099-index.htm",
        "finalLink": "https://www.sec.gov/Archives/edgar/data/887936/000088793623000099/fcn-20230630.htm"
    },
    {
        "date": "2023-03-31",
        "symbol": "FCN",
        "reportedCurrency": "USD",
        "cik": "0000887936",
        "fillingDate": "2023-04-27",
        "acceptedDate": "2023-04-27 07:30:14",
        "calendarYear": "2023",
        "period": "Q1",
        "revenue": 806706000,
        "costOfRevenue": 553509000,
        "grossProfit": 253197000,
        "grossProfitRatio": 0.3138652743,
        "researchAndDevelopmentExpenses": 0,
        "generalAndAdministrativeExpenses": 0,
        "sellingAndMarketingExpenses": 0,
        "sellingGeneralAndAdministrativeExpenses": 184213000,
        "otherExpenses": 2182000,
        "operatingExpenses": 186395000,
        "costAndExpenses": 739904000,
        "interestIncome": 0,
        "interestExpense": 2939000,
        "depreciationAndAmortization": 11625000,
        "ebitda": 78427000,
        "ebitdaratio": 0.0972188133,
        "operatingIncome": 66802000,
        "operatingIncomeRatio": 0.0828083589,
        "totalOtherIncomeExpensesNet": -4281000,
        "incomeBeforeTax": 62521000,
        "incomeBeforeTaxRatio": 0.0775015929,
        "incomeTaxExpense": 14974000,
        "netIncome": 47547000,
        "netIncomeRatio": 0.0589396881,
        "eps": 1.43,
        "epsdiluted": 1.34,
        "weightedAverageShsOut": 33301000,
        "weightedAverageShsOutDil": 35482000,
        "link": "https://www.sec.gov/Archives/edgar/data/887936/000088793623000074/0000887936-23-000074-index.htm",
        "finalLink": "https://www.sec.gov/Archives/edgar/data/887936/000088793623000074/fcn-20230331.htm"
    },
    {
        "date": "2022-12-31",
        "symbol": "FCN",
        "reportedCurrency": "USD",
        "cik": "0000887936",
        "fillingDate": "2023-02-23",
        "acceptedDate": "2023-02-23 07:30:08",
        "calendarYear": "2022",
        "period": "Q4",
        "revenue": 774431000,
        "costOfRevenue": 526139000,
        "grossProfit": 248292000,
        "grossProfitRatio": 0.3206121656,
        "researchAndDevelopmentExpenses": 0,
        "generalAndAdministrativeExpenses": 0,
        "sellingAndMarketingExpenses": 0,
        "sellingGeneralAndAdministrativeExpenses": 164973000,
        "otherExpenses": 10663000,
        "operatingExpenses": 175636000,
        "costAndExpenses": 701775000,
        "interestIncome": 0,
        "interestExpense": 2579000,
        "depreciationAndAmortization": 11176000,
        "ebitda": 77332000,
        "ebitdaratio": 0.0998591224,
        "operatingIncome": 72656000,
        "operatingIncomeRatio": 0.0938185584,
        "totalOtherIncomeExpensesNet": -9079000,
        "incomeBeforeTax": 63577000,
        "incomeBeforeTaxRatio": 0.0820951124,
        "incomeTaxExpense": 16079000,
        "netIncome": 47498000,
        "netIncomeRatio": 0.0613327721,
        "eps": 1.42,
        "epsdiluted": 1.33,
        "weightedAverageShsOut": 33552000,
        "weightedAverageShsOutDil": 35658000,
        "link": "https://www.sec.gov/Archives/edgar/data/887936/000088793623000016/0000887936-23-000016-index.htm",
        "finalLink": "https://www.sec.gov/Archives/edgar/data/887936/000088793623000016/fcn-20221231.htm"
    },
    {
        "date": "2022-09-30",
        "symbol": "FCN",
        "reportedCurrency": "USD",
        "cik": "0000887936",
        "fillingDate": "2022-10-27",
        "acceptedDate": "2022-10-27 07:30:30",
        "calendarYear": "2022",
        "period": "Q3",
        "revenue": 775865000,
        "costOfRevenue": 526654000,
        "grossProfit": 249211000,
        "grossProfitRatio": 0.3212040755,
        "researchAndDevelopmentExpenses": 0,
        "generalAndAdministrativeExpenses": 0,
        "sellingAndMarketingExpenses": 0,
        "sellingGeneralAndAdministrativeExpenses": 159186000,
        "otherExpenses": 2315000,
        "operatingExpenses": 161501000,
        "costAndExpenses": 688155000,
        "interestIncome": 0,
        "interestExpense": 2378000,
        "depreciationAndAmortization": 11265000,
        "ebitda": 106746000,
        "ebitdaratio": 0.1375832136,
        "operatingIncome": 87710000,
        "operatingIncomeRatio": 0.1130480174,
        "totalOtherIncomeExpensesNet": 5393000,
        "incomeBeforeTax": 93103000,
        "incomeBeforeTaxRatio": 0.1199989689,
        "incomeTaxExpense": 15836000,
        "netIncome": 77267000,
        "netIncomeRatio": 0.0995882016,
        "eps": 2.15,
        "epsdiluted": 2.15,
        "weightedAverageShsOut": 35918000,
        "weightedAverageShsOutDil": 35918000,
        "link": "https://www.sec.gov/Archives/edgar/data/887936/000088793622000093/0000887936-22-000093-index.htm",
        "finalLink": "https://www.sec.gov/Archives/edgar/data/887936/000088793622000093/fcn-20220930.htm"
    },
    {
        "date": "2022-06-30",
        "symbol": "FCN",
        "reportedCurrency": "USD",
        "cik": "0000887936",
        "fillingDate": "2022-07-28",
        "acceptedDate": "2022-07-28 07:30:02",
        "calendarYear": "2022",
        "period": "Q2",
        "revenue": 754992000,
        "costOfRevenue": 520080000,
        "grossProfit": 234912000,
        "grossProfitRatio": 0.3111450188,
        "researchAndDevelopmentExpenses": 0,
        "generalAndAdministrativeExpenses": 0,
        "sellingAndMarketingExpenses": 0,
        "sellingGeneralAndAdministrativeExpenses": 167940000,
        "otherExpenses": 2737000,
        "operatingExpenses": 170677000,
        "costAndExpenses": 690757000,
        "interestIncome": 0,
        "interestExpense": 2448000,
        "depreciationAndAmortization": 11925000,
        "ebitda": 79154000,
        "ebitdaratio": 0.104840846,
        "operatingIncome": 64235000,
        "operatingIncomeRatio": 0.0850803717,
        "totalOtherIncomeExpensesNet": 546000,
        "incomeBeforeTax": 64781000,
        "incomeBeforeTaxRatio": 0.0858035582,
        "incomeTaxExpense": 13353000,
        "netIncome": 51428000,
        "netIncomeRatio": 0.0681172781,
        "eps": 1.43,
        "epsdiluted": 1.43,
        "weightedAverageShsOut": 35909000,
        "weightedAverageShsOutDil": 35909000,
        "link": "https://www.sec.gov/Archives/edgar/data/887936/000088793622000087/0000887936-22-000087-index.htm",
        "finalLink": "https://www.sec.gov/Archives/edgar/data/887936/000088793622000087/fcn-20220630.htm"
    },
    {
        "date": "2022-03-31",
        "symbol": "FCN",
        "reportedCurrency": "USD",
        "cik": "0000887936",
        "fillingDate": "2022-04-28",
        "acceptedDate": "2022-04-28 07:30:27",
        "calendarYear": "2022",
        "period": "Q1",
        "revenue": 723620000,
        "costOfRevenue": 493104000,
        "grossProfit": 230516000,
        "grossProfitRatio": 0.3185594649,
        "researchAndDevelopmentExpenses": 0,
        "generalAndAdministrativeExpenses": 0,
        "sellingAndMarketingExpenses": 0,
        "sellingGeneralAndAdministrativeExpenses": 148971000,
        "otherExpenses": 2268000,
        "operatingExpenses": 151239000,
        "costAndExpenses": 644343000,
        "interestIncome": 0,
        "interestExpense": 2642000,
        "depreciationAndAmortization": 11175000,
        "ebitda": 90452000,
        "ebitdaratio": 0.124999309,
        "operatingIncome": 79277000,
        "operatingIncomeRatio": 0.1095561206,
        "totalOtherIncomeExpensesNet": -2989000,
        "incomeBeforeTax": 76288000,
        "incomeBeforeTaxRatio": 0.1054254996,
        "incomeTaxExpense": 16967000,
        "netIncome": 59321000,
        "netIncomeRatio": 0.0819781101,
        "eps": 1.66,
        "epsdiluted": 1.66,
        "weightedAverageShsOut": 35646000,
        "weightedAverageShsOutDil": 35646000,
        "link": "https://www.sec.gov/Archives/edgar/data/887936/000088793622000052/0000887936-22-000052-index.htm",
        "finalLink": "https://www.sec.gov/Archives/edgar/data/887936/000088793622000052/fcn-20220331.htm"
    },
    {
        "date": "2021-12-31",
        "symbol": "FCN",
        "reportedCurrency": "USD",
        "cik": "0000887936",
        "fillingDate": "2022-02-24",
        "acceptedDate": "2022-02-24 07:29:49",
        "calendarYear": "2021",
        "period": "Q4",
        "revenue": 676231000,
        "costOfRevenue": 484126000,
        "grossProfit": 192105000,
        "grossProfitRatio": 0.2840819188,
        "researchAndDevelopmentExpenses": 0,
        "generalAndAdministrativeExpenses": 138768000,
        "sellingAndMarketingExpenses": 0,
        "sellingGeneralAndAdministrativeExpenses": 138768000,
        "otherExpenses": 2308000,
        "operatingExpenses": 141076000,
        "costAndExpenses": 625202000,
        "interestIncome": 0,
        "interestExpense": 5130000,
        "depreciationAndAmortization": 10946000,
        "ebitda": 62871000,
        "ebitdaratio": 0.0930185099,
        "operatingIncome": 51029000,
        "operatingIncomeRatio": 0.0754609002,
        "totalOtherIncomeExpensesNet": -4234000,
        "incomeBeforeTax": 46795000,
        "incomeBeforeTaxRatio": 0.0691997261,
        "incomeTaxExpense": 8587000,
        "netIncome": 38208000,
        "netIncomeRatio": 0.0565014026,
        "eps": 1.14,
        "epsdiluted": 1.07,
        "weightedAverageShsOut": 33519000,
        "weightedAverageShsOutDil": 35550000,
        "link": "https://www.sec.gov/Archives/edgar/data/887936/000088793622000013/0000887936-22-000013-index.htm",
        "finalLink": "https://www.sec.gov/Archives/edgar/data/887936/000088793622000013/fcn-20211231.htm"
    },
    {
        "date": "2021-09-30",
        "symbol": "FCN",
        "reportedCurrency": "USD",
        "cik": "0000887936",
        "fillingDate": "2021-10-28",
        "acceptedDate": "2021-10-28 07:29:02",
        "calendarYear": "2021",
        "period": "Q3",
        "revenue": 702228000,
        "costOfRevenue": 472235000,
        "grossProfit": 229993000,
        "grossProfitRatio": 0.3275189824,
        "researchAndDevelopmentExpenses": 0,
        "generalAndAdministrativeExpenses": 138600000,
        "sellingAndMarketingExpenses": 0,
        "sellingGeneralAndAdministrativeExpenses": 138600000,
        "otherExpenses": 2860000,
        "operatingExpenses": 141460000,
        "costAndExpenses": 613695000,
        "interestIncome": 0,
        "interestExpense": 5073000,
        "depreciationAndAmortization": 11726000,
        "ebitda": 105434000,
        "ebitdaratio": 0.1501421191,
        "operatingIncome": 88533000,
        "operatingIncomeRatio": 0.1260744374,
        "totalOtherIncomeExpensesNet": 102000,
        "incomeBeforeTax": 88635000,
        "incomeBeforeTaxRatio": 0.1262196893,
        "incomeTaxExpense": 19155000,
        "netIncome": 69480000,
        "netIncomeRatio": 0.0989422239,
        "eps": 2.07,
        "epsdiluted": 1.96,
        "weightedAverageShsOut": 33495000,
        "weightedAverageShsOutDil": 35362000,
        "link": "https://www.sec.gov/Archives/edgar/data/887936/000088793621000085/0000887936-21-000085-index.htm",
        "finalLink": "https://www.sec.gov/Archives/edgar/data/887936/000088793621000085/fcn-20210930.htm"
    },
    {
        "date": "2021-06-30",
        "symbol": "FCN",
        "reportedCurrency": "USD",
        "cik": "0000887936",
        "fillingDate": "2021-07-29",
        "acceptedDate": "2021-07-29 07:29:31",
        "calendarYear": "2021",
        "period": "Q2",
        "revenue": 711486000,
        "costOfRevenue": 490722000,
        "grossProfit": 220764000,
        "grossProfitRatio": 0.3102857962,
        "researchAndDevelopmentExpenses": 0,
        "generalAndAdministrativeExpenses": 133930000,
        "sellingAndMarketingExpenses": 0,
        "sellingGeneralAndAdministrativeExpenses": 133930000,
        "otherExpenses": 2854000,
        "operatingExpenses": 136784000,
        "costAndExpenses": 627506000,
        "interestIncome": 0,
        "interestExpense": 5294000,
        "depreciationAndAmortization": 11458000,
        "ebitda": 95438000,
        "ebitdaratio": 0.1341389711,
        "operatingIncome": 83980000,
        "operatingIncomeRatio": 0.1180346486,
        "totalOtherIncomeExpensesNet": -6206000,
        "incomeBeforeTax": 77774000,
        "incomeBeforeTaxRatio": 0.1093120595,
        "incomeTaxExpense": 14992000,
        "netIncome": 62782000,
        "netIncomeRatio": 0.0882406681,
        "eps": 1.88,
        "epsdiluted": 1.77,
        "weightedAverageShsOut": 33458000,
        "weightedAverageShsOutDil": 35374000,
        "link": "https://www.sec.gov/Archives/edgar/data/887936/000088793621000078/0000887936-21-000078-index.htm",
        "finalLink": "https://www.sec.gov/Archives/edgar/data/887936/000088793621000078/fcn-20210630.htm"
    },
    {
        "date": "2021-03-31",
        "symbol": "FCN",
        "reportedCurrency": "USD",
        "cik": "0000887936",
        "fillingDate": "2021-04-29",
        "acceptedDate": "2021-04-29 07:29:10",
        "calendarYear": "2021",
        "period": "Q1",
        "revenue": 686277000,
        "costOfRevenue": 468424000,
        "grossProfit": 217853000,
        "grossProfitRatio": 0.317441791,
        "researchAndDevelopmentExpenses": 0,
        "generalAndAdministrativeExpenses": 126546000,
        "sellingAndMarketingExpenses": 0,
        "sellingGeneralAndAdministrativeExpenses": 126546000,
        "otherExpenses": 2801000,
        "operatingExpenses": 129347000,
        "costAndExpenses": 597771000,
        "interestIncome": 0,
        "interestExpense": 4797000,
        "depreciationAndAmortization": 10962000,
        "ebitda": 100502000,
        "ebitdaratio": 0.14644524,
        "operatingIncome": 88506000,
        "operatingIncomeRatio": 0.1289654178,
        "totalOtherIncomeExpensesNet": -3763000,
        "incomeBeforeTax": 84743000,
        "incomeBeforeTaxRatio": 0.1234822091,
        "incomeTaxExpense": 20247000,
        "netIncome": 64496000,
        "netIncomeRatio": 0.0939795447,
        "eps": 1.93,
        "epsdiluted": 1.84,
        "weightedAverageShsOut": 33483000,
        "weightedAverageShsOutDil": 35063000,
        "link": "https://www.sec.gov/Archives/edgar/data/887936/000088793621000056/0000887936-21-000056-index.htm",
        "finalLink": "https://www.sec.gov/Archives/edgar/data/887936/000088793621000056/fcn-20210331.htm"
    },
    {
        "date": "2020-12-31",
        "symbol": "FCN",
        "reportedCurrency": "USD",
        "cik": "0000887936",
        "fillingDate": "2021-02-25",
        "acceptedDate": "2021-02-25 16:42:32",
        "calendarYear": "2020",
        "period": "Q4",
        "revenue": 626581000,
        "costOfRevenue": 440274000,
        "grossProfit": 186307000,
        "grossProfitRatio": 0.2973390511,
        "researchAndDevelopmentExpenses": 0,
        "generalAndAdministrativeExpenses": 112422000,
        "sellingAndMarketingExpenses": 0,
        "sellingGeneralAndAdministrativeExpenses": 112422000,
        "otherExpenses": 2947000,
        "operatingExpenses": 115369000,
        "costAndExpenses": 555643000,
        "interestIncome": 0,
        "interestExpense": 4636000,
        "depreciationAndAmortization": 11953000,
        "ebitda": 78600000,
        "ebitdaratio": 0.1254426802,
        "operatingIncome": 70938000,
        "operatingIncomeRatio": 0.1132144128,
        "totalOtherIncomeExpensesNet": -8927000,
        "incomeBeforeTax": 62011000,
        "incomeBeforeTaxRatio": 0.0989672524,
        "incomeTaxExpense": 6422000,
        "netIncome": 55589000,
        "netIncomeRatio": 0.088717979,
        "eps": 1.63,
        "epsdiluted": 1.57,
        "weightedAverageShsOut": 34198000,
        "weightedAverageShsOutDil": 35484000,
        "link": "https://www.sec.gov/Archives/edgar/data/887936/000088793621000013/0000887936-21-000013-index.htm",
        "finalLink": "https://www.sec.gov/Archives/edgar/data/887936/000088793621000013/fcn-20201231.htm"
    },
    {
        "date": "2020-09-30",
        "symbol": "FCN",
        "reportedCurrency": "USD",
        "cik": "0000887936",
        "fillingDate": "2020-10-29",
        "acceptedDate": "2020-10-29 07:30:14",
        "calendarYear": "2020",
        "period": "Q3",
        "revenue": 622249000,
        "costOfRevenue": 417179000,
        "grossProfit": 205070000,
        "grossProfitRatio": 0.3295626028,
        "researchAndDevelopmentExpenses": 0,
        "generalAndAdministrativeExpenses": 122102000,
        "sellingAndMarketingExpenses": 0,
        "sellingGeneralAndAdministrativeExpenses": 122102000,
        "otherExpenses": 9898000,
        "operatingExpenses": 132000000,
        "costAndExpenses": 549179000,
        "interestIncome": 0,
        "interestExpense": 5151000,
        "depreciationAndAmortization": 10743000,
        "ebitda": 83813000,
        "ebitdaratio": 0.1346936676,
        "operatingIncome": 73070000,
        "operatingIncomeRatio": 0.1174288749,
        "totalOtherIncomeExpensesNet": -8491000,
        "incomeBeforeTax": 64579000,
        "incomeBeforeTaxRatio": 0.1037832122,
        "incomeTaxExpense": 14407000,
        "netIncome": 50172000,
        "netIncomeRatio": 0.0806301015,
        "eps": 1.41,
        "epsdiluted": 1.35,
        "weightedAverageShsOut": 35639000,
        "weightedAverageShsOutDil": 37086000,
        "link": "https://www.sec.gov/Archives/edgar/data/887936/000088793620000091/0000887936-20-000091-index.htm",
        "finalLink": "https://www.sec.gov/Archives/edgar/data/887936/000088793620000091/fcn-20200930.htm"
    },
    {
        "date": "2020-06-30",
        "symbol": "FCN",
        "reportedCurrency": "USD",
        "cik": "0000887936",
        "fillingDate": "2020-07-30",
        "acceptedDate": "2020-07-30 07:28:27",
        "calendarYear": "2020",
        "period": "Q2",
        "revenue": 607852000,
        "costOfRevenue": 413011000,
        "grossProfit": 194841000,
        "grossProfitRatio": 0.3205401973,
        "researchAndDevelopmentExpenses": 0,
        "generalAndAdministrativeExpenses": 126928000,
        "sellingAndMarketingExpenses": 0,
        "sellingGeneralAndAdministrativeExpenses": 126928000,
        "otherExpenses": 2314000,
        "operatingExpenses": 129242000,
        "costAndExpenses": 542253000,
        "interestIncome": 0,
        "interestExpense": 5157000,
        "depreciationAndAmortization": 10198000,
        "ebitda": 77999000,
        "ebitdaratio": 0.1283190645,
        "operatingIncome": 65599000,
        "operatingIncomeRatio": 0.1079193619,
        "totalOtherIncomeExpensesNet": -2955000,
        "incomeBeforeTax": 62644000,
        "incomeBeforeTaxRatio": 0.1030579812,
        "incomeTaxExpense": 14470000,
        "netIncome": 48174000,
        "netIncomeRatio": 0.0792528444,
        "eps": 1.33,
        "epsdiluted": 1.27,
        "weightedAverageShsOut": 36169000,
        "weightedAverageShsOutDil": 37852000,
        "link": "https://www.sec.gov/Archives/edgar/data/887936/000088793620000085/0000887936-20-000085-index.htm",
        "finalLink": "https://www.sec.gov/Archives/edgar/data/887936/000088793620000085/fti63020-10q.htm"
    },
    {
        "date": "2020-03-31",
        "symbol": "FCN",
        "reportedCurrency": "USD",
        "cik": "0000887936",
        "fillingDate": "2020-04-30",
        "acceptedDate": "2020-04-30 07:30:21",
        "calendarYear": "2020",
        "period": "Q1",
        "revenue": 604593000,
        "costOfRevenue": 402247000,
        "grossProfit": 202346000,
        "grossProfitRatio": 0.3346813476,
        "researchAndDevelopmentExpenses": 0,
        "generalAndAdministrativeExpenses": 126959000,
        "sellingAndMarketingExpenses": 0,
        "sellingGeneralAndAdministrativeExpenses": 126959000,
        "otherExpenses": 2331000,
        "operatingExpenses": 129290000,
        "costAndExpenses": 531537000,
        "interestIncome": 0,
        "interestExpense": 4861000,
        "depreciationAndAmortization": 10154000,
        "ebitda": 88227000,
        "ebitdaratio": 0.1459279218,
        "operatingIncome": 73056000,
        "operatingIncomeRatio": 0.120835008,
        "totalOtherIncomeExpensesNet": 156000,
        "incomeBeforeTax": 73212000,
        "incomeBeforeTaxRatio": 0.1210930328,
        "incomeTaxExpense": 16465000,
        "netIncome": 56747000,
        "netIncomeRatio": 0.0938598363,
        "eps": 1.56,
        "epsdiluted": 1.49,
        "weightedAverageShsOut": 36415000,
        "weightedAverageShsOutDil": 38190000,
        "link": "https://www.sec.gov/Archives/edgar/data/887936/000088793620000057/0000887936-20-000057-index.htm",
        "finalLink": "https://www.sec.gov/Archives/edgar/data/887936/000088793620000057/fti33120-10q.htm"
    },
    {
        "date": "2019-12-31",
        "symbol": "FCN",
        "reportedCurrency": "USD",
        "cik": "0000887936",
        "fillingDate": "2020-02-25",
        "acceptedDate": "2020-02-25 07:30:27",
        "calendarYear": "2019",
        "period": "Q4",
        "revenue": 602218000,
        "costOfRevenue": 418672000,
        "grossProfit": 183546000,
        "grossProfitRatio": 0.3047833177,
        "researchAndDevelopmentExpenses": 0,
        "generalAndAdministrativeExpenses": 133032000,
        "sellingAndMarketingExpenses": 0,
        "sellingGeneralAndAdministrativeExpenses": 133032000,
        "otherExpenses": 2314000,
        "operatingExpenses": 135346000,
        "costAndExpenses": 554018000,
        "interestIncome": 0,
        "interestExpense": 4835000,
        "depreciationAndAmortization": 10083000,
        "ebitda": 54603000,
        "ebitdaratio": 0.0906698239,
        "operatingIncome": 48200000,
        "operatingIncomeRatio": 0.0800374615,
        "totalOtherIncomeExpensesNet": -8515000,
        "incomeBeforeTax": 39685000,
        "incomeBeforeTaxRatio": 0.0658980635,
        "incomeTaxExpense": 10624000,
        "netIncome": 29061000,
        "netIncomeRatio": 0.0482566114,
        "eps": 0.8,
        "epsdiluted": 0.76,
        "weightedAverageShsOut": 36545000,
        "weightedAverageShsOutDil": 38126000,
        "link": "https://www.sec.gov/Archives/edgar/data/887936/000088793620000017/0000887936-20-000017-index.htm",
        "finalLink": "https://www.sec.gov/Archives/edgar/data/887936/000088793620000017/fti-123119x10k.htm"
    },
    {
        "date": "2019-09-30",
        "symbol": "FCN",
        "reportedCurrency": "USD",
        "cik": "0000887936",
        "fillingDate": "2019-10-24",
        "acceptedDate": "2019-10-24 07:30:57",
        "calendarYear": "2019",
        "period": "Q3",
        "revenue": 593106000,
        "costOfRevenue": 380892000,
        "grossProfit": 212214000,
        "grossProfitRatio": 0.357801135,
        "researchAndDevelopmentExpenses": 0,
        "generalAndAdministrativeExpenses": 127951000,
        "sellingAndMarketingExpenses": 0,
        "sellingGeneralAndAdministrativeExpenses": 127951000,
        "otherExpenses": 2125000,
        "operatingExpenses": 130076000,
        "costAndExpenses": 510968000,
        "interestIncome": 0,
        "interestExpense": 4832000,
        "depreciationAndAmortization": 10205000,
        "ebitda": 95316000,
        "ebitdaratio": 0.1607065179,
        "operatingIncome": 82138000,
        "operatingIncomeRatio": 0.1384878926,
        "totalOtherIncomeExpensesNet": -1859000,
        "incomeBeforeTax": 80279000,
        "incomeBeforeTaxRatio": 0.1353535456,
        "incomeTaxExpense": 19857000,
        "netIncome": 60422000,
        "netIncomeRatio": 0.101873864,
        "eps": 1.65,
        "epsdiluted": 1.59,
        "weightedAverageShsOut": 36617000,
        "weightedAverageShsOutDil": 37938000,
        "link": "https://www.sec.gov/Archives/edgar/data/887936/000088793619000093/0000887936-19-000093-index.htm",
        "finalLink": "https://www.sec.gov/Archives/edgar/data/887936/000088793619000093/fti93019-10q.htm"
    },
    {
        "date": "2019-06-30",
        "symbol": "FCN",
        "reportedCurrency": "USD",
        "cik": "0000887936",
        "fillingDate": "2019-07-25",
        "acceptedDate": "2019-07-25 07:27:54",
        "calendarYear": "2019",
        "period": "Q2",
        "revenue": 606119000,
        "costOfRevenue": 386266000,
        "grossProfit": 219853000,
        "grossProfitRatio": 0.3627225017,
        "researchAndDevelopmentExpenses": 0,
        "generalAndAdministrativeExpenses": 129906000,
        "sellingAndMarketingExpenses": 0,
        "sellingGeneralAndAdministrativeExpenses": 129906000,
        "otherExpenses": 1852000,
        "operatingExpenses": 131758000,
        "costAndExpenses": 518024000,
        "interestIncome": 0,
        "interestExpense": 4793000,
        "depreciationAndAmortization": 9090000,
        "ebitda": 99794000,
        "ebitdaratio": 0.1646442365,
        "operatingIncome": 88095000,
        "operatingIncomeRatio": 0.1453427462,
        "totalOtherIncomeExpensesNet": -2184000,
        "incomeBeforeTax": 85911000,
        "incomeBeforeTaxRatio": 0.1417394934,
        "incomeTaxExpense": 21313000,
        "netIncome": 64598000,
        "netIncomeRatio": 0.1065764314,
        "eps": 1.75,
        "epsdiluted": 1.69,
        "weightedAverageShsOut": 36960000,
        "weightedAverageShsOutDil": 38168000,
        "link": "https://www.sec.gov/Archives/edgar/data/887936/000088793619000077/0000887936-19-000077-index.htm",
        "finalLink": "https://www.sec.gov/Archives/edgar/data/887936/000088793619000077/fti63019-10q.htm"
    },
    {
        "date": "2019-03-31",
        "symbol": "FCN",
        "reportedCurrency": "USD",
        "cik": "0000887936",
        "fillingDate": "2019-04-25",
        "acceptedDate": "2019-04-25 07:29:31",
        "calendarYear": "2019",
        "period": "Q1",
        "revenue": 551274000,
        "costOfRevenue": 349066000,
        "grossProfit": 202208000,
        "grossProfitRatio": 0.366801264,
        "researchAndDevelopmentExpenses": 0,
        "generalAndAdministrativeExpenses": 113185000,
        "sellingAndMarketingExpenses": 0,
        "sellingGeneralAndAdministrativeExpenses": 113185000,
        "otherExpenses": 1861000,
        "operatingExpenses": 115046000,
        "costAndExpenses": 464112000,
        "interestIncome": 0,
        "interestExpense": 4746000,
        "depreciationAndAmortization": 8927000,
        "ebitda": 96248000,
        "ebitdaratio": 0.1745919452,
        "operatingIncome": 87162000,
        "operatingIncomeRatio": 0.1581101231,
        "totalOtherIncomeExpensesNet": -4587000,
        "incomeBeforeTax": 82575000,
        "incomeBeforeTaxRatio": 0.1497893969,
        "incomeTaxExpense": 19930000,
        "netIncome": 62645000,
        "netIncomeRatio": 0.1136367759,
        "eps": 1.69,
        "epsdiluted": 1.64,
        "weightedAverageShsOut": 36981000,
        "weightedAverageShsOutDil": 38219000,
        "link": "https://www.sec.gov/Archives/edgar/data/887936/000088793619000051/0000887936-19-000051-index.htm",
        "finalLink": "https://www.sec.gov/Archives/edgar/data/887936/000088793619000051/fti33119-10q.htm"
    },
    {
        "date": "2018-12-31",
        "symbol": "FCN",
        "reportedCurrency": "USD",
        "cik": "0000887936",
        "fillingDate": "2019-02-27",
        "acceptedDate": "2019-02-27 07:29:26",
        "calendarYear": "2018",
        "period": "Q4",
        "revenue": 504993000,
        "costOfRevenue": 340162000,
        "grossProfit": 164831000,
        "grossProfitRatio": 0.3264025442,
        "researchAndDevelopmentExpenses": 0,
        "generalAndAdministrativeExpenses": 118163000,
        "sellingAndMarketingExpenses": 0,
        "sellingGeneralAndAdministrativeExpenses": 118163000,
        "otherExpenses": 1865000,
        "operatingExpenses": 120028000,
        "costAndExpenses": 460190000,
        "interestIncome": 0,
        "interestExpense": 7076000,
        "depreciationAndAmortization": 8853000,
        "ebitda": 47487000,
        "ebitdaratio": 0.0940349668,
        "operatingIncome": 44803000,
        "operatingIncomeRatio": 0.0887200417,
        "totalOtherIncomeExpensesNet": -13245000,
        "incomeBeforeTax": 31558000,
        "incomeBeforeTaxRatio": 0.0624919553,
        "incomeTaxExpense": 7834000,
        "netIncome": 23724000,
        "netIncomeRatio": 0.046978869,
        "eps": 0.63,
        "epsdiluted": 0.61,
        "weightedAverageShsOut": 37368000,
        "weightedAverageShsOutDil": 38628000,
        "link": "https://www.sec.gov/Archives/edgar/data/887936/000088793619000011/0000887936-19-000011-index.htm",
        "finalLink": "https://www.sec.gov/Archives/edgar/data/887936/000088793619000011/fti-123118x10k.htm"
    },
    {
        "date": "2018-09-30",
        "symbol": "FCN",
        "reportedCurrency": "USD",
        "cik": "0000887936",
        "fillingDate": "2018-10-25",
        "acceptedDate": "2018-10-25 07:29:49",
        "calendarYear": "2018",
        "period": "Q3",
        "revenue": 513012000,
        "costOfRevenue": 336477000,
        "grossProfit": 176535000,
        "grossProfitRatio": 0.3441147575,
        "researchAndDevelopmentExpenses": 0,
        "generalAndAdministrativeExpenses": 117448000,
        "sellingAndMarketingExpenses": 0,
        "sellingGeneralAndAdministrativeExpenses": 117448000,
        "otherExpenses": 1975000,
        "operatingExpenses": 119423000,
        "costAndExpenses": 455900000,
        "interestIncome": 0,
        "interestExpense": 7246000,
        "depreciationAndAmortization": 10270000,
        "ebitda": 81813000,
        "ebitdaratio": 0.1594758017,
        "operatingIncome": 57112000,
        "operatingIncomeRatio": 0.1113268306,
        "totalOtherIncomeExpensesNet": 7185000,
        "incomeBeforeTax": 64297000,
        "incomeBeforeTaxRatio": 0.1253323509,
        "incomeTaxExpense": 19964000,
        "netIncome": 44333000,
        "netIncomeRatio": 0.0864170819,
        "eps": 1.19,
        "epsdiluted": 1.14,
        "weightedAverageShsOut": 37318000,
        "weightedAverageShsOutDil": 38756000,
        "link": "https://www.sec.gov/Archives/edgar/data/887936/000088793618000072/0000887936-18-000072-index.htm",
        "finalLink": "https://www.sec.gov/Archives/edgar/data/887936/000088793618000072/fti93018-10q.htm"
    },
    {
        "date": "2018-06-30",
        "symbol": "FCN",
        "reportedCurrency": "USD",
        "cik": "0000887936",
        "fillingDate": "2018-07-26",
        "acceptedDate": "2018-07-26 07:31:09",
        "calendarYear": "2018",
        "period": "Q2",
        "revenue": 512098000,
        "costOfRevenue": 330318000,
        "grossProfit": 181780000,
        "grossProfitRatio": 0.3549711188,
        "researchAndDevelopmentExpenses": 0,
        "generalAndAdministrativeExpenses": 117897000,
        "sellingAndMarketingExpenses": 0,
        "sellingGeneralAndAdministrativeExpenses": 117897000,
        "otherExpenses": 2052000,
        "operatingExpenses": 119949000,
        "costAndExpenses": 450267000,
        "interestIncome": 0,
        "interestExpense": 6583000,
        "depreciationAndAmortization": 10540000,
        "ebitda": 74845000,
        "ebitdaratio": 0.1461536659,
        "operatingIncome": 61831000,
        "operatingIncomeRatio": 0.1207405614,
        "totalOtherIncomeExpensesNet": -4109000,
        "incomeBeforeTax": 57722000,
        "incomeBeforeTaxRatio": 0.1127167066,
        "incomeTaxExpense": 14113000,
        "netIncome": 43609000,
        "netIncomeRatio": 0.0851575284,
        "eps": 1.18,
        "epsdiluted": 1.14,
        "weightedAverageShsOut": 37001000,
        "weightedAverageShsOutDil": 38271000,
        "link": "https://www.sec.gov/Archives/edgar/data/887936/000088793618000065/0000887936-18-000065-index.htm",
        "finalLink": "https://www.sec.gov/Archives/edgar/data/887936/000088793618000065/fti63018-10q.htm"
    },
    {
        "date": "2018-03-31",
        "symbol": "FCN",
        "reportedCurrency": "USD",
        "cik": "0000887936",
        "fillingDate": "2018-04-26",
        "acceptedDate": "2018-04-26 07:30:30",
        "calendarYear": "2018",
        "period": "Q1",
        "revenue": 497774000,
        "costOfRevenue": 321117000,
        "grossProfit": 176657000,
        "grossProfitRatio": 0.354893988,
        "researchAndDevelopmentExpenses": 0,
        "generalAndAdministrativeExpenses": 112128000,
        "sellingAndMarketingExpenses": 0,
        "sellingGeneralAndAdministrativeExpenses": 112128000,
        "otherExpenses": 2270000,
        "operatingExpenses": 114398000,
        "costAndExpenses": 435515000,
        "interestIncome": 0,
        "interestExpense": 6244000,
        "depreciationAndAmortization": 10035000,
        "ebitda": 72294000,
        "ebitdaratio": 0.1452345844,
        "operatingIncome": 62259000,
        "operatingIncomeRatio": 0.1250748332,
        "totalOtherIncomeExpensesNet": -8044000,
        "incomeBeforeTax": 54215000,
        "incomeBeforeTaxRatio": 0.1089148891,
        "incomeTaxExpense": 15270000,
        "netIncome": 38945000,
        "netIncomeRatio": 0.078238317,
        "eps": 1.06,
        "epsdiluted": 1.04,
        "weightedAverageShsOut": 36700000,
        "weightedAverageShsOutDil": 37612000,
        "link": "https://www.sec.gov/Archives/edgar/data/887936/000088793618000037/0000887936-18-000037-index.htm",
        "finalLink": "https://www.sec.gov/Archives/edgar/data/887936/000088793618000037/fti33118-10q.htm"
    },
    {
        "date": "2017-12-31",
        "symbol": "FCN",
        "reportedCurrency": "USD",
        "cik": "0000887936",
        "fillingDate": "2018-02-22",
        "acceptedDate": "2018-02-22 07:56:33",
        "calendarYear": "2017",
        "period": "Q4",
        "revenue": 467711000,
        "costOfRevenue": 307566000,
        "grossProfit": 160145000,
        "grossProfitRatio": 0.3424016113,
        "researchAndDevelopmentExpenses": 0,
        "generalAndAdministrativeExpenses": 111176000,
        "sellingAndMarketingExpenses": 0,
        "sellingGeneralAndAdministrativeExpenses": 111176000,
        "otherExpenses": 14444000,
        "operatingExpenses": 125620000,
        "costAndExpenses": 433186000,
        "interestIncome": 0,
        "interestExpense": 6547000,
        "depreciationAndAmortization": 10175000,
        "ebitda": 45152000,
        "ebitdaratio": 0.0965382469,
        "operatingIncome": 34525000,
        "operatingIncomeRatio": 0.0738169511,
        "totalOtherIncomeExpensesNet": -6095000,
        "incomeBeforeTax": 28430000,
        "incomeBeforeTaxRatio": 0.0607853995,
        "incomeTaxExpense": -38458000,
        "netIncome": 66888000,
        "netIncomeRatio": 0.1430113895,
        "eps": 1.81,
        "epsdiluted": 1.78,
        "weightedAverageShsOut": 36906000,
        "weightedAverageShsOutDil": 37643000,
        "link": "https://www.sec.gov/Archives/edgar/data/887936/000088793618000005/0000887936-18-000005-index.htm",
        "finalLink": "https://www.sec.gov/Archives/edgar/data/887936/000088793618000005/fti-123117x10k.htm"
    },
    {
        "date": "2017-09-30",
        "symbol": "FCN",
        "reportedCurrency": "USD",
        "cik": "0000887936",
        "fillingDate": "2017-10-26",
        "acceptedDate": "2017-10-26 07:31:26",
        "calendarYear": "2017",
        "period": "Q3",
        "revenue": 448962000,
        "costOfRevenue": 294851000,
        "grossProfit": 154111000,
        "grossProfitRatio": 0.3432606769,
        "researchAndDevelopmentExpenses": 0,
        "generalAndAdministrativeExpenses": 104161000,
        "sellingAndMarketingExpenses": 0,
        "sellingGeneralAndAdministrativeExpenses": 104161000,
        "otherExpenses": 2882000,
        "operatingExpenses": 107043000,
        "costAndExpenses": 401894000,
        "interestIncome": 0,
        "interestExpense": 6760000,
        "depreciationAndAmortization": 10352000,
        "ebitda": 58523000,
        "ebitdaratio": 0.1303517892,
        "operatingIncome": 47068000,
        "operatingIncomeRatio": 0.1048373804,
        "totalOtherIncomeExpensesNet": -5657000,
        "incomeBeforeTax": 41411000,
        "incomeBeforeTaxRatio": 0.0922372049,
        "incomeTaxExpense": 9197000,
        "netIncome": 32214000,
        "netIncomeRatio": 0.071752175,
        "eps": 0.86,
        "epsdiluted": 0.85,
        "weightedAverageShsOut": 37431000,
        "weightedAverageShsOutDil": 37746000,
        "link": "https://www.sec.gov/Archives/edgar/data/887936/000156459017020100/0001564590-17-020100-index.htm",
        "finalLink": "https://www.sec.gov/Archives/edgar/data/887936/000156459017020100/fcn-10q_20170930.htm"
    },
    {
        "date": "2017-06-30",
        "symbol": "FCN",
        "reportedCurrency": "USD",
        "cik": "0000887936",
        "fillingDate": "2017-07-27",
        "acceptedDate": "2017-07-27 07:32:21",
        "calendarYear": "2017",
        "period": "Q2",
        "revenue": 444715000,
        "costOfRevenue": 304071000,
        "grossProfit": 140644000,
        "grossProfitRatio": 0.3162564789,
        "researchAndDevelopmentExpenses": 0,
        "generalAndAdministrativeExpenses": 108119000,
        "sellingAndMarketingExpenses": 0,
        "sellingGeneralAndAdministrativeExpenses": 108119000,
        "otherExpenses": 32496000,
        "operatingExpenses": 140615000,
        "costAndExpenses": 444686000,
        "interestIncome": 0,
        "interestExpense": 6250000,
        "depreciationAndAmortization": 10149000,
        "ebitda": 11770000,
        "ebitdaratio": 0.0264663886,
        "operatingIncome": 29000,
        "operatingIncomeRatio": 6.52103e-05,
        "totalOtherIncomeExpensesNet": -4658000,
        "incomeBeforeTax": -4629000,
        "incomeBeforeTaxRatio": -0.0104089136,
        "incomeTaxExpense": 527000,
        "netIncome": -5156000,
        "netIncomeRatio": -0.0115939422,
        "eps": -0.13,
        "epsdiluted": -0.13,
        "weightedAverageShsOut": 39555000,
        "weightedAverageShsOutDil": 39555000,
        "link": "https://www.sec.gov/Archives/edgar/data/887936/000156459017014177/0001564590-17-014177-index.htm",
        "finalLink": "https://www.sec.gov/Archives/edgar/data/887936/000156459017014177/fcn-10q_20170630.htm"
    },
    {
        "date": "2017-03-31",
        "symbol": "FCN",
        "reportedCurrency": "USD",
        "cik": "0000887936",
        "fillingDate": "2017-04-27",
        "acceptedDate": "2017-04-27 07:31:29",
        "calendarYear": "2017",
        "period": "Q1",
        "revenue": 446344000,
        "costOfRevenue": 309072000,
        "grossProfit": 137272000,
        "grossProfitRatio": 0.3075475418,
        "researchAndDevelopmentExpenses": 0,
        "generalAndAdministrativeExpenses": 107690000,
        "sellingAndMarketingExpenses": 0,
        "sellingGeneralAndAdministrativeExpenses": 107690000,
        "otherExpenses": 2493000,
        "operatingExpenses": 110183000,
        "costAndExpenses": 419255000,
        "interestIncome": 0,
        "interestExpense": 5801000,
        "depreciationAndAmortization": 11064000,
        "ebitda": 38758000,
        "ebitdaratio": 0.0868343699,
        "operatingIncome": 27089000,
        "operatingIncomeRatio": 0.0606908573,
        "totalOtherIncomeExpensesNet": -5196000,
        "incomeBeforeTax": 21893000,
        "incomeBeforeTaxRatio": 0.049049612,
        "incomeTaxExpense": 7877000,
        "netIncome": 14016000,
        "netIncomeRatio": 0.0314017888,
        "eps": 0.35,
        "epsdiluted": 0.34,
        "weightedAverageShsOut": 40527000,
        "weightedAverageShsOutDil": 41245000,
        "link": "https://www.sec.gov/Archives/edgar/data/887936/000156459017007428/0001564590-17-007428-index.htm",
        "finalLink": "https://www.sec.gov/Archives/edgar/data/887936/000156459017007428/fcn-10q_20170331.htm"
    },
    {
        "date": "2016-12-31",
        "symbol": "FCN",
        "reportedCurrency": "USD",
        "cik": "0000887936",
        "fillingDate": "2017-02-28",
        "acceptedDate": "2017-02-28 07:32:02",
        "calendarYear": "2016",
        "period": "Q4",
        "revenue": 441920000,
        "costOfRevenue": 308239000,
        "grossProfit": 133681000,
        "grossProfitRatio": 0.3025004526,
        "researchAndDevelopmentExpenses": 0,
        "generalAndAdministrativeExpenses": 116478000,
        "sellingAndMarketingExpenses": 0,
        "sellingGeneralAndAdministrativeExpenses": 116478000,
        "otherExpenses": 6522000,
        "operatingExpenses": 123000000,
        "costAndExpenses": 431239000,
        "interestIncome": 571000,
        "interestExpense": 5983000,
        "depreciationAndAmortization": 15606000,
        "ebitda": 26858000,
        "ebitdaratio": 0.060775706,
        "operatingIncome": 10681000,
        "operatingIncomeRatio": 0.0241695329,
        "totalOtherIncomeExpensesNet": -5412000,
        "incomeBeforeTax": 5269000,
        "incomeBeforeTaxRatio": 0.0119229725,
        "incomeTaxExpense": -1832000,
        "netIncome": 7101000,
        "netIncomeRatio": 0.0160685192,
        "eps": 0.17,
        "epsdiluted": 0.17,
        "weightedAverageShsOut": 41201000,
        "weightedAverageShsOutDil": 42018000,
        "link": "https://www.sec.gov/Archives/edgar/data/887936/000156459017002713/0001564590-17-002713-index.htm",
        "finalLink": "https://www.sec.gov/Archives/edgar/data/887936/000156459017002713/fcn-10k_20161231.htm"
    },
    {
        "date": "2016-09-30",
        "symbol": "FCN",
        "reportedCurrency": "USD",
        "cik": "0000887936",
        "fillingDate": "2016-10-27",
        "acceptedDate": "2016-10-27 07:31:29",
        "calendarYear": "2016",
        "period": "Q3",
        "revenue": 438042000,
        "costOfRevenue": 293702000,
        "grossProfit": 144340000,
        "grossProfitRatio": 0.329511782,
        "researchAndDevelopmentExpenses": 0,
        "generalAndAdministrativeExpenses": 106220000,
        "sellingAndMarketingExpenses": 0,
        "sellingGeneralAndAdministrativeExpenses": 106220000,
        "otherExpenses": 3046000,
        "operatingExpenses": 109266000,
        "costAndExpenses": 402968000,
        "interestIncome": 3213000,
        "interestExpense": 6304000,
        "depreciationAndAmortization": 12155000,
        "ebitda": 50442000,
        "ebitdaratio": 0.1151533415,
        "operatingIncome": 35074000,
        "operatingIncomeRatio": 0.0800699476,
        "totalOtherIncomeExpensesNet": -3091000,
        "incomeBeforeTax": 31983000,
        "incomeBeforeTaxRatio": 0.0730135466,
        "incomeTaxExpense": 10292000,
        "netIncome": 21691000,
        "netIncomeRatio": 0.0495180827,
        "eps": 0.53,
        "epsdiluted": 0.52,
        "weightedAverageShsOut": 41239000,
        "weightedAverageShsOutDil": 42065000,
        "link": "https://www.sec.gov/Archives/edgar/data/887936/000156459016026297/0001564590-16-026297-index.htm",
        "finalLink": "https://www.sec.gov/Archives/edgar/data/887936/000156459016026297/fcn-10q_20160930.htm"
    },
    {
        "date": "2016-06-30",
        "symbol": "FCN",
        "reportedCurrency": "USD",
        "cik": "0000887936",
        "fillingDate": "2016-07-28",
        "acceptedDate": "2016-07-28 08:04:58",
        "calendarYear": "2016",
        "period": "Q2",
        "revenue": 460147000,
        "costOfRevenue": 303194000,
        "grossProfit": 156953000,
        "grossProfitRatio": 0.3410931724,
        "researchAndDevelopmentExpenses": 0,
        "generalAndAdministrativeExpenses": 108245000,
        "sellingAndMarketingExpenses": 0,
        "sellingGeneralAndAdministrativeExpenses": 108245000,
        "otherExpenses": 4546000,
        "operatingExpenses": 112791000,
        "costAndExpenses": 415985000,
        "interestIncome": 4125000,
        "interestExpense": 6303000,
        "depreciationAndAmortization": 10668000,
        "ebitda": 58955000,
        "ebitdaratio": 0.1281221001,
        "operatingIncome": 44162000,
        "operatingIncomeRatio": 0.095973678,
        "totalOtherIncomeExpensesNet": -2178000,
        "incomeBeforeTax": 41984000,
        "incomeBeforeTaxRatio": 0.091240408,
        "incomeTaxExpense": 15437000,
        "netIncome": 26547000,
        "netIncomeRatio": 0.0576924331,
        "eps": 0.65,
        "epsdiluted": 0.64,
        "weightedAverageShsOut": 40820000,
        "weightedAverageShsOutDil": 41599000,
        "link": "https://www.sec.gov/Archives/edgar/data/887936/000156459016021614/0001564590-16-021614-index.htm",
        "finalLink": "https://www.sec.gov/Archives/edgar/data/887936/000156459016021614/fcn-10q_20160630.htm"
    },
    {
        "date": "2016-03-31",
        "symbol": "FCN",
        "reportedCurrency": "USD",
        "cik": "0000887936",
        "fillingDate": "2016-04-28",
        "acceptedDate": "2016-04-28 07:32:00",
        "calendarYear": "2016",
        "period": "Q1",
        "revenue": 470285000,
        "costOfRevenue": 305636000,
        "grossProfit": 164649000,
        "grossProfitRatio": 0.3501047237,
        "researchAndDevelopmentExpenses": 0,
        "generalAndAdministrativeExpenses": 103609000,
        "sellingAndMarketingExpenses": 0,
        "sellingGeneralAndAdministrativeExpenses": 103609000,
        "otherExpenses": 8801000,
        "operatingExpenses": 112410000,
        "costAndExpenses": 418046000,
        "interestIncome": 2557000,
        "interestExpense": 6229000,
        "depreciationAndAmortization": 10577000,
        "ebitda": 65373000,
        "ebitdaratio": 0.1390071978,
        "operatingIncome": 52239000,
        "operatingIncomeRatio": 0.1110794518,
        "totalOtherIncomeExpensesNet": -3672000,
        "incomeBeforeTax": 48567000,
        "incomeBeforeTaxRatio": 0.1032714205,
        "incomeTaxExpense": 18386000,
        "netIncome": 30181000,
        "netIncomeRatio": 0.0641759784,
        "eps": 0.75,
        "epsdiluted": 0.73,
        "weightedAverageShsOut": 40506000,
        "weightedAverageShsOutDil": 41148000,
        "link": "https://www.sec.gov/Archives/edgar/data/887936/000156459016016865/0001564590-16-016865-index.htm",
        "finalLink": "https://www.sec.gov/Archives/edgar/data/887936/000156459016016865/fcn-10q_20160331.htm"
    },
    {
        "date": "2015-12-31",
        "symbol": "FCN",
        "reportedCurrency": "USD",
        "cik": "0000887936",
        "fillingDate": "2016-02-25",
        "acceptedDate": "2016-02-25 07:54:41",
        "calendarYear": "2015",
        "period": "Q4",
        "revenue": 442204000,
        "costOfRevenue": 299336000,
        "grossProfit": 142868000,
        "grossProfitRatio": 0.3230816546,
        "researchAndDevelopmentExpenses": 0,
        "generalAndAdministrativeExpenses": 116351000,
        "sellingAndMarketingExpenses": 0,
        "sellingGeneralAndAdministrativeExpenses": 116351000,
        "otherExpenses": 2752000,
        "operatingExpenses": 119103000,
        "costAndExpenses": 418439000,
        "interestIncome": 392000,
        "interestExpense": 6231000,
        "depreciationAndAmortization": 11630000,
        "ebitda": 35787000,
        "ebitdaratio": 0.0809287116,
        "operatingIncome": 23765000,
        "operatingIncomeRatio": 0.0537421642,
        "totalOtherIncomeExpensesNet": -5839000,
        "incomeBeforeTax": 17926000,
        "incomeBeforeTaxRatio": 0.0405378513,
        "incomeTaxExpense": 7577000,
        "netIncome": 10349000,
        "netIncomeRatio": 0.0234032257,
        "eps": 0.25,
        "epsdiluted": 0.25,
        "weightedAverageShsOut": 41078000,
        "weightedAverageShsOutDil": 41879000,
        "link": "https://www.sec.gov/Archives/edgar/data/887936/000156459016013288/0001564590-16-013288-index.htm",
        "finalLink": "https://www.sec.gov/Archives/edgar/data/887936/000156459016013288/fcn-10k_20151231.htm"
    },
    {
        "date": "2015-09-30",
        "symbol": "FCN",
        "reportedCurrency": "USD",
        "cik": "0000887936",
        "fillingDate": "2015-10-29",
        "acceptedDate": "2015-10-29 07:31:19",
        "calendarYear": "2015",
        "period": "Q3",
        "revenue": 455470000,
        "costOfRevenue": 301609000,
        "grossProfit": 153861000,
        "grossProfitRatio": 0.3378071004,
        "researchAndDevelopmentExpenses": 0,
        "generalAndAdministrativeExpenses": 105058000,
        "sellingAndMarketingExpenses": 0,
        "sellingGeneralAndAdministrativeExpenses": 105058000,
        "otherExpenses": 3059000,
        "operatingExpenses": 108117000,
        "costAndExpenses": 409726000,
        "interestIncome": 2027000,
        "interestExpense": 11696000,
        "depreciationAndAmortization": 10358000,
        "ebitda": 38540000,
        "ebitdaratio": 0.0846158913,
        "operatingIncome": 45744000,
        "operatingIncomeRatio": 0.1004325203,
        "totalOtherIncomeExpensesNet": -29258000,
        "incomeBeforeTax": 16486000,
        "incomeBeforeTaxRatio": 0.0361955782,
        "incomeTaxExpense": 6177000,
        "netIncome": 10309000,
        "netIncomeRatio": 0.0226337629,
        "eps": 0.25,
        "epsdiluted": 0.25,
        "weightedAverageShsOut": 41094000,
        "weightedAverageShsOutDil": 41982000,
        "link": "https://www.sec.gov/Archives/edgar/data/887936/000119312515357060/0001193125-15-357060-index.htm",
        "finalLink": "https://www.sec.gov/Archives/edgar/data/887936/000119312515357060/d75937d10q.htm"
    },
    {
        "date": "2015-06-30",
        "symbol": "FCN",
        "reportedCurrency": "USD",
        "cik": "0000887936",
        "fillingDate": "2015-07-30",
        "acceptedDate": "2015-07-30 07:31:25",
        "calendarYear": "2015",
        "period": "Q2",
        "revenue": 449137000,
        "costOfRevenue": 291469000,
        "grossProfit": 157668000,
        "grossProfitRatio": 0.3510465626,
        "researchAndDevelopmentExpenses": 0,
        "generalAndAdministrativeExpenses": 109045000,
        "sellingAndMarketingExpenses": 0,
        "sellingGeneralAndAdministrativeExpenses": 109045000,
        "otherExpenses": 1469000,
        "operatingExpenses": 110514000,
        "costAndExpenses": 401983000,
        "interestIncome": 950000,
        "interestExpense": 12473000,
        "depreciationAndAmortization": 10310000,
        "ebitda": 58414000,
        "ebitdaratio": 0.1300583118,
        "operatingIncome": 47154000,
        "operatingIncomeRatio": 0.1049880103,
        "totalOtherIncomeExpensesNet": -11523000,
        "incomeBeforeTax": 35631000,
        "incomeBeforeTaxRatio": 0.0793321414,
        "incomeTaxExpense": 13922000,
        "netIncome": 21709000,
        "netIncomeRatio": 0.0483349179,
        "eps": 0.53,
        "epsdiluted": 0.52,
        "weightedAverageShsOut": 40792000,
        "weightedAverageShsOutDil": 41696000,
        "link": "https://www.sec.gov/Archives/edgar/data/887936/000119312515269318/0001193125-15-269318-index.htm",
        "finalLink": "https://www.sec.gov/Archives/edgar/data/887936/000119312515269318/d936962d10q.htm"
    },
    {
        "date": "2015-03-31",
        "symbol": "FCN",
        "reportedCurrency": "USD",
        "cik": "0000887936",
        "fillingDate": "2015-04-30",
        "acceptedDate": "2015-04-30 07:31:02",
        "calendarYear": "2015",
        "period": "Q1",
        "revenue": 432338000,
        "costOfRevenue": 279030000,
        "grossProfit": 153308000,
        "grossProfitRatio": 0.3546021863,
        "researchAndDevelopmentExpenses": 0,
        "generalAndAdministrativeExpenses": 102214000,
        "sellingAndMarketingExpenses": 0,
        "sellingGeneralAndAdministrativeExpenses": 102214000,
        "otherExpenses": 3246000,
        "operatingExpenses": 105460000,
        "costAndExpenses": 384490000,
        "interestIncome": 0,
        "interestExpense": 12505000,
        "depreciationAndAmortization": 10820000,
        "ebitda": 58668000,
        "ebitdaratio": 0.1356993834,
        "operatingIncome": 47848000,
        "operatingIncomeRatio": 0.1106726681,
        "totalOtherIncomeExpensesNet": -12505000,
        "incomeBeforeTax": 35343000,
        "incomeBeforeTaxRatio": 0.0817485393,
        "incomeTaxExpense": 11657000,
        "netIncome": 23686000,
        "netIncomeRatio": 0.0547858389,
        "eps": 0.59,
        "epsdiluted": 0.57,
        "weightedAverageShsOut": 40384000,
        "weightedAverageShsOutDil": 41324000,
        "link": "https://www.sec.gov/Archives/edgar/data/887936/000119312515158865/0001193125-15-158865-index.htm",
        "finalLink": "https://www.sec.gov/Archives/edgar/data/887936/000119312515158865/d902212d10q.htm"
    },
    {
        "date": "2014-12-31",
        "symbol": "FCN",
        "reportedCurrency": "USD",
        "cik": "0000887936",
        "fillingDate": "2015-02-24",
        "acceptedDate": "2015-02-23 21:10:35",
        "calendarYear": "2014",
        "period": "Q4",
        "revenue": 425158000,
        "costOfRevenue": 281689000,
        "grossProfit": 143469000,
        "grossProfitRatio": 0.3374486661,
        "researchAndDevelopmentExpenses": 0,
        "generalAndAdministrativeExpenses": 115965000,
        "sellingAndMarketingExpenses": 0,
        "sellingGeneralAndAdministrativeExpenses": 115965000,
        "otherExpenses": 5598000,
        "operatingExpenses": 121563000,
        "costAndExpenses": 403252000,
        "interestIncome": 1205000,
        "interestExpense": 12488000,
        "depreciationAndAmortization": 12863000,
        "ebitda": 35974000,
        "ebitdaratio": 0.0846132497,
        "operatingIncome": 21906000,
        "operatingIncomeRatio": 0.0515243745,
        "totalOtherIncomeExpensesNet": -11283000,
        "incomeBeforeTax": 10623000,
        "incomeBeforeTaxRatio": 0.0249860052,
        "incomeTaxExpense": 9702000,
        "netIncome": 921000,
        "netIncomeRatio": 0.0021662535,
        "eps": 0.02,
        "epsdiluted": 0.02,
        "weightedAverageShsOut": 39991000,
        "weightedAverageShsOutDil": 41090000,
        "link": "https://www.sec.gov/Archives/edgar/data/887936/000119312515058655/0001193125-15-058655-index.htm",
        "finalLink": "https://www.sec.gov/Archives/edgar/data/887936/000119312515058655/d835042d10k.htm"
    },
    {
        "date": "2014-09-30",
        "symbol": "FCN",
        "reportedCurrency": "USD",
        "cik": "0000887936",
        "fillingDate": "2014-10-30",
        "acceptedDate": "2014-10-30 07:31:22",
        "calendarYear": "2014",
        "period": "Q3",
        "revenue": 451178000,
        "costOfRevenue": 293244000,
        "grossProfit": 157934000,
        "grossProfitRatio": 0.3500480963,
        "researchAndDevelopmentExpenses": 0,
        "generalAndAdministrativeExpenses": 102461000,
        "sellingAndMarketingExpenses": 0,
        "sellingGeneralAndAdministrativeExpenses": 102461000,
        "otherExpenses": 9002000,
        "operatingExpenses": 111463000,
        "costAndExpenses": 404707000,
        "interestIncome": 1014000,
        "interestExpense": 12634000,
        "depreciationAndAmortization": 11578000,
        "ebitda": 59063000,
        "ebitdaratio": 0.130908422,
        "operatingIncome": 46471000,
        "operatingIncomeRatio": 0.1029992597,
        "totalOtherIncomeExpensesNet": -11620000,
        "incomeBeforeTax": 34851000,
        "incomeBeforeTaxRatio": 0.0772444578,
        "incomeTaxExpense": 12329000,
        "netIncome": 22522000,
        "netIncomeRatio": 0.0499182141,
        "eps": 0.57,
        "epsdiluted": 0.55,
        "weightedAverageShsOut": 39789000,
        "weightedAverageShsOutDil": 40819000,
        "link": "https://www.sec.gov/Archives/edgar/data/887936/000119312514388321/0001193125-14-388321-index.htm",
        "finalLink": "https://www.sec.gov/Archives/edgar/data/887936/000119312514388321/d784590d10q.htm"
    },
    {
        "date": "2014-06-30",
        "symbol": "FCN",
        "reportedCurrency": "USD",
        "cik": "0000887936",
        "fillingDate": "2014-08-01",
        "acceptedDate": "2014-07-31 17:52:05",
        "calendarYear": "2014",
        "period": "Q2",
        "revenue": 454324000,
        "costOfRevenue": 295549000,
        "grossProfit": 158775000,
        "grossProfitRatio": 0.3494752643,
        "researchAndDevelopmentExpenses": 0,
        "generalAndAdministrativeExpenses": 107032000,
        "sellingAndMarketingExpenses": 0,
        "sellingGeneralAndAdministrativeExpenses": 107032000,
        "otherExpenses": 12811000,
        "operatingExpenses": 119843000,
        "costAndExpenses": 415392000,
        "interestIncome": 1448000,
        "interestExpense": 12908000,
        "depreciationAndAmortization": 13005000,
        "ebitda": 53385000,
        "ebitdaratio": 0.1175042481,
        "operatingIncome": 38932000,
        "operatingIncomeRatio": 0.0856921492,
        "totalOtherIncomeExpensesNet": -11460000,
        "incomeBeforeTax": 27472000,
        "incomeBeforeTaxRatio": 0.0604678599,
        "incomeTaxExpense": 10225000,
        "netIncome": 17247000,
        "netIncomeRatio": 0.037961895,
        "eps": 0.43,
        "epsdiluted": 0.42,
        "weightedAverageShsOut": 39681000,
        "weightedAverageShsOutDil": 40750000,
        "link": "https://www.sec.gov/Archives/edgar/data/887936/000119312514290041/0001193125-14-290041-index.htm",
        "finalLink": "https://www.sec.gov/Archives/edgar/data/887936/000119312514290041/d725158d10q.htm"
    },
    {
        "date": "2014-03-31",
        "symbol": "FCN",
        "reportedCurrency": "USD",
        "cik": "0000887936",
        "fillingDate": "2014-05-02",
        "acceptedDate": "2014-05-02 13:49:00",
        "calendarYear": "2014",
        "period": "Q1",
        "revenue": 425552000,
        "costOfRevenue": 274275000,
        "grossProfit": 151277000,
        "grossProfitRatio": 0.3554841711,
        "researchAndDevelopmentExpenses": 0,
        "generalAndAdministrativeExpenses": 108387000,
        "sellingAndMarketingExpenses": 0,
        "sellingGeneralAndAdministrativeExpenses": 108387000,
        "otherExpenses": 2773000,
        "operatingExpenses": 111160000,
        "costAndExpenses": 385435000,
        "interestIncome": 1003000,
        "interestExpense": 12655000,
        "depreciationAndAmortization": 13201000,
        "ebitda": 54321000,
        "ebitdaratio": 0.127648325,
        "operatingIncome": 40117000,
        "operatingIncomeRatio": 0.0942705004,
        "totalOtherIncomeExpensesNet": -11652000,
        "incomeBeforeTax": 28465000,
        "incomeBeforeTaxRatio": 0.0668895928,
        "incomeTaxExpense": 10348000,
        "netIncome": 18117000,
        "netIncomeRatio": 0.0425729406,
        "eps": 0.46,
        "epsdiluted": 0.45,
        "weightedAverageShsOut": 39438000,
        "weightedAverageShsOutDil": 40457000,
        "link": "https://www.sec.gov/Archives/edgar/data/887936/000119312514179689/0001193125-14-179689-index.htm",
        "finalLink": "https://www.sec.gov/Archives/edgar/data/887936/000119312514179689/d690849d10q.htm"
    },
    {
        "date": "2013-12-31",
        "symbol": "FCN",
        "reportedCurrency": "USD",
        "cik": "0000887936",
        "fillingDate": "2014-02-24",
        "acceptedDate": "2014-02-24 06:36:19",
        "calendarYear": "2013",
        "period": "Q4",
        "revenue": 415998000,
        "costOfRevenue": 268901000,
        "grossProfit": 147097000,
        "grossProfitRatio": 0.3536002577,
        "researchAndDevelopmentExpenses": 0,
        "generalAndAdministrativeExpenses": 107196000,
        "sellingAndMarketingExpenses": 0,
        "sellingGeneralAndAdministrativeExpenses": 107196000,
        "otherExpenses": 28451000,
        "operatingExpenses": 135647000,
        "costAndExpenses": 404548000,
        "interestIncome": 46000,
        "interestExpense": 12776000,
        "depreciationAndAmortization": 14081000,
        "ebitda": 25577000,
        "ebitdaratio": 0.0614834687,
        "operatingIncome": 11450000,
        "operatingIncomeRatio": 0.0275241708,
        "totalOtherIncomeExpensesNet": -12730000,
        "incomeBeforeTax": -1280000,
        "incomeBeforeTaxRatio": -0.0030769379,
        "incomeTaxExpense": 5859000,
        "netIncome": -7139000,
        "netIncomeRatio": -0.0171611402,
        "eps": -0.18,
        "epsdiluted": -0.18,
        "weightedAverageShsOut": 39115000,
        "weightedAverageShsOutDil": 39115000,
        "link": "https://www.sec.gov/Archives/edgar/data/887936/000119312514063706/0001193125-14-063706-index.htm",
        "finalLink": "https://www.sec.gov/Archives/edgar/data/887936/000119312514063706/d643883d10k.htm"
    },
    {
        "date": "2013-09-30",
        "symbol": "FCN",
        "reportedCurrency": "USD",
        "cik": "0000887936",
        "fillingDate": "2013-11-08",
        "acceptedDate": "2013-11-08 15:58:03",
        "calendarYear": "2013",
        "period": "Q3",
        "revenue": 414643000,
        "costOfRevenue": 255152000,
        "grossProfit": 159491000,
        "grossProfitRatio": 0.3846465514,
        "researchAndDevelopmentExpenses": 0,
        "generalAndAdministrativeExpenses": 94513000,
        "sellingAndMarketingExpenses": 0,
        "sellingGeneralAndAdministrativeExpenses": 94513000,
        "otherExpenses": 100577000,
        "operatingExpenses": 195090000,
        "costAndExpenses": 450242000,
        "interestIncome": 1152000,
        "interestExpense": 12814000,
        "depreciationAndAmortization": 13972000,
        "ebitda": -20475000,
        "ebitdaratio": -0.0493798279,
        "operatingIncome": -35599000,
        "operatingIncomeRatio": -0.0858545785,
        "totalOtherIncomeExpensesNet": -11662000,
        "incomeBeforeTax": -47261000,
        "incomeBeforeTaxRatio": -0.113979978,
        "incomeTaxExpense": 3360000,
        "netIncome": -50621000,
        "netIncomeRatio": -0.1220833343,
        "eps": -1.29,
        "epsdiluted": -1.29,
        "weightedAverageShsOut": 39094000,
        "weightedAverageShsOutDil": 39094000,
        "link": "https://www.sec.gov/Archives/edgar/data/887936/000119312513435159/0001193125-13-435159-index.htm",
        "finalLink": "https://www.sec.gov/Archives/edgar/data/887936/000119312513435159/d590078d10q.htm"
    },
    {
        "date": "2013-06-30",
        "symbol": "FCN",
        "reportedCurrency": "USD",
        "cik": "0000887936",
        "fillingDate": "2013-08-08",
        "acceptedDate": "2013-08-08 15:42:06",
        "calendarYear": "2013",
        "period": "Q2",
        "revenue": 414613000,
        "costOfRevenue": 259528000,
        "grossProfit": 155085000,
        "grossProfitRatio": 0.3740476058,
        "researchAndDevelopmentExpenses": 0,
        "generalAndAdministrativeExpenses": 96325000,
        "sellingAndMarketingExpenses": 0,
        "sellingGeneralAndAdministrativeExpenses": 96325000,
        "otherExpenses": -1499000,
        "operatingExpenses": 94826000,
        "costAndExpenses": 354354000,
        "interestIncome": 0,
        "interestExpense": 13458000,
        "depreciationAndAmortization": 13969000,
        "ebitda": 74228000,
        "ebitdaratio": 0.1790296011,
        "operatingIncome": 60259000,
        "operatingIncomeRatio": 0.1453379416,
        "totalOtherIncomeExpensesNet": -13458000,
        "incomeBeforeTax": 46801000,
        "incomeBeforeTaxRatio": 0.1128787568,
        "incomeTaxExpense": 23315000,
        "netIncome": 23486000,
        "netIncomeRatio": 0.0566455948,
        "eps": 0.6,
        "epsdiluted": 0.58,
        "weightedAverageShsOut": 39143000,
        "weightedAverageShsOutDil": 40293000,
        "link": "https://www.sec.gov/Archives/edgar/data/887936/000119312513326702/0001193125-13-326702-index.htm",
        "finalLink": "https://www.sec.gov/Archives/edgar/data/887936/000119312513326702/d543218d10q.htm"
    },
    {
        "date": "2013-03-31",
        "symbol": "FCN",
        "reportedCurrency": "USD",
        "cik": "0000887936",
        "fillingDate": "2013-05-09",
        "acceptedDate": "2013-05-09 16:16:03",
        "calendarYear": "2013",
        "period": "Q1",
        "revenue": 407178000,
        "costOfRevenue": 258480000,
        "grossProfit": 148698000,
        "grossProfitRatio": 0.3651916361,
        "researchAndDevelopmentExpenses": 0,
        "generalAndAdministrativeExpenses": 96647000,
        "sellingAndMarketingExpenses": 0,
        "sellingGeneralAndAdministrativeExpenses": 96647000,
        "otherExpenses": 6722000,
        "operatingExpenses": 103369000,
        "costAndExpenses": 361849000,
        "interestIncome": 937000,
        "interestExpense": 12715000,
        "depreciationAndAmortization": 13570000,
        "ebitda": 59836000,
        "ebitdaratio": 0.1469529297,
        "operatingIncome": 45329000,
        "operatingIncomeRatio": 0.1113247769,
        "totalOtherIncomeExpensesNet": -11778000,
        "incomeBeforeTax": 33551000,
        "incomeBeforeTaxRatio": 0.0823988526,
        "incomeTaxExpense": 9871000,
        "netIncome": 23680000,
        "netIncomeRatio": 0.0581563837,
        "eps": 0.6,
        "epsdiluted": 0.58,
        "weightedAverageShsOut": 39403000,
        "weightedAverageShsOutDil": 40620000,
        "link": "https://www.sec.gov/Archives/edgar/data/887936/000119312513211044/0001193125-13-211044-index.htm",
        "finalLink": "https://www.sec.gov/Archives/edgar/data/887936/000119312513211044/d500037d10q.htm"
    },
    {
        "date": "2012-12-31",
        "symbol": "FCN",
        "reportedCurrency": "USD",
        "cik": "0000887936",
        "fillingDate": "2013-02-28",
        "acceptedDate": "2013-02-28 17:25:10",
        "calendarYear": "2012",
        "period": "Q4",
        "revenue": 399345000,
        "costOfRevenue": 245080000,
        "grossProfit": 154265000,
        "grossProfitRatio": 0.3862950582,
        "researchAndDevelopmentExpenses": 0,
        "generalAndAdministrativeExpenses": 0,
        "sellingAndMarketingExpenses": 0,
        "sellingGeneralAndAdministrativeExpenses": 94058000,
        "otherExpenses": 115538000,
        "operatingExpenses": 209596000,
        "costAndExpenses": 454676000,
        "interestIncome": 1156000,
        "interestExpense": 13124000,
        "depreciationAndAmortization": 13082000,
        "ebitda": -45943000,
        "ebitdaratio": -0.1150458876,
        "operatingIncome": -55331000,
        "operatingIncomeRatio": -0.1385543828,
        "totalOtherIncomeExpensesNet": -16818000,
        "incomeBeforeTax": -72149000,
        "incomeBeforeTaxRatio": -0.1806683444,
        "incomeTaxExpense": 13728000,
        "netIncome": -85877000,
        "netIncomeRatio": -0.2150446356,
        "eps": -2.16,
        "epsdiluted": -2.15,
        "weightedAverageShsOut": 39813037,
        "weightedAverageShsOutDil": 39913000,
        "link": "https://www.sec.gov/Archives/edgar/data/887936/000119312513084880/0001193125-13-084880-index.htm",
        "finalLink": "https://www.sec.gov/Archives/edgar/data/887936/000119312513084880/d445467d10k.htm"
    },
    {
        "date": "2012-09-30",
        "symbol": "FCN",
        "reportedCurrency": "USD",
        "cik": "0000887936",
        "fillingDate": "2012-11-08",
        "acceptedDate": "2012-11-08 16:31:43",
        "calendarYear": "2012",
        "period": "Q3",
        "revenue": 386055000,
        "costOfRevenue": 241614000,
        "grossProfit": 144441000,
        "grossProfitRatio": 0.3741461709,
        "researchAndDevelopmentExpenses": 0,
        "generalAndAdministrativeExpenses": 88909000,
        "sellingAndMarketingExpenses": 0,
        "sellingGeneralAndAdministrativeExpenses": 88909000,
        "otherExpenses": 8944000,
        "operatingExpenses": 97853000,
        "costAndExpenses": 339467000,
        "interestIncome": 0,
        "interestExpense": 13208000,
        "depreciationAndAmortization": 13788000,
        "ebitda": 61960000,
        "ebitdaratio": 0.1604952662,
        "operatingIncome": 46588000,
        "operatingIncomeRatio": 0.1206771056,
        "totalOtherIncomeExpensesNet": -11624000,
        "incomeBeforeTax": 34964000,
        "incomeBeforeTaxRatio": 0.0905674062,
        "incomeTaxExpense": 12251000,
        "netIncome": 22713000,
        "netIncomeRatio": 0.0588335859,
        "eps": 0.56,
        "epsdiluted": 0.55,
        "weightedAverageShsOut": 40387000,
        "weightedAverageShsOutDil": 41102000,
        "link": "https://www.sec.gov/Archives/edgar/data/887936/000119312512460549/0001193125-12-460549-index.htm",
        "finalLink": "https://www.sec.gov/Archives/edgar/data/887936/000119312512460549/d406137d10q.htm"
    },
    {
        "date": "2012-06-30",
        "symbol": "FCN",
        "reportedCurrency": "USD",
        "cik": "0000887936",
        "fillingDate": "2012-08-02",
        "acceptedDate": "2012-08-02 17:15:03",
        "calendarYear": "2012",
        "period": "Q2",
        "revenue": 396243000,
        "costOfRevenue": 248220000,
        "grossProfit": 148023000,
        "grossProfitRatio": 0.3735662207,
        "researchAndDevelopmentExpenses": 0,
        "generalAndAdministrativeExpenses": 92460000,
        "sellingAndMarketingExpenses": 0,
        "sellingGeneralAndAdministrativeExpenses": 92460000,
        "otherExpenses": 28731000,
        "operatingExpenses": 121191000,
        "costAndExpenses": 369411000,
        "interestIncome": 0,
        "interestExpense": 15195000,
        "depreciationAndAmortization": 16622000,
        "ebitda": 43454000,
        "ebitdaratio": 0.1096650288,
        "operatingIncome": 26832000,
        "operatingIncomeRatio": 0.0677160227,
        "totalOtherIncomeExpensesNet": -15558000,
        "incomeBeforeTax": 11274000,
        "incomeBeforeTaxRatio": 0.0284522376,
        "incomeTaxExpense": 3527000,
        "netIncome": 7747000,
        "netIncomeRatio": 0.019551134,
        "eps": 0.19,
        "epsdiluted": 0.18,
        "weightedAverageShsOut": 40592000,
        "weightedAverageShsOutDil": 42074000,
        "link": "https://www.sec.gov/Archives/edgar/data/887936/000119312512332204/0001193125-12-332204-index.htm",
        "finalLink": "https://www.sec.gov/Archives/edgar/data/887936/000119312512332204/d358961d10q.htm"
    },
    {
        "date": "2012-03-31",
        "symbol": "FCN",
        "reportedCurrency": "USD",
        "cik": "0000887936",
        "fillingDate": "2012-05-09",
        "acceptedDate": "2012-05-09 10:02:00",
        "calendarYear": "2012",
        "period": "Q1",
        "revenue": 395228000,
        "costOfRevenue": 245618000,
        "grossProfit": 149610000,
        "grossProfitRatio": 0.3785409941,
        "researchAndDevelopmentExpenses": 0,
        "generalAndAdministrativeExpenses": 102589000,
        "sellingAndMarketingExpenses": 0,
        "sellingGeneralAndAdministrativeExpenses": 102589000,
        "otherExpenses": 6074000,
        "operatingExpenses": 108663000,
        "costAndExpenses": 354281000,
        "interestIncome": 3282000,
        "interestExpense": 15204000,
        "depreciationAndAmortization": 13013000,
        "ebitda": 57242000,
        "ebitdaratio": 0.144832856,
        "operatingIncome": 40947000,
        "operatingIncomeRatio": 0.1036034896,
        "totalOtherIncomeExpensesNet": -11922000,
        "incomeBeforeTax": 29025000,
        "incomeBeforeTaxRatio": 0.0734386228,
        "incomeTaxExpense": 10594000,
        "netIncome": 18431000,
        "netIncomeRatio": 0.0466338417,
        "eps": 0.46,
        "epsdiluted": 0.43,
        "weightedAverageShsOut": 40358000,
        "weightedAverageShsOutDil": 43185000,
        "link": "https://www.sec.gov/Archives/edgar/data/887936/000119312512220608/0001193125-12-220608-index.htm",
        "finalLink": "https://www.sec.gov/Archives/edgar/data/887936/000119312512220608/d315587d10q.htm"
    },
    {
        "date": "2011-12-31",
        "symbol": "FCN",
        "reportedCurrency": "USD",
        "cik": "0000887936",
        "fillingDate": "2012-02-24",
        "acceptedDate": "2012-02-24 17:00:25",
        "calendarYear": "2011",
        "period": "Q4",
        "revenue": 390713000,
        "costOfRevenue": 233005000,
        "grossProfit": 157708000,
        "grossProfitRatio": 0.4036415476,
        "researchAndDevelopmentExpenses": 0,
        "generalAndAdministrativeExpenses": 0,
        "sellingAndMarketingExpenses": 0,
        "sellingGeneralAndAdministrativeExpenses": 90393000,
        "otherExpenses": -889000,
        "operatingExpenses": 89504000,
        "costAndExpenses": 322509000,
        "interestIncome": 0,
        "interestExpense": 14495000,
        "depreciationAndAmortization": 10112000,
        "ebitda": 79211000,
        "ebitdaratio": 0.202734488,
        "operatingIncome": 68204000,
        "operatingIncomeRatio": 0.1745629145,
        "totalOtherIncomeExpensesNet": -6616000,
        "incomeBeforeTax": 54604000,
        "incomeBeforeTaxRatio": 0.139754756,
        "incomeTaxExpense": 14723000,
        "netIncome": 39881000,
        "netIncomeRatio": 0.1020723651,
        "eps": 0.97,
        "epsdiluted": 0.92,
        "weightedAverageShsOut": 41131000,
        "weightedAverageShsOutDil": 43473000,
        "link": "https://www.sec.gov/Archives/edgar/data/887936/000119312512078356/0001193125-12-078356-index.htm",
        "finalLink": "https://www.sec.gov/Archives/edgar/data/887936/000119312512078356/d258545d10k.htm"
    },
    {
        "date": "2011-09-30",
        "symbol": "FCN",
        "reportedCurrency": "USD",
        "cik": "0000887936",
        "fillingDate": "2011-11-09",
        "acceptedDate": "2011-11-09 16:30:03",
        "calendarYear": "2011",
        "period": "Q3",
        "revenue": 413802000,
        "costOfRevenue": 249983000,
        "grossProfit": 163819000,
        "grossProfitRatio": 0.3958874051,
        "researchAndDevelopmentExpenses": 0,
        "generalAndAdministrativeExpenses": 0,
        "sellingAndMarketingExpenses": 0,
        "sellingGeneralAndAdministrativeExpenses": 97618000,
        "otherExpenses": 6787000,
        "operatingExpenses": 104405000,
        "costAndExpenses": 354380000,
        "interestIncome": 0,
        "interestExpense": 14319000,
        "depreciationAndAmortization": 13263000,
        "ebitda": 73171000,
        "ebitdaratio": 0.1768261149,
        "operatingIncome": 59385000,
        "operatingIncomeRatio": 0.1435106645,
        "totalOtherIncomeExpensesNet": -13833000,
        "incomeBeforeTax": 45552000,
        "incomeBeforeTaxRatio": 0.1100816332,
        "incomeTaxExpense": 16121000,
        "netIncome": 29431000,
        "netIncomeRatio": 0.0711233875,
        "eps": 0.73,
        "epsdiluted": 0.7,
        "weightedAverageShsOut": 40182000,
        "weightedAverageShsOutDil": 42267000,
        "link": "https://www.sec.gov/Archives/edgar/data/887936/000119312511304624/0001193125-11-304624-index.htm",
        "finalLink": "https://www.sec.gov/Archives/edgar/data/887936/000119312511304624/d226454d10q.htm"
    },
    {
        "date": "2011-06-30",
        "symbol": "FCN",
        "reportedCurrency": "USD",
        "cik": "0000887936",
        "fillingDate": "2011-08-05",
        "acceptedDate": "2011-08-05 17:15:49",
        "calendarYear": "2011",
        "period": "Q2",
        "revenue": 400437000,
        "costOfRevenue": 247036000,
        "grossProfit": 153401000,
        "grossProfitRatio": 0.3830839808,
        "researchAndDevelopmentExpenses": 0,
        "generalAndAdministrativeExpenses": 0,
        "sellingAndMarketingExpenses": 0,
        "sellingGeneralAndAdministrativeExpenses": 94442000,
        "otherExpenses": 21509000,
        "operatingExpenses": 115951000,
        "costAndExpenses": 366795000,
        "interestIncome": 0,
        "interestExpense": 14500000,
        "depreciationAndAmortization": 12641000,
        "ebitda": 49206000,
        "ebitdaratio": 0.1228807528,
        "operatingIncome": 36312000,
        "operatingIncomeRatio": 0.0906809311,
        "totalOtherIncomeExpensesNet": -14247000,
        "incomeBeforeTax": 24735000,
        "incomeBeforeTaxRatio": 0.0617700163,
        "incomeTaxExpense": 7823000,
        "netIncome": 16912000,
        "netIncomeRatio": 0.0422338595,
        "eps": 0.38,
        "epsdiluted": 0.36,
        "weightedAverageShsOut": 40587000,
        "weightedAverageShsOutDil": 42912000,
        "link": "https://www.sec.gov/Archives/edgar/data/887936/000119312511212593/0001193125-11-212593-index.htm",
        "finalLink": "https://www.sec.gov/Archives/edgar/data/887936/000119312511212593/d10q.htm"
    },
    {
        "date": "2011-03-31",
        "symbol": "FCN",
        "reportedCurrency": "USD",
        "cik": "0000887936",
        "fillingDate": "2011-05-06",
        "acceptedDate": "2011-05-06 13:57:04",
        "calendarYear": "2011",
        "period": "Q1",
        "revenue": 361816000,
        "costOfRevenue": 219140000,
        "grossProfit": 142676000,
        "grossProfitRatio": 0.3943330312,
        "researchAndDevelopmentExpenses": 0,
        "generalAndAdministrativeExpenses": 0,
        "sellingAndMarketingExpenses": 0,
        "sellingGeneralAndAdministrativeExpenses": 88303000,
        "otherExpenses": 6250000,
        "operatingExpenses": 94553000,
        "costAndExpenses": 317637000,
        "interestIncome": 2000000,
        "interestExpense": 15310000,
        "depreciationAndAmortization": 12399000,
        "ebitda": 58578000,
        "ebitdaratio": 0.1618999713,
        "operatingIncome": 48493000,
        "operatingIncomeRatio": 0.1340266876,
        "totalOtherIncomeExpensesNet": -13310000,
        "incomeBeforeTax": 35183000,
        "incomeBeforeTaxRatio": 0.0972400336,
        "incomeTaxExpense": 13385000,
        "netIncome": 21798000,
        "netIncomeRatio": 0.0602460919,
        "eps": 0.44,
        "epsdiluted": 0.42,
        "weightedAverageShsOut": 43877000,
        "weightedAverageShsOutDil": 45939000,
        "link": "https://www.sec.gov/Archives/edgar/data/887936/000119312511130371/0001193125-11-130371-index.htm",
        "finalLink": "https://www.sec.gov/Archives/edgar/data/887936/000119312511130371/d10q.htm"
    },
    {
        "date": "2010-12-31",
        "symbol": "FCN",
        "reportedCurrency": "USD",
        "cik": "0000887936",
        "fillingDate": "2011-02-25",
        "acceptedDate": "2011-02-25 17:05:16",
        "calendarYear": "2010",
        "period": "Q4",
        "revenue": 356248000,
        "costOfRevenue": 205190000,
        "grossProfit": 151058000,
        "grossProfitRatio": 0.4240248366,
        "researchAndDevelopmentExpenses": 0,
        "generalAndAdministrativeExpenses": 0,
        "sellingAndMarketingExpenses": 0,
        "sellingGeneralAndAdministrativeExpenses": 88915000,
        "otherExpenses": 27456000,
        "operatingExpenses": 116371000,
        "costAndExpenses": 321561000,
        "interestIncome": -317000,
        "interestExpense": 15663000,
        "depreciationAndAmortization": 36633000,
        "ebitda": 71003000,
        "ebitdaratio": 0.1993077856,
        "operatingIncome": 34687000,
        "operatingIncomeRatio": 0.0973675642,
        "totalOtherIncomeExpensesNet": -15980000,
        "incomeBeforeTax": 18707000,
        "incomeBeforeTaxRatio": 0.052511172,
        "incomeTaxExpense": 8031000,
        "netIncome": 10676000,
        "netIncomeRatio": 0.0299678875,
        "eps": 0.23,
        "epsdiluted": 0.22,
        "weightedAverageShsOut": 45557000,
        "weightedAverageShsOutDil": 47471000,
        "link": "https://www.sec.gov/Archives/edgar/data/887936/000119312511047591/0001193125-11-047591-index.htm",
        "finalLink": "https://www.sec.gov/Archives/edgar/data/887936/000119312511047591/d10k.htm"
    },
    {
        "date": "2010-09-30",
        "symbol": "FCN",
        "reportedCurrency": "USD",
        "cik": "0000887936",
        "fillingDate": "2010-11-05",
        "acceptedDate": "2010-11-05 16:10:02",
        "calendarYear": "2010",
        "period": "Q3",
        "revenue": 346140000,
        "costOfRevenue": 204095000,
        "grossProfit": 142045000,
        "grossProfitRatio": 0.410368637,
        "researchAndDevelopmentExpenses": 0,
        "generalAndAdministrativeExpenses": 0,
        "sellingAndMarketingExpenses": 0,
        "sellingGeneralAndAdministrativeExpenses": 86115000,
        "otherExpenses": 6286000,
        "operatingExpenses": 92401000,
        "costAndExpenses": 299232000,
        "interestIncome": 2527000,
        "interestExpense": 17065000,
        "depreciationAndAmortization": 15242000,
        "ebitda": 59516000,
        "ebitdaratio": 0.1719419888,
        "operatingIncome": 49963000,
        "operatingIncomeRatio": 0.1443433293,
        "totalOtherIncomeExpensesNet": -11483000,
        "incomeBeforeTax": 35425000,
        "incomeBeforeTaxRatio": 0.1023429826,
        "incomeTaxExpense": 13462000,
        "netIncome": 21963000,
        "netIncomeRatio": 0.0634512047,
        "eps": 0.44,
        "epsdiluted": 0.43,
        "weightedAverageShsOut": 45471000,
        "weightedAverageShsOutDil": 46981000,
        "link": "https://www.sec.gov/Archives/edgar/data/887936/000119312510250082/0001193125-10-250082-index.htm",
        "finalLink": "https://www.sec.gov/Archives/edgar/data/887936/000119312510250082/d10q.htm"
    },
    {
        "date": "2010-06-30",
        "symbol": "FCN",
        "reportedCurrency": "USD",
        "cik": "0000887936",
        "fillingDate": "2010-08-05",
        "acceptedDate": "2010-08-05 14:47:45",
        "calendarYear": "2010",
        "period": "Q2",
        "revenue": 349033000,
        "costOfRevenue": 209031000,
        "grossProfit": 140002000,
        "grossProfitRatio": 0.4011139348,
        "researchAndDevelopmentExpenses": 0,
        "generalAndAdministrativeExpenses": 0,
        "sellingAndMarketingExpenses": 0,
        "sellingGeneralAndAdministrativeExpenses": 82202000,
        "otherExpenses": 5852000,
        "operatingExpenses": 88054000,
        "costAndExpenses": 297085000,
        "interestIncome": 0,
        "interestExpense": 11378000,
        "depreciationAndAmortization": 13510000,
        "ebitda": 65317000,
        "ebitdaratio": 0.1871370329,
        "operatingIncome": 51948000,
        "operatingIncomeRatio": 0.1488340644,
        "totalOtherIncomeExpensesNet": -11519000,
        "incomeBeforeTax": 40429000,
        "incomeBeforeTaxRatio": 0.1158314543,
        "incomeTaxExpense": 15363000,
        "netIncome": 25066000,
        "netIncomeRatio": 0.071815559,
        "eps": 0.55,
        "epsdiluted": 0.52,
        "weightedAverageShsOut": 45857000,
        "weightedAverageShsOutDil": 48176000,
        "link": "https://www.sec.gov/Archives/edgar/data/887936/000119312510179116/0001193125-10-179116-index.htm",
        "finalLink": "https://www.sec.gov/Archives/edgar/data/887936/000119312510179116/d10q.htm"
    },
    {
        "date": "2010-03-31",
        "symbol": "FCN",
        "reportedCurrency": "USD",
        "cik": "0000887936",
        "fillingDate": "2010-05-06",
        "acceptedDate": "2010-05-06 11:21:10",
        "calendarYear": "2010",
        "period": "Q1",
        "revenue": 350040000,
        "costOfRevenue": 197460000,
        "grossProfit": 152580000,
        "grossProfitRatio": 0.4358930408,
        "researchAndDevelopmentExpenses": 0,
        "generalAndAdministrativeExpenses": 0,
        "sellingAndMarketingExpenses": 0,
        "sellingGeneralAndAdministrativeExpenses": 84401000,
        "otherExpenses": 36336000,
        "operatingExpenses": 120737000,
        "costAndExpenses": 318197000,
        "interestIncome": 2354000,
        "interestExpense": 11318000,
        "depreciationAndAmortization": 13794000,
        "ebitda": 47991000,
        "ebitdaratio": 0.1371014741,
        "operatingIncome": 31843000,
        "operatingIncomeRatio": 0.0909696035,
        "totalOtherIncomeExpensesNet": -8964000,
        "incomeBeforeTax": 22879000,
        "incomeBeforeTaxRatio": 0.0653611016,
        "incomeTaxExpense": 8694000,
        "netIncome": 14185000,
        "netIncomeRatio": 0.0405239401,
        "eps": 0.31,
        "epsdiluted": 0.29,
        "weightedAverageShsOut": 45799000,
        "weightedAverageShsOutDil": 48128000,
        "link": "https://www.sec.gov/Archives/edgar/data/887936/000119312510110218/0001193125-10-110218-index.htm",
        "finalLink": "https://www.sec.gov/Archives/edgar/data/887936/000119312510110218/d10q.htm"
    },
    {
        "date": "2009-12-31",
        "symbol": "FCN",
        "reportedCurrency": "USD",
        "cik": "0000887936",
        "fillingDate": "2010-02-26",
        "acceptedDate": "2010-02-26 16:37:40",
        "calendarYear": "2009",
        "period": "Q4",
        "revenue": 342938000,
        "costOfRevenue": 187590000,
        "grossProfit": 155348000,
        "grossProfitRatio": 0.4529915028,
        "researchAndDevelopmentExpenses": 0,
        "generalAndAdministrativeExpenses": 0,
        "sellingAndMarketingExpenses": 0,
        "sellingGeneralAndAdministrativeExpenses": 81747000,
        "otherExpenses": 6331000,
        "operatingExpenses": 88078000,
        "costAndExpenses": 275668000,
        "interestIncome": 2073000,
        "interestExpense": 11446000,
        "depreciationAndAmortization": 13574000,
        "ebitda": 82917000,
        "ebitdaratio": 0.2417842292,
        "operatingIncome": 67270000,
        "operatingIncomeRatio": 0.1961579061,
        "totalOtherIncomeExpensesNet": -9373000,
        "incomeBeforeTax": 57897000,
        "incomeBeforeTaxRatio": 0.1688264351,
        "incomeTaxExpense": 21324000,
        "netIncome": 36573000,
        "netIncomeRatio": 0.1066460993,
        "eps": 0.73,
        "epsdiluted": 0.69,
        "weightedAverageShsOut": 49963000,
        "weightedAverageShsOutDil": 53044000,
        "link": "https://www.sec.gov/Archives/edgar/data/887936/000119312510043017/0001193125-10-043017-index.htm",
        "finalLink": "https://www.sec.gov/Archives/edgar/data/887936/000119312510043017/d10k.htm"
    },
    {
        "date": "2009-09-30",
        "symbol": "FCN",
        "reportedCurrency": "USD",
        "cik": "0000887936",
        "fillingDate": "2009-11-06",
        "acceptedDate": "2009-11-06 09:41:57",
        "calendarYear": "2009",
        "period": "Q3",
        "revenue": 348637000,
        "costOfRevenue": 193204000,
        "grossProfit": 155433000,
        "grossProfitRatio": 0.445830477,
        "researchAndDevelopmentExpenses": 0,
        "generalAndAdministrativeExpenses": 0,
        "sellingAndMarketingExpenses": 0,
        "sellingGeneralAndAdministrativeExpenses": 84976000,
        "otherExpenses": 6171000,
        "operatingExpenses": 91147000,
        "costAndExpenses": 284351000,
        "interestIncome": 3330000,
        "interestExpense": 11434000,
        "depreciationAndAmortization": 13585000,
        "ebitda": 81201000,
        "ebitdaratio": 0.2329098747,
        "operatingIncome": 64286000,
        "operatingIncomeRatio": 0.1843923623,
        "totalOtherIncomeExpensesNet": -8104000,
        "incomeBeforeTax": 56182000,
        "incomeBeforeTaxRatio": 0.1611475546,
        "incomeTaxExpense": 18626000,
        "netIncome": 37556000,
        "netIncomeRatio": 0.1077223588,
        "eps": 0.74,
        "epsdiluted": 0.7,
        "weightedAverageShsOut": 50696000,
        "weightedAverageShsOutDil": 53896000,
        "link": "https://www.sec.gov/Archives/edgar/data/887936/000119312509226710/0001193125-09-226710-index.htm",
        "finalLink": "https://www.sec.gov/Archives/edgar/data/887936/000119312509226710/d10q.htm"
    },
    {
        "date": "2009-06-30",
        "symbol": "FCN",
        "reportedCurrency": "USD",
        "cik": "0000887936",
        "fillingDate": "2009-08-10",
        "acceptedDate": "2009-08-10 06:08:41",
        "calendarYear": "2009",
        "period": "Q2",
        "revenue": 360525000,
        "costOfRevenue": 194181000,
        "grossProfit": 166344000,
        "grossProfitRatio": 0.4613938007,
        "researchAndDevelopmentExpenses": 0,
        "generalAndAdministrativeExpenses": 0,
        "sellingAndMarketingExpenses": 0,
        "sellingGeneralAndAdministrativeExpenses": 88842000,
        "otherExpenses": 6149000,
        "operatingExpenses": 94991000,
        "costAndExpenses": 289172000,
        "interestIncome": 702000,
        "interestExpense": 11030000,
        "depreciationAndAmortization": 13226000,
        "ebitda": 85281000,
        "ebitdaratio": 0.2365467027,
        "operatingIncome": 71353000,
        "operatingIncomeRatio": 0.197914153,
        "totalOtherIncomeExpensesNet": -10328000,
        "incomeBeforeTax": 61025000,
        "incomeBeforeTaxRatio": 0.1692670411,
        "incomeTaxExpense": 23800000,
        "netIncome": 37225000,
        "netIncomeRatio": 0.1032522017,
        "eps": 0.74,
        "epsdiluted": 0.69,
        "weightedAverageShsOut": 50384000,
        "weightedAverageShsOutDil": 53835000,
        "link": "https://www.sec.gov/Archives/edgar/data/887936/000119312509169745/0001193125-09-169745-index.htm",
        "finalLink": "https://www.sec.gov/Archives/edgar/data/887936/000119312509169745/d10q.htm"
    },
    {
        "date": "2009-03-31",
        "symbol": "FCN",
        "reportedCurrency": "USD",
        "cik": "0000887936",
        "fillingDate": "2009-05-05",
        "acceptedDate": "2009-05-05 17:05:28",
        "calendarYear": "2009",
        "period": "Q1",
        "revenue": 347846000,
        "costOfRevenue": 192412000,
        "grossProfit": 155434000,
        "grossProfitRatio": 0.446847168,
        "researchAndDevelopmentExpenses": 0,
        "generalAndAdministrativeExpenses": 0,
        "sellingAndMarketingExpenses": 0,
        "sellingGeneralAndAdministrativeExpenses": 88753000,
        "otherExpenses": 6050000,
        "operatingExpenses": 94803000,
        "costAndExpenses": 287215000,
        "interestIncome": 2303000,
        "interestExpense": 11013000,
        "depreciationAndAmortization": 13082000,
        "ebitda": 76016000,
        "ebitdaratio": 0.218533489,
        "operatingIncome": 60631000,
        "operatingIncomeRatio": 0.1743041461,
        "totalOtherIncomeExpensesNet": -8710000,
        "incomeBeforeTax": 51921000,
        "incomeBeforeTaxRatio": 0.1492643296,
        "incomeTaxExpense": 20249000,
        "netIncome": 31672000,
        "netIncomeRatio": 0.0910517873,
        "eps": 0.63,
        "epsdiluted": 0.6,
        "weightedAverageShsOut": 50171000,
        "weightedAverageShsOutDil": 52979000,
        "link": "https://www.sec.gov/Archives/edgar/data/887936/000119312509100083/0001193125-09-100083-index.htm",
        "finalLink": "https://www.sec.gov/Archives/edgar/data/887936/000119312509100083/d10q.htm"
    },
    {
        "date": "2008-12-31",
        "symbol": "FCN",
        "reportedCurrency": "USD",
        "cik": "0000887936",
        "fillingDate": "2009-03-02",
        "acceptedDate": "2009-03-02 15:00:15",
        "calendarYear": "2008",
        "period": "Q4",
        "revenue": 322876000,
        "costOfRevenue": 170410000,
        "grossProfit": 152466000,
        "grossProfitRatio": 0.4722122425,
        "researchAndDevelopmentExpenses": 0,
        "generalAndAdministrativeExpenses": 0,
        "sellingAndMarketingExpenses": 0,
        "sellingGeneralAndAdministrativeExpenses": 88199000,
        "otherExpenses": 5805000,
        "operatingExpenses": 94004000,
        "costAndExpenses": 264414000,
        "interestIncome": 0,
        "interestExpense": 0,
        "depreciationAndAmortization": 12743000,
        "ebitda": 79229000,
        "ebitdaratio": 0.2453852253,
        "operatingIncome": 58462000,
        "operatingIncomeRatio": 0.1810664156,
        "totalOtherIncomeExpensesNet": -8861000,
        "incomeBeforeTax": 49601000,
        "incomeBeforeTaxRatio": 0.1536224433,
        "incomeTaxExpense": 18408000,
        "netIncome": 31193000,
        "netIncomeRatio": 0.096609844,
        "eps": 0.63,
        "epsdiluted": 0.58,
        "weightedAverageShsOut": 49193000,
        "weightedAverageShsOutDil": 53603000,
        "link": "https://www.sec.gov/Archives/edgar/data/887936/000119312509042382/0001193125-09-042382-index.htm",
        "finalLink": "https://www.sec.gov/Archives/edgar/data/887936/000119312509042382/d10k.htm"
    },
    {
        "date": "2008-09-30",
        "symbol": "FCN",
        "reportedCurrency": "USD",
        "cik": "0000887936",
        "fillingDate": "2008-11-06",
        "acceptedDate": "2008-11-06 17:21:44",
        "calendarYear": "2008",
        "period": "Q3",
        "revenue": 325497000,
        "costOfRevenue": 174514000,
        "grossProfit": 150983000,
        "grossProfitRatio": 0.4638537375,
        "researchAndDevelopmentExpenses": 0,
        "generalAndAdministrativeExpenses": 0,
        "sellingAndMarketingExpenses": 0,
        "sellingGeneralAndAdministrativeExpenses": 91508000,
        "otherExpenses": 5664000,
        "operatingExpenses": 97172000,
        "costAndExpenses": 271686000,
        "interestIncome": 0,
        "interestExpense": 0,
        "depreciationAndAmortization": 12477000,
        "ebitda": 66288000,
        "ebitdaratio": 0.2036516466,
        "operatingIncome": 53811000,
        "operatingIncomeRatio": 0.165319496,
        "totalOtherIncomeExpensesNet": -8209000,
        "incomeBeforeTax": 45602000,
        "incomeBeforeTaxRatio": 0.1400996015,
        "incomeTaxExpense": 18059000,
        "netIncome": 27543000,
        "netIncomeRatio": 0.0846182914,
        "eps": 0.56,
        "epsdiluted": 0.51,
        "weightedAverageShsOut": 49541000,
        "weightedAverageShsOutDil": 54460000,
        "link": "https://www.sec.gov/Archives/edgar/data/887936/000119312508228144/0001193125-08-228144-index.htm",
        "finalLink": "https://www.sec.gov/Archives/edgar/data/887936/000119312508228144/d10q.htm"
    },
    {
        "date": "2008-06-30",
        "symbol": "FCN",
        "reportedCurrency": "USD",
        "cik": "0000887936",
        "fillingDate": "2008-08-07",
        "acceptedDate": "2008-08-07 16:56:55",
        "calendarYear": "2008",
        "period": "Q2",
        "revenue": 337670000,
        "costOfRevenue": 188166000,
        "grossProfit": 149504000,
        "grossProfitRatio": 0.4427517991,
        "researchAndDevelopmentExpenses": 0,
        "generalAndAdministrativeExpenses": 0,
        "sellingAndMarketingExpenses": 0,
        "sellingGeneralAndAdministrativeExpenses": 77773000,
        "otherExpenses": 4457000,
        "operatingExpenses": 82230000,
        "costAndExpenses": 270396000,
        "interestIncome": 1866000,
        "interestExpense": 11307000,
        "depreciationAndAmortization": 10717000,
        "ebitda": 79645000,
        "ebitdaratio": 0.2358663784,
        "operatingIncome": 67274000,
        "operatingIncomeRatio": 0.1992300175,
        "totalOtherIncomeExpensesNet": -9653000,
        "incomeBeforeTax": 58625000,
        "incomeBeforeTaxRatio": 0.1736162526,
        "incomeTaxExpense": 23215000,
        "netIncome": 35410000,
        "netIncomeRatio": 0.1048656973,
        "eps": 0.71,
        "epsdiluted": 0.65,
        "weightedAverageShsOut": 49155000,
        "weightedAverageShsOutDil": 53550769,
        "link": "https://www.sec.gov/Archives/edgar/data/887936/000119312508170217/0001193125-08-170217-index.htm",
        "finalLink": "https://www.sec.gov/Archives/edgar/data/887936/000119312508170217/d10q.htm"
    },
    {
        "date": "2008-03-31",
        "symbol": "FCN",
        "reportedCurrency": "USD",
        "cik": "0000887936",
        "fillingDate": "2008-05-07",
        "acceptedDate": "2008-05-07 12:42:55",
        "calendarYear": "2008",
        "period": "Q1",
        "revenue": 307102000,
        "costOfRevenue": 172521000,
        "grossProfit": 134581000,
        "grossProfitRatio": 0.4382289923,
        "researchAndDevelopmentExpenses": 0,
        "generalAndAdministrativeExpenses": 0,
        "sellingAndMarketingExpenses": 0,
        "sellingGeneralAndAdministrativeExpenses": 72572000,
        "otherExpenses": 2898000,
        "operatingExpenses": 75470000,
        "costAndExpenses": 247991000,
        "interestIncome": 0,
        "interestExpense": 0,
        "depreciationAndAmortization": 8924000,
        "ebitda": 68035000,
        "ebitdaratio": 0.2215387721,
        "operatingIncome": 59111000,
        "operatingIncomeRatio": 0.1924800229,
        "totalOtherIncomeExpensesNet": -7308000,
        "incomeBeforeTax": 51803000,
        "incomeBeforeTaxRatio": 0.168683369,
        "incomeTaxExpense": 20514000,
        "netIncome": 31289000,
        "netIncomeRatio": 0.1018847158,
        "eps": 0.65,
        "epsdiluted": 0.59,
        "weightedAverageShsOut": 48136923,
        "weightedAverageShsOutDil": 53032203,
        "link": "https://www.sec.gov/Archives/edgar/data/887936/000119312508105491/0001193125-08-105491-index.htm",
        "finalLink": "https://www.sec.gov/Archives/edgar/data/887936/000119312508105491/d10q.htm"
    },
    {
        "date": "2007-12-31",
        "symbol": "FCN",
        "reportedCurrency": "USD",
        "cik": "0000887936",
        "fillingDate": "2008-02-29",
        "acceptedDate": "2008-02-29 14:28:12",
        "calendarYear": "2007",
        "period": "Q4",
        "revenue": 280519000,
        "costOfRevenue": 151746000,
        "grossProfit": 128773000,
        "grossProfitRatio": 0.4590526845,
        "researchAndDevelopmentExpenses": 0,
        "generalAndAdministrativeExpenses": 0,
        "sellingAndMarketingExpenses": 0,
        "sellingGeneralAndAdministrativeExpenses": 69963000,
        "otherExpenses": 2837000,
        "operatingExpenses": 72800000,
        "costAndExpenses": 224546000,
        "interestIncome": 0,
        "interestExpense": 0,
        "depreciationAndAmortization": 8444000,
        "ebitda": 64417000,
        "ebitdaratio": 0.2296350693,
        "operatingIncome": 55973000,
        "operatingIncomeRatio": 0.1995337214,
        "totalOtherIncomeExpensesNet": -6341000,
        "incomeBeforeTax": 49632000,
        "incomeBeforeTaxRatio": 0.176929192,
        "incomeTaxExpense": 18838000,
        "netIncome": 30794000,
        "netIncomeRatio": 0.1097750954,
        "eps": 0.72,
        "epsdiluted": 0.67,
        "weightedAverageShsOut": 43047196,
        "weightedAverageShsOutDil": 46060500,
        "link": "https://www.sec.gov/Archives/edgar/data/887936/000119312508043417/0001193125-08-043417-index.htm",
        "finalLink": "https://www.sec.gov/Archives/edgar/data/887936/000119312508043417/d10k.htm"
    },
    {
        "date": "2007-09-30",
        "symbol": "FCN",
        "reportedCurrency": "USD",
        "cik": "0000887936",
        "fillingDate": "2007-11-08",
        "acceptedDate": "2007-11-08 17:24:14",
        "calendarYear": "2007",
        "period": "Q3",
        "revenue": 253334000,
        "costOfRevenue": 139131000,
        "grossProfit": 114203000,
        "grossProfitRatio": 0.4508001295,
        "researchAndDevelopmentExpenses": 0,
        "generalAndAdministrativeExpenses": 0,
        "sellingAndMarketingExpenses": 0,
        "sellingGeneralAndAdministrativeExpenses": 63007000,
        "otherExpenses": 2293000,
        "operatingExpenses": 65300000,
        "costAndExpenses": 204431000,
        "interestIncome": 0,
        "interestExpense": 0,
        "depreciationAndAmortization": 7653000,
        "ebitda": 56556000,
        "ebitdaratio": 0.2232467809,
        "operatingIncome": 48903000,
        "operatingIncomeRatio": 0.1930376499,
        "totalOtherIncomeExpensesNet": -10590000,
        "incomeBeforeTax": 38313000,
        "incomeBeforeTaxRatio": 0.1512351283,
        "incomeTaxExpense": 15330000,
        "netIncome": 22983000,
        "netIncomeRatio": 0.0907221297,
        "eps": 0.55,
        "epsdiluted": 0.5,
        "weightedAverageShsOut": 41787273,
        "weightedAverageShsOutDil": 45966000,
        "link": "https://www.sec.gov/Archives/edgar/data/887936/000119312507240549/0001193125-07-240549-index.htm",
        "finalLink": "https://www.sec.gov/Archives/edgar/data/887936/000119312507240549/d10q.htm"
    },
    {
        "date": "2007-06-30",
        "symbol": "FCN",
        "reportedCurrency": "USD",
        "cik": "0000887936",
        "fillingDate": "2007-08-08",
        "acceptedDate": "2007-08-08 17:10:29",
        "calendarYear": "2007",
        "period": "Q2",
        "revenue": 239692000,
        "costOfRevenue": 131349000,
        "grossProfit": 108343000,
        "grossProfitRatio": 0.4520092452,
        "researchAndDevelopmentExpenses": 0,
        "generalAndAdministrativeExpenses": 0,
        "sellingAndMarketingExpenses": 0,
        "sellingGeneralAndAdministrativeExpenses": 61910000,
        "otherExpenses": 2748000,
        "operatingExpenses": 64658000,
        "costAndExpenses": 196007000,
        "interestIncome": 0,
        "interestExpense": 0,
        "depreciationAndAmortization": 7174000,
        "ebitda": 50859000,
        "ebitdaratio": 0.2121848038,
        "operatingIncome": 43685000,
        "operatingIncomeRatio": 0.1822547269,
        "totalOtherIncomeExpensesNet": -9080000,
        "incomeBeforeTax": 34605000,
        "incomeBeforeTaxRatio": 0.1443727784,
        "incomeTaxExpense": 11523000,
        "netIncome": 23082000,
        "netIncomeRatio": 0.0962985832,
        "eps": 0.56,
        "epsdiluted": 0.53,
        "weightedAverageShsOut": 41217857,
        "weightedAverageShsOutDil": 43550943,
        "link": "https://www.sec.gov/Archives/edgar/data/887936/000119312507175757/0001193125-07-175757-index.htm",
        "finalLink": "https://www.sec.gov/Archives/edgar/data/887936/000119312507175757/d10q.htm"
    },
    {
        "date": "2007-03-31",
        "symbol": "FCN",
        "reportedCurrency": "USD",
        "cik": "0000887936",
        "fillingDate": "2007-05-09",
        "acceptedDate": "2007-05-09 17:08:09",
        "calendarYear": "2007",
        "period": "Q1",
        "revenue": 227725000,
        "costOfRevenue": 126181000,
        "grossProfit": 101544000,
        "grossProfitRatio": 0.4459062466,
        "researchAndDevelopmentExpenses": 0,
        "generalAndAdministrativeExpenses": 0,
        "sellingAndMarketingExpenses": 0,
        "sellingGeneralAndAdministrativeExpenses": 60358000,
        "otherExpenses": 2737000,
        "operatingExpenses": 63095000,
        "costAndExpenses": 189276000,
        "interestIncome": 0,
        "interestExpense": 0,
        "depreciationAndAmortization": 6695000,
        "ebitda": 45144000,
        "ebitdaratio": 0.1982391042,
        "operatingIncome": 38449000,
        "operatingIncomeRatio": 0.1688396092,
        "totalOtherIncomeExpensesNet": -11209000,
        "incomeBeforeTax": 27240000,
        "incomeBeforeTaxRatio": 0.1196179603,
        "incomeTaxExpense": 11978000,
        "netIncome": 15262000,
        "netIncomeRatio": 0.0670194313,
        "eps": 0.37,
        "epsdiluted": 0.36,
        "weightedAverageShsOut": 41248649,
        "weightedAverageShsOutDil": 42394444,
        "link": "https://www.sec.gov/Archives/edgar/data/887936/000119312507108371/0001193125-07-108371-index.htm",
        "finalLink": "https://www.sec.gov/Archives/edgar/data/887936/000119312507108371/d10q.htm"
    },
    {
        "date": "2006-12-31",
        "symbol": "FCN",
        "reportedCurrency": "USD",
        "cik": "0000887936",
        "fillingDate": "2007-03-13",
        "acceptedDate": "2007-03-12 21:24:19",
        "calendarYear": "2006",
        "period": "Q4",
        "revenue": 216841000,
        "costOfRevenue": 112136000,
        "grossProfit": 104705000,
        "grossProfitRatio": 0.4828653253,
        "researchAndDevelopmentExpenses": 0,
        "generalAndAdministrativeExpenses": 0,
        "sellingAndMarketingExpenses": 0,
        "sellingGeneralAndAdministrativeExpenses": 57025000,
        "otherExpenses": 2865000,
        "operatingExpenses": 59890000,
        "costAndExpenses": 172026000,
        "interestIncome": 0,
        "interestExpense": 0,
        "depreciationAndAmortization": 6668000,
        "ebitda": 51483000,
        "ebitdaratio": 0.2374228121,
        "operatingIncome": 44815000,
        "operatingIncomeRatio": 0.2066721699,
        "totalOtherIncomeExpensesNet": -11331000,
        "incomeBeforeTax": 33484000,
        "incomeBeforeTaxRatio": 0.1544172919,
        "incomeTaxExpense": 16128000,
        "netIncome": 17356000,
        "netIncomeRatio": 0.0800402138,
        "eps": 0.44,
        "epsdiluted": 0.43,
        "weightedAverageShsOut": 39645283,
        "weightedAverageShsOutDil": 40407692,
        "link": "https://www.sec.gov/Archives/edgar/data/887936/000119312507052567/0001193125-07-052567-index.htm",
        "finalLink": "https://www.sec.gov/Archives/edgar/data/887936/000119312507052567/d10k.htm"
    },
    {
        "date": "2006-09-30",
        "symbol": "FCN",
        "reportedCurrency": "USD",
        "cik": "0000887936",
        "fillingDate": "2006-11-09",
        "acceptedDate": "2006-11-09 15:45:46",
        "calendarYear": "2006",
        "period": "Q3",
        "revenue": 162068000,
        "costOfRevenue": 91554000,
        "grossProfit": 70514000,
        "grossProfitRatio": 0.435088975,
        "researchAndDevelopmentExpenses": 0,
        "generalAndAdministrativeExpenses": 0,
        "sellingAndMarketingExpenses": 0,
        "sellingGeneralAndAdministrativeExpenses": 39711000,
        "otherExpenses": 25523000,
        "operatingExpenses": 65234000,
        "costAndExpenses": 156788000,
        "interestIncome": 0,
        "interestExpense": 0,
        "depreciationAndAmortization": 5771000,
        "ebitda": 11051000,
        "ebitdaratio": 0.0681874275,
        "operatingIncome": 5280000,
        "operatingIncomeRatio": 0.0325789175,
        "totalOtherIncomeExpensesNet": -5004000,
        "incomeBeforeTax": 276000,
        "incomeBeforeTaxRatio": 0.0017029889,
        "incomeTaxExpense": 562000,
        "netIncome": -286000,
        "netIncomeRatio": -0.0017646914,
        "eps": -0.0072,
        "epsdiluted": -0.01,
        "weightedAverageShsOut": 39614829,
        "weightedAverageShsOutDil": 39996034,
        "link": "https://www.sec.gov/Archives/edgar/data/887936/000119312506230262/0001193125-06-230262-index.htm",
        "finalLink": "https://www.sec.gov/Archives/edgar/data/887936/000119312506230262/d10q.htm"
    },
    {
        "date": "2006-06-30",
        "symbol": "FCN",
        "reportedCurrency": "USD",
        "cik": "0000887936",
        "fillingDate": "2006-08-07",
        "acceptedDate": "2006-08-07 15:58:00",
        "calendarYear": "2006",
        "period": "Q2",
        "revenue": 159760000,
        "costOfRevenue": 90083000,
        "grossProfit": 69677000,
        "grossProfitRatio": 0.4361354532,
        "researchAndDevelopmentExpenses": 0,
        "generalAndAdministrativeExpenses": 0,
        "sellingAndMarketingExpenses": 0,
        "sellingGeneralAndAdministrativeExpenses": 38610000,
        "otherExpenses": 2805000,
        "operatingExpenses": 41415000,
        "costAndExpenses": 131498000,
        "interestIncome": 0,
        "interestExpense": 0,
        "depreciationAndAmortization": 5930000,
        "ebitda": 34192000,
        "ebitdaratio": 0.2140210315,
        "operatingIncome": 28262000,
        "operatingIncomeRatio": 0.1769028543,
        "totalOtherIncomeExpensesNet": -5456000,
        "incomeBeforeTax": 22806000,
        "incomeBeforeTaxRatio": 0.1427516274,
        "incomeTaxExpense": 10139000,
        "netIncome": 12667000,
        "netIncomeRatio": 0.0792876815,
        "eps": 0.32,
        "epsdiluted": 0.32,
        "weightedAverageShsOut": 39584375,
        "weightedAverageShsOutDil": 39584375,
        "link": "https://www.sec.gov/Archives/edgar/data/887936/000119312506163742/0001193125-06-163742-index.htm",
        "finalLink": "https://www.sec.gov/Archives/edgar/data/887936/000119312506163742/d10q.htm"
    },
    {
        "date": "2006-03-31",
        "symbol": "FCN",
        "reportedCurrency": "USD",
        "cik": "0000887936",
        "fillingDate": "2006-05-03",
        "acceptedDate": "2006-05-03 13:15:29",
        "calendarYear": "2006",
        "period": "Q1",
        "revenue": 169264000,
        "costOfRevenue": 95259000,
        "grossProfit": 74005000,
        "grossProfitRatio": 0.4372164193,
        "researchAndDevelopmentExpenses": 0,
        "generalAndAdministrativeExpenses": 0,
        "sellingAndMarketingExpenses": 0,
        "sellingGeneralAndAdministrativeExpenses": 43226000,
        "otherExpenses": 2954000,
        "operatingExpenses": 46180000,
        "costAndExpenses": 141439000,
        "interestIncome": 0,
        "interestExpense": 0,
        "depreciationAndAmortization": 6003000,
        "ebitda": 33828000,
        "ebitdaratio": 0.1998534833,
        "operatingIncome": 27825000,
        "operatingIncomeRatio": 0.1643881747,
        "totalOtherIncomeExpensesNet": -5226000,
        "incomeBeforeTax": 22599000,
        "incomeBeforeTaxRatio": 0.1335133283,
        "incomeTaxExpense": 10312000,
        "netIncome": 12287000,
        "netIncomeRatio": 0.0725907458,
        "eps": 0.31,
        "epsdiluted": 0.31,
        "weightedAverageShsOut": 39635484,
        "weightedAverageShsOutDil": 39635484,
        "link": "https://www.sec.gov/Archives/edgar/data/887936/000119312506097969/0001193125-06-097969-index.htm",
        "finalLink": "https://www.sec.gov/Archives/edgar/data/887936/000119312506097969/d10q.htm"
    },
    {
        "date": "2005-12-31",
        "symbol": "FCN",
        "reportedCurrency": "USD",
        "cik": "0000887936",
        "fillingDate": "2006-03-07",
        "acceptedDate": "2006-03-06 18:17:20",
        "calendarYear": "2005",
        "period": "Q4",
        "revenue": 165825000,
        "costOfRevenue": 88714000,
        "grossProfit": 77111000,
        "grossProfitRatio": 0.4650143223,
        "researchAndDevelopmentExpenses": 0,
        "generalAndAdministrativeExpenses": 0,
        "sellingAndMarketingExpenses": 0,
        "sellingGeneralAndAdministrativeExpenses": 37697000,
        "otherExpenses": 2225000,
        "operatingExpenses": 39922000,
        "costAndExpenses": 128636000,
        "interestIncome": 0,
        "interestExpense": 0,
        "depreciationAndAmortization": 5277000,
        "ebitda": 42466000,
        "ebitdaratio": 0.2560892507,
        "operatingIncome": 37189000,
        "operatingIncomeRatio": 0.2242665461,
        "totalOtherIncomeExpensesNet": -5635000,
        "incomeBeforeTax": 31554000,
        "incomeBeforeTaxRatio": 0.1902849389,
        "incomeTaxExpense": 13253000,
        "netIncome": 18301000,
        "netIncomeRatio": 0.1103633348,
        "eps": 0.45,
        "epsdiluted": 0.44,
        "weightedAverageShsOut": 40846377,
        "weightedAverageShsOutDil": 41754074,
        "link": "https://www.sec.gov/Archives/edgar/data/887936/000119312506046295/0001193125-06-046295-index.htm",
        "finalLink": "https://www.sec.gov/Archives/edgar/data/887936/000119312506046295/d10k.htm"
    },
    {
        "date": "2005-09-30",
        "symbol": "FCN",
        "reportedCurrency": "USD",
        "cik": "0000887936",
        "fillingDate": "2005-11-01",
        "acceptedDate": "2005-10-31 20:47:37",
        "calendarYear": "2005",
        "period": "Q3",
        "revenue": 133189000,
        "costOfRevenue": 73341000,
        "grossProfit": 59848000,
        "grossProfitRatio": 0.4493464175,
        "researchAndDevelopmentExpenses": 0,
        "generalAndAdministrativeExpenses": 0,
        "sellingAndMarketingExpenses": 0,
        "sellingGeneralAndAdministrativeExpenses": 32587000,
        "otherExpenses": 1952000,
        "operatingExpenses": 34539000,
        "costAndExpenses": 107880000,
        "interestIncome": 0,
        "interestExpense": 0,
        "depreciationAndAmortization": 4948000,
        "ebitda": 30257000,
        "ebitdaratio": 0.2271734152,
        "operatingIncome": 25309000,
        "operatingIncomeRatio": 0.1900232001,
        "totalOtherIncomeExpensesNet": -5993000,
        "incomeBeforeTax": 19316000,
        "incomeBeforeTaxRatio": 0.1450269917,
        "incomeTaxExpense": 8113000,
        "netIncome": 11203000,
        "netIncomeRatio": 0.0841135529,
        "eps": 0.28,
        "epsdiluted": 0.27,
        "weightedAverageShsOut": 40010714,
        "weightedAverageShsOutDil": 41492593,
        "link": "https://www.sec.gov/Archives/edgar/data/887936/000119312505212273/0001193125-05-212273-index.htm",
        "finalLink": "https://www.sec.gov/Archives/edgar/data/887936/000119312505212273/d10q.htm"
    },
    {
        "date": "2005-06-30",
        "symbol": "FCN",
        "reportedCurrency": "USD",
        "cik": "0000887936",
        "fillingDate": "2005-07-27",
        "acceptedDate": "2005-07-27 16:41:55",
        "calendarYear": "2005",
        "period": "Q2",
        "revenue": 123917000,
        "costOfRevenue": 65192000,
        "grossProfit": 58725000,
        "grossProfitRatio": 0.4739059209,
        "researchAndDevelopmentExpenses": 0,
        "generalAndAdministrativeExpenses": 0,
        "sellingAndMarketingExpenses": 0,
        "sellingGeneralAndAdministrativeExpenses": 29290000,
        "otherExpenses": 1608000,
        "operatingExpenses": 30898000,
        "costAndExpenses": 96090000,
        "interestIncome": 0,
        "interestExpense": 0,
        "depreciationAndAmortization": 4319000,
        "ebitda": 32146000,
        "ebitdaratio": 0.2594155766,
        "operatingIncome": 27827000,
        "operatingIncomeRatio": 0.2245616017,
        "totalOtherIncomeExpensesNet": -3018000,
        "incomeBeforeTax": 24809000,
        "incomeBeforeTaxRatio": 0.2002065899,
        "incomeTaxExpense": 10420000,
        "netIncome": 14389000,
        "netIncomeRatio": 0.1161180468,
        "eps": 0.34,
        "epsdiluted": 0.33,
        "weightedAverageShsOut": 42320588,
        "weightedAverageShsOutDil": 43603030,
        "link": "https://www.sec.gov/Archives/edgar/data/887936/000119312505150036/0001193125-05-150036-index.htm",
        "finalLink": "https://www.sec.gov/Archives/edgar/data/887936/000119312505150036/d10q.htm"
    },
    {
        "date": "2005-03-31",
        "symbol": "FCN",
        "reportedCurrency": "USD",
        "cik": "0000887936",
        "fillingDate": "2005-05-04",
        "acceptedDate": "2005-05-04 11:27:42",
        "calendarYear": "2005",
        "period": "Q1",
        "revenue": 116614000,
        "costOfRevenue": 64345000,
        "grossProfit": 52269000,
        "grossProfitRatio": 0.4482223404,
        "researchAndDevelopmentExpenses": 0,
        "generalAndAdministrativeExpenses": 0,
        "sellingAndMarketingExpenses": 0,
        "sellingGeneralAndAdministrativeExpenses": 28153000,
        "otherExpenses": 749000,
        "operatingExpenses": 28902000,
        "costAndExpenses": 93247000,
        "interestIncome": 0,
        "interestExpense": 0,
        "depreciationAndAmortization": 3350000,
        "ebitda": 26717000,
        "ebitdaratio": 0.2291062823,
        "operatingIncome": 23063000,
        "operatingIncomeRatio": 0.1977721371,
        "totalOtherIncomeExpensesNet": -1555000,
        "incomeBeforeTax": 21508000,
        "incomeBeforeTaxRatio": 0.1844375461,
        "incomeTaxExpense": 9033000,
        "netIncome": 12475000,
        "netIncomeRatio": 0.1069768638,
        "eps": 0.29,
        "epsdiluted": 0.29,
        "weightedAverageShsOut": 43017241,
        "weightedAverageShsOutDil": 43017241,
        "link": "https://www.sec.gov/Archives/edgar/data/887936/000119312505095152/0001193125-05-095152-index.htm",
        "finalLink": "https://www.sec.gov/Archives/edgar/data/887936/000119312505095152/d10q.htm"
    },
    {
        "date": "2004-12-31",
        "symbol": "FCN",
        "reportedCurrency": "USD",
        "cik": "0000887936",
        "fillingDate": "2005-03-15",
        "acceptedDate": "2005-03-15 16:32:01",
        "calendarYear": "2004",
        "period": "Q4",
        "revenue": 104887000,
        "costOfRevenue": 58118000,
        "grossProfit": 46769000,
        "grossProfitRatio": 0.4458989198,
        "researchAndDevelopmentExpenses": 0,
        "generalAndAdministrativeExpenses": 0,
        "sellingAndMarketingExpenses": 0,
        "sellingGeneralAndAdministrativeExpenses": 25570000,
        "otherExpenses": 7286000,
        "operatingExpenses": 32856000,
        "costAndExpenses": 90974000,
        "interestIncome": 0,
        "interestExpense": 0,
        "depreciationAndAmortization": 5082000,
        "ebitda": 18995000,
        "ebitdaratio": 0.1810996596,
        "operatingIncome": 13913000,
        "operatingIncomeRatio": 0.1326475159,
        "totalOtherIncomeExpensesNet": -236000,
        "incomeBeforeTax": 13677000,
        "incomeBeforeTaxRatio": 0.1303974754,
        "incomeTaxExpense": 6060000,
        "netIncome": 7617000,
        "netIncomeRatio": 0.0726210112,
        "eps": 0.18,
        "epsdiluted": 0.18,
        "weightedAverageShsOut": 42037255,
        "weightedAverageShsOutDil": 42453465,
        "link": "https://www.sec.gov/Archives/edgar/data/887936/000119312505051105/0001193125-05-051105-index.htm",
        "finalLink": "https://www.sec.gov/Archives/edgar/data/887936/000119312505051105/d10k.htm"
    },
    {
        "date": "2004-09-30",
        "symbol": "FCN",
        "reportedCurrency": "USD",
        "cik": "0000887936",
        "fillingDate": "2004-11-09",
        "acceptedDate": "2004-11-09 12:06:50",
        "calendarYear": "2004",
        "period": "Q3",
        "revenue": 104433000,
        "costOfRevenue": 56677000,
        "grossProfit": 47756000,
        "grossProfitRatio": 0.457288405,
        "researchAndDevelopmentExpenses": 0,
        "generalAndAdministrativeExpenses": 0,
        "sellingAndMarketingExpenses": 0,
        "sellingGeneralAndAdministrativeExpenses": 25830000,
        "otherExpenses": 1244000,
        "operatingExpenses": 27074000,
        "costAndExpenses": 83813000,
        "interestIncome": 0,
        "interestExpense": 0,
        "depreciationAndAmortization": 3540000,
        "ebitda": 24160000,
        "ebitdaratio": 0.2313444984,
        "operatingIncome": 20620000,
        "operatingIncomeRatio": 0.1974471671,
        "totalOtherIncomeExpensesNet": -1375000,
        "incomeBeforeTax": 19245000,
        "incomeBeforeTaxRatio": 0.1842808308,
        "incomeTaxExpense": 8294000,
        "netIncome": 10951000,
        "netIncomeRatio": 0.1048614901,
        "eps": 0.26,
        "epsdiluted": 0.26,
        "weightedAverageShsOut": 42119231,
        "weightedAverageShsOutDil": 42119231,
        "link": "https://www.sec.gov/Archives/edgar/data/887936/000119312504190762/0001193125-04-190762-index.htm",
        "finalLink": "https://www.sec.gov/Archives/edgar/data/887936/000119312504190762/d10q.htm"
    },
    {
        "date": "2004-06-30",
        "symbol": "FCN",
        "reportedCurrency": "USD",
        "cik": "0000887936",
        "fillingDate": "2004-08-06",
        "acceptedDate": "2004-08-06 11:23:49",
        "calendarYear": "2004",
        "period": "Q2",
        "revenue": 107445000,
        "costOfRevenue": 58309000,
        "grossProfit": 49136000,
        "grossProfitRatio": 0.4573130439,
        "researchAndDevelopmentExpenses": 0,
        "generalAndAdministrativeExpenses": 0,
        "sellingAndMarketingExpenses": 0,
        "sellingGeneralAndAdministrativeExpenses": 24840000,
        "otherExpenses": 1255000,
        "operatingExpenses": 26095000,
        "costAndExpenses": 84404000,
        "interestIncome": 0,
        "interestExpense": 0,
        "depreciationAndAmortization": 3506000,
        "ebitda": 26547000,
        "ebitdaratio": 0.2470752478,
        "operatingIncome": 23041000,
        "operatingIncomeRatio": 0.2144445996,
        "totalOtherIncomeExpensesNet": -1396000,
        "incomeBeforeTax": 21645000,
        "incomeBeforeTaxRatio": 0.2014519056,
        "incomeTaxExpense": 8852000,
        "netIncome": 12793000,
        "netIncomeRatio": 0.1190655684,
        "eps": 0.3,
        "epsdiluted": 0.3,
        "weightedAverageShsOut": 42643333,
        "weightedAverageShsOutDil": 42643333,
        "link": "https://www.sec.gov/Archives/edgar/data/887936/000119312504133884/0001193125-04-133884-index.htm",
        "finalLink": "https://www.sec.gov/Archives/edgar/data/887936/000119312504133884/d10q.htm"
    },
    {
        "date": "2004-03-31",
        "symbol": "FCN",
        "reportedCurrency": "USD",
        "cik": "0000887936",
        "fillingDate": "2004-05-10",
        "acceptedDate": "2004-05-10 09:33:21",
        "calendarYear": "2004",
        "period": "Q1",
        "revenue": 110240000,
        "costOfRevenue": 61866000,
        "grossProfit": 48374000,
        "grossProfitRatio": 0.4388062409,
        "researchAndDevelopmentExpenses": 0,
        "generalAndAdministrativeExpenses": 0,
        "sellingAndMarketingExpenses": 0,
        "sellingGeneralAndAdministrativeExpenses": 25758000,
        "otherExpenses": 1721000,
        "operatingExpenses": 27479000,
        "costAndExpenses": 89345000,
        "interestIncome": 0,
        "interestExpense": 0,
        "depreciationAndAmortization": 3821000,
        "ebitda": 24716000,
        "ebitdaratio": 0.2242017417,
        "operatingIncome": 20895000,
        "operatingIncomeRatio": 0.1895410015,
        "totalOtherIncomeExpensesNet": -1407000,
        "incomeBeforeTax": 19488000,
        "incomeBeforeTaxRatio": 0.176777939,
        "incomeTaxExpense": 7971000,
        "netIncome": 11517000,
        "netIncomeRatio": 0.104472061,
        "eps": 0.27,
        "epsdiluted": 0.27,
        "weightedAverageShsOut": 42655556,
        "weightedAverageShsOutDil": 42655556,
        "link": "https://www.sec.gov/Archives/edgar/data/887936/000119312504083021/0001193125-04-083021-index.htm",
        "finalLink": "https://www.sec.gov/Archives/edgar/data/887936/000119312504083021/d10q.htm"
    },
    {
        "date": "2003-12-31",
        "symbol": "FCN",
        "reportedCurrency": "USD",
        "cik": "0000887936",
        "fillingDate": "2004-03-12",
        "acceptedDate": "2004-03-12 14:42:17",
        "calendarYear": "2003",
        "period": "Q4",
        "revenue": 96225000,
        "costOfRevenue": 49355000,
        "grossProfit": 46870000,
        "grossProfitRatio": 0.4870875552,
        "researchAndDevelopmentExpenses": 0,
        "generalAndAdministrativeExpenses": 0,
        "sellingAndMarketingExpenses": 0,
        "sellingGeneralAndAdministrativeExpenses": 19658000,
        "otherExpenses": 4415000,
        "operatingExpenses": 24073000,
        "costAndExpenses": 73428000,
        "interestIncome": 0,
        "interestExpense": 1873000,
        "depreciationAndAmortization": 3676000,
        "ebitda": 26473000,
        "ebitdaratio": 0.2751156144,
        "operatingIncome": 22797000,
        "operatingIncomeRatio": 0.236913484,
        "totalOtherIncomeExpensesNet": -780000,
        "incomeBeforeTax": 22017000,
        "incomeBeforeTaxRatio": 0.2288074825,
        "incomeTaxExpense": 9353000,
        "netIncome": 12664000,
        "netIncomeRatio": 0.1316082099,
        "eps": 0.31,
        "epsdiluted": 0.3,
        "weightedAverageShsOut": 41013103,
        "weightedAverageShsOutDil": 42176596,
        "link": "https://www.sec.gov/Archives/edgar/data/887936/000119312504040354/0001193125-04-040354-index.htm",
        "finalLink": "https://www.sec.gov/Archives/edgar/data/887936/000119312504040354/d10k.htm"
    },
    {
        "date": "2003-09-30",
        "symbol": "FCN",
        "reportedCurrency": "USD",
        "cik": "0000887936",
        "fillingDate": "2003-11-13",
        "acceptedDate": "2003-11-13 12:32:54",
        "calendarYear": "2003",
        "period": "Q3",
        "revenue": 83593000,
        "costOfRevenue": 37388000,
        "grossProfit": 46205000,
        "grossProfitRatio": 0.5527376694,
        "researchAndDevelopmentExpenses": 0,
        "generalAndAdministrativeExpenses": 0,
        "sellingAndMarketingExpenses": 0,
        "sellingGeneralAndAdministrativeExpenses": 19165000,
        "otherExpenses": 775000,
        "operatingExpenses": 19940000,
        "costAndExpenses": 57328000,
        "interestIncome": 0,
        "interestExpense": 0,
        "depreciationAndAmortization": 2601000,
        "ebitda": 28866000,
        "ebitdaratio": 0.3453159954,
        "operatingIncome": 26265000,
        "operatingIncomeRatio": 0.3142009498,
        "totalOtherIncomeExpensesNet": -845000,
        "incomeBeforeTax": 25420000,
        "incomeBeforeTaxRatio": 0.3040924479,
        "incomeTaxExpense": 10295000,
        "netIncome": 15162000,
        "netIncomeRatio": 0.1813788236,
        "eps": 0.36,
        "epsdiluted": 0.36,
        "weightedAverageShsOut": 42116667,
        "weightedAverageShsOutDil": 42116667,
        "link": "https://www.sec.gov/Archives/edgar/data/887936/000119312503079724/0001193125-03-079724-index.htm",
        "finalLink": "https://www.sec.gov/Archives/edgar/data/887936/000119312503079724/d10q.htm"
    },
    {
        "date": "2003-06-30",
        "symbol": "FCN",
        "reportedCurrency": "USD",
        "cik": "0000887936",
        "fillingDate": "2003-08-14",
        "acceptedDate": "2003-08-13 17:49:29",
        "calendarYear": "2003",
        "period": "Q2",
        "revenue": 94526000,
        "costOfRevenue": 43074000,
        "grossProfit": 51452000,
        "grossProfitRatio": 0.5443158496,
        "researchAndDevelopmentExpenses": 0,
        "generalAndAdministrativeExpenses": 0,
        "sellingAndMarketingExpenses": 0,
        "sellingGeneralAndAdministrativeExpenses": 18787000,
        "otherExpenses": 775000,
        "operatingExpenses": 19562000,
        "costAndExpenses": 62636000,
        "interestIncome": 0,
        "interestExpense": 0,
        "depreciationAndAmortization": 2076000,
        "ebitda": 33966000,
        "ebitdaratio": 0.3593297082,
        "operatingIncome": 31890000,
        "operatingIncomeRatio": 0.3373674968,
        "totalOtherIncomeExpensesNet": -741000,
        "incomeBeforeTax": 31149000,
        "incomeBeforeTaxRatio": 0.3295283837,
        "incomeTaxExpense": 12615000,
        "netIncome": 12200000,
        "netIncomeRatio": 0.1290650191,
        "eps": 0.3,
        "epsdiluted": 0.29,
        "weightedAverageShsOut": 40666667,
        "weightedAverageShsOutDil": 42068966,
        "link": "https://www.sec.gov/Archives/edgar/data/887936/000119312503036272/0001193125-03-036272-index.htm",
        "finalLink": "https://www.sec.gov/Archives/edgar/data/887936/000119312503036272/d10q.htm"
    },
    {
        "date": "2003-03-31",
        "symbol": "FCN",
        "reportedCurrency": "USD",
        "cik": "0000887936",
        "fillingDate": "2003-05-14",
        "acceptedDate": "2003-05-14 13:53:32",
        "calendarYear": "2003",
        "period": "Q1",
        "revenue": 101351000,
        "costOfRevenue": 46536000,
        "grossProfit": 54815000,
        "grossProfitRatio": 0.5408432083,
        "researchAndDevelopmentExpenses": 0,
        "generalAndAdministrativeExpenses": 0,
        "sellingAndMarketingExpenses": 0,
        "sellingGeneralAndAdministrativeExpenses": 21167000,
        "otherExpenses": 775000,
        "operatingExpenses": 21942000,
        "costAndExpenses": 68478000,
        "interestIncome": 0,
        "interestExpense": 0,
        "depreciationAndAmortization": 2330000,
        "ebitda": 35203000,
        "ebitdaratio": 0.3473374708,
        "operatingIncome": 32873000,
        "operatingIncomeRatio": 0.3243480577,
        "totalOtherIncomeExpensesNet": -1830000,
        "incomeBeforeTax": 31043000,
        "incomeBeforeTaxRatio": 0.3062919951,
        "incomeTaxExpense": 12575000,
        "netIncome": 19443000,
        "netIncomeRatio": 0.191838265,
        "eps": 0.5,
        "epsdiluted": 0.48,
        "weightedAverageShsOut": 38886000,
        "weightedAverageShsOutDil": 40506250,
        "link": "https://www.sec.gov/Archives/edgar/data/887936/000102140803007724/0001021408-03-007724-index.htm",
        "finalLink": "https://www.sec.gov/Archives/edgar/data/887936/000102140803007724/d10q.htm"
    },
    {
        "date": "2002-12-31",
        "symbol": "FCN",
        "reportedCurrency": "USD",
        "cik": "0000887936",
        "fillingDate": "2003-03-27",
        "acceptedDate": "2003-03-27 17:00:46",
        "calendarYear": "2002",
        "period": "Q4",
        "revenue": 90557000,
        "costOfRevenue": 42592000,
        "grossProfit": 47965000,
        "grossProfitRatio": 0.529666398,
        "researchAndDevelopmentExpenses": 0,
        "generalAndAdministrativeExpenses": 0,
        "sellingAndMarketingExpenses": 0,
        "sellingGeneralAndAdministrativeExpenses": 18851000,
        "otherExpenses": 781000,
        "operatingExpenses": 19632000,
        "costAndExpenses": 62224000,
        "interestIncome": 0,
        "interestExpense": 0,
        "depreciationAndAmortization": 2101000,
        "ebitda": 30434000,
        "ebitdaratio": 0.3360756209,
        "operatingIncome": 28333000,
        "operatingIncomeRatio": 0.312874764,
        "totalOtherIncomeExpensesNet": -2135000,
        "incomeBeforeTax": 26198000,
        "incomeBeforeTaxRatio": 0.2892984529,
        "incomeTaxExpense": 10683000,
        "netIncome": 14978000,
        "netIncomeRatio": 0.1653985887,
        "eps": 0.47,
        "epsdiluted": 0.44,
        "weightedAverageShsOut": 32036207,
        "weightedAverageShsOutDil": 34198160,
        "link": "https://www.sec.gov/Archives/edgar/data/887936/000095010903001765/0000950109-03-001765-index.htm",
        "finalLink": "https://www.sec.gov/Archives/edgar/data/887936/000095010903001765/d10k.htm"
    },
    {
        "date": "2002-09-30",
        "symbol": "FCN",
        "reportedCurrency": "USD",
        "cik": "0000887936",
        "fillingDate": "2002-11-14",
        "acceptedDate": "2002-11-14 08:50:43",
        "calendarYear": "2002",
        "period": "Q3",
        "revenue": 55859000,
        "costOfRevenue": 27278000,
        "grossProfit": 28581000,
        "grossProfitRatio": 0.5116632951,
        "researchAndDevelopmentExpenses": 0,
        "generalAndAdministrativeExpenses": 0,
        "sellingAndMarketingExpenses": 0,
        "sellingGeneralAndAdministrativeExpenses": 13246000,
        "otherExpenses": 252000,
        "operatingExpenses": 13498000,
        "costAndExpenses": 40776000,
        "interestIncome": 0,
        "interestExpense": 0,
        "depreciationAndAmortization": 1578000,
        "ebitda": 16661000,
        "ebitdaratio": 0.2982688555,
        "operatingIncome": 15083000,
        "operatingIncomeRatio": 0.2700191554,
        "totalOtherIncomeExpensesNet": -1251000,
        "incomeBeforeTax": 13832000,
        "incomeBeforeTaxRatio": 0.2476234805,
        "incomeTaxExpense": 5577000,
        "netIncome": 8893000,
        "netIncomeRatio": 0.1592044254,
        "eps": 0.27,
        "epsdiluted": 0.26,
        "weightedAverageShsOut": 32535366,
        "weightedAverageShsOutDil": 34203846,
        "link": "https://www.sec.gov/Archives/edgar/data/887936/000102140802014003/0001021408-02-014003-index.htm",
        "finalLink": "https://www.sec.gov/Archives/edgar/data/887936/000102140802014003/d10q.htm"
    },
    {
        "date": "2002-06-30",
        "symbol": "FCN",
        "reportedCurrency": "USD",
        "cik": "0000887936",
        "fillingDate": "2002-08-13",
        "acceptedDate": "2002-08-13 10:50:34",
        "calendarYear": "2002",
        "period": "Q2",
        "revenue": 51075000,
        "costOfRevenue": 25928000,
        "grossProfit": 25147000,
        "grossProfitRatio": 0.4923543808,
        "researchAndDevelopmentExpenses": 0,
        "generalAndAdministrativeExpenses": 0,
        "sellingAndMarketingExpenses": 0,
        "sellingGeneralAndAdministrativeExpenses": 13304000,
        "otherExpenses": 0,
        "operatingExpenses": 13304000,
        "costAndExpenses": 39232000,
        "interestIncome": 0,
        "interestExpense": 0,
        "depreciationAndAmortization": 1215000,
        "ebitda": 13058000,
        "ebitdaratio": 0.2556632403,
        "operatingIncome": 11843000,
        "operatingIncomeRatio": 0.2318746941,
        "totalOtherIncomeExpensesNet": -602000,
        "incomeBeforeTax": 11241000,
        "incomeBeforeTaxRatio": 0.2200881057,
        "incomeTaxExpense": 4553000,
        "netIncome": 6688000,
        "netIncomeRatio": 0.1309446892,
        "eps": 0.22,
        "epsdiluted": 0.21,
        "weightedAverageShsOut": 30400000,
        "weightedAverageShsOutDil": 32361290,
        "link": "https://www.sec.gov/Archives/edgar/data/887936/000102140802010562/0001021408-02-010562-index.htm",
        "finalLink": "https://www.sec.gov/Archives/edgar/data/887936/000102140802010562/d10q.txt"
    },
    {
        "date": "2002-03-31",
        "symbol": "FCN",
        "reportedCurrency": "USD",
        "cik": "0000887936",
        "fillingDate": "2002-05-09",
        "acceptedDate": "2002-05-09 16:49:33",
        "calendarYear": "2002",
        "period": "Q1",
        "revenue": 50680000,
        "costOfRevenue": 25458000,
        "grossProfit": 25222000,
        "grossProfitRatio": 0.4976716654,
        "researchAndDevelopmentExpenses": 0,
        "generalAndAdministrativeExpenses": 0,
        "sellingAndMarketingExpenses": 0,
        "sellingGeneralAndAdministrativeExpenses": 13386000,
        "otherExpenses": 0,
        "operatingExpenses": 13386000,
        "costAndExpenses": 38844000,
        "interestIncome": 0,
        "interestExpense": 0,
        "depreciationAndAmortization": 1086000,
        "ebitda": 12922000,
        "ebitdaratio": 0.2549723757,
        "operatingIncome": 11836000,
        "operatingIncomeRatio": 0.2335438043,
        "totalOtherIncomeExpensesNet": -738000,
        "incomeBeforeTax": 11098000,
        "incomeBeforeTaxRatio": 0.2189818469,
        "incomeTaxExpense": 4494000,
        "netIncome": 6604000,
        "netIncomeRatio": 0.1303078137,
        "eps": 0.22,
        "epsdiluted": 0.21,
        "weightedAverageShsOut": 30018182,
        "weightedAverageShsOutDil": 31954839,
        "link": "https://www.sec.gov/Archives/edgar/data/887936/000095016902000119/0000950169-02-000119-index.htm",
        "finalLink": "https://www.sec.gov/Archives/edgar/data/887936/000095016902000119/d10q.txt"
    },
    {
        "date": "2001-12-31",
        "symbol": "FCN",
        "reportedCurrency": "USD",
        "cik": "0000887936",
        "fillingDate": "2002-03-27",
        "acceptedDate": "2002-03-27 00:00:00",
        "calendarYear": "2001",
        "period": "Q4",
        "revenue": 42175000,
        "costOfRevenue": 19154000,
        "grossProfit": 23021000,
        "grossProfitRatio": 0.5458446947,
        "researchAndDevelopmentExpenses": 0,
        "generalAndAdministrativeExpenses": 0,
        "sellingAndMarketingExpenses": 0,
        "sellingGeneralAndAdministrativeExpenses": 12871000,
        "otherExpenses": 1287000,
        "operatingExpenses": 14158000,
        "costAndExpenses": 33312000,
        "interestIncome": 0,
        "interestExpense": 0,
        "depreciationAndAmortization": 2387000,
        "ebitda": 11250000,
        "ebitdaratio": 0.2667457024,
        "operatingIncome": 8863000,
        "operatingIncomeRatio": 0.2101481921,
        "totalOtherIncomeExpensesNet": -797000,
        "incomeBeforeTax": 8066000,
        "incomeBeforeTaxRatio": 0.191250741,
        "incomeTaxExpense": 3230000,
        "netIncome": 4836000,
        "netIncomeRatio": 0.114665086,
        "eps": 0.18,
        "epsdiluted": 0.16,
        "weightedAverageShsOut": 26851630,
        "weightedAverageShsOutDil": 29408929,
        "link": "https://www.sec.gov/Archives/edgar/data/887936/000095010902001667/0000950109-02-001667-index.htm",
        "finalLink": "https://www.sec.gov/Archives/edgar/data/887936/000095010902001667/d10k.txt"
    },
    {
        "date": "2001-09-30",
        "symbol": "FCN",
        "reportedCurrency": "USD",
        "cik": "0000887936",
        "fillingDate": "2001-11-08",
        "acceptedDate": "2001-11-08 00:00:00",
        "calendarYear": "2001",
        "period": "Q3",
        "revenue": 40555000,
        "costOfRevenue": 20814000,
        "grossProfit": 19741000,
        "grossProfitRatio": 0.4867710517,
        "researchAndDevelopmentExpenses": 0,
        "generalAndAdministrativeExpenses": 0,
        "sellingAndMarketingExpenses": 0,
        "sellingGeneralAndAdministrativeExpenses": 8406000,
        "otherExpenses": 1052000,
        "operatingExpenses": 9458000,
        "costAndExpenses": 24325000,
        "interestIncome": 0,
        "interestExpense": 0,
        "depreciationAndAmortization": 2168000,
        "ebitda": 7040000,
        "ebitdaratio": 0.1735914191,
        "operatingIncome": 7007000,
        "operatingIncomeRatio": 0.1727777093,
        "totalOtherIncomeExpensesNet": -966000,
        "incomeBeforeTax": 6036000,
        "incomeBeforeTaxRatio": 0.1488349155,
        "incomeTaxExpense": 2414000,
        "netIncome": 3622000,
        "netIncomeRatio": 0.0893108125,
        "eps": 0.13,
        "epsdiluted": 0.12,
        "weightedAverageShsOut": 28110382,
        "weightedAverageShsOutDil": 30479513,
        "link": "https://www.sec.gov/Archives/edgar/data/887936/000102140801509587/0001021408-01-509587-index.htm",
        "finalLink": "https://www.sec.gov/Archives/edgar/data/887936/000102140801509587/d10q.txt"
    },
    {
        "date": "2001-06-30",
        "symbol": "FCN",
        "reportedCurrency": "USD",
        "cik": "0000887936",
        "fillingDate": "2001-08-02",
        "acceptedDate": "2001-08-02 00:00:00",
        "calendarYear": "2001",
        "period": "Q2",
        "revenue": 42154000,
        "costOfRevenue": 19810000,
        "grossProfit": 22344000,
        "grossProfitRatio": 0.5300564596,
        "researchAndDevelopmentExpenses": 0,
        "generalAndAdministrativeExpenses": 0,
        "sellingAndMarketingExpenses": 0,
        "sellingGeneralAndAdministrativeExpenses": 10945000,
        "otherExpenses": 1255000,
        "operatingExpenses": 12200000,
        "costAndExpenses": 33864000,
        "interestIncome": 0,
        "interestExpense": 0,
        "depreciationAndAmortization": 2195000,
        "ebitda": 10485000,
        "ebitdaratio": 0.248730844,
        "operatingIncome": 8290000,
        "operatingIncomeRatio": 0.1966598662,
        "totalOtherIncomeExpensesNet": -1147000,
        "incomeBeforeTax": 7143000,
        "incomeBeforeTaxRatio": 0.1694501115,
        "incomeTaxExpense": 2967000,
        "netIncome": 4176000,
        "netIncomeRatio": 0.0990653319,
        "eps": 0.16,
        "epsdiluted": 0.15,
        "weightedAverageShsOut": 25829085,
        "weightedAverageShsOutDil": 28788606,
        "link": "https://www.sec.gov/Archives/edgar/data/887936/000102140801504369/0001021408-01-504369-index.htm",
        "finalLink": "https://www.sec.gov/Archives/edgar/data/887936/000102140801504369/d10q.txt"
    },
    {
        "date": "2001-03-31",
        "symbol": "FCN",
        "reportedCurrency": "USD",
        "cik": "0000887936",
        "fillingDate": "2001-05-07",
        "acceptedDate": "2001-05-07 00:00:00",
        "calendarYear": "2001",
        "period": "Q1",
        "revenue": 41475000,
        "costOfRevenue": 21806000,
        "grossProfit": 19669000,
        "grossProfitRatio": 0.4742374925,
        "researchAndDevelopmentExpenses": 0,
        "generalAndAdministrativeExpenses": 0,
        "sellingAndMarketingExpenses": 0,
        "sellingGeneralAndAdministrativeExpenses": 10307000,
        "otherExpenses": 1252000,
        "operatingExpenses": 11559000,
        "costAndExpenses": 33365000,
        "interestIncome": 0,
        "interestExpense": 0,
        "depreciationAndAmortization": 2166000,
        "ebitda": 10276000,
        "ebitdaratio": 0.2477637131,
        "operatingIncome": 8110000,
        "operatingIncomeRatio": 0.1955394816,
        "totalOtherIncomeExpensesNet": -1443000,
        "incomeBeforeTax": 6667000,
        "incomeBeforeTaxRatio": 0.1607474382,
        "incomeTaxExpense": 2834000,
        "netIncome": 3834000,
        "netIncomeRatio": 0.0924412297,
        "eps": 0.16,
        "epsdiluted": 0.14,
        "weightedAverageShsOut": 23962500,
        "weightedAverageShsOutDil": 26957812,
        "link": "https://www.sec.gov/Archives/edgar/data/887936/000095016901500053/0000950169-01-500053-index.htm",
        "finalLink": "https://www.sec.gov/Archives/edgar/data/887936/000095016901500053/d10q.txt"
    },
    {
        "date": "2000-12-31",
        "symbol": "FCN",
        "reportedCurrency": "USD",
        "cik": "0000887936",
        "fillingDate": "2001-03-29",
        "acceptedDate": "2001-03-29 00:00:00",
        "calendarYear": "2000",
        "period": "Q4",
        "revenue": 35771000,
        "costOfRevenue": 17968000,
        "grossProfit": 17803000,
        "grossProfitRatio": 0.4976936625,
        "researchAndDevelopmentExpenses": 0,
        "generalAndAdministrativeExpenses": 0,
        "sellingAndMarketingExpenses": 0,
        "sellingGeneralAndAdministrativeExpenses": 9256000,
        "otherExpenses": 1998000,
        "operatingExpenses": 11254000,
        "costAndExpenses": 29222000,
        "interestIncome": 0,
        "interestExpense": 0,
        "depreciationAndAmortization": 1998000,
        "ebitda": 8547000,
        "ebitdaratio": 0.2389365687,
        "operatingIncome": 6549000,
        "operatingIncomeRatio": 0.1830812669,
        "totalOtherIncomeExpensesNet": -2134000,
        "incomeBeforeTax": 4415000,
        "incomeBeforeTaxRatio": 0.1234240027,
        "incomeTaxExpense": 1756000,
        "netIncome": -1865000,
        "netIncomeRatio": -0.0521372061,
        "eps": -0.13,
        "epsdiluted": -0.1,
        "weightedAverageShsOut": 14026056,
        "weightedAverageShsOutDil": 18007031,
        "link": "https://www.sec.gov/Archives/edgar/data/887936/000092838501000930/0000928385-01-000930-index.htm",
        "finalLink": "https://www.sec.gov/Archives/edgar/data/887936/000092838501000930/0000928385-01-000930-0001.txt"
    },
    {
        "date": "2000-09-30",
        "symbol": "FCN",
        "reportedCurrency": "USD",
        "cik": "0000887936",
        "fillingDate": "2000-11-13",
        "acceptedDate": "2000-11-13 00:00:00",
        "calendarYear": "2000",
        "period": "Q3",
        "revenue": 33395000,
        "costOfRevenue": 16400000,
        "grossProfit": 16995000,
        "grossProfitRatio": 0.5089085192,
        "researchAndDevelopmentExpenses": 0,
        "generalAndAdministrativeExpenses": 0,
        "sellingAndMarketingExpenses": 0,
        "sellingGeneralAndAdministrativeExpenses": 9265000,
        "otherExpenses": 1965000,
        "operatingExpenses": 11230000,
        "costAndExpenses": 27630000,
        "interestIncome": 0,
        "interestExpense": 0,
        "depreciationAndAmortization": 1965000,
        "ebitda": 7730000,
        "ebitdaratio": 0.2314717772,
        "operatingIncome": 5765000,
        "operatingIncomeRatio": 0.1726306333,
        "totalOtherIncomeExpensesNet": -3143000,
        "incomeBeforeTax": 2622000,
        "incomeBeforeTaxRatio": 0.0785147477,
        "incomeTaxExpense": 1154000,
        "netIncome": 1468000,
        "netIncomeRatio": 0.0439586764,
        "eps": 0.0978,
        "epsdiluted": 0.0844,
        "weightedAverageShsOut": 15013636,
        "weightedAverageShsOutDil": 17384211,
        "link": "https://www.sec.gov/Archives/edgar/data/887936/000095016900001294/0000950169-00-001294-index.htm",
        "finalLink": "https://www.sec.gov/Archives/edgar/data/887936/000095016900001294/0000950169-00-001294-0001.txt"
    },
    {
        "date": "2000-06-30",
        "symbol": "FCN",
        "reportedCurrency": "USD",
        "cik": "0000887936",
        "fillingDate": "2000-08-03",
        "acceptedDate": "2000-08-03 00:00:00",
        "calendarYear": "2000",
        "period": "Q2",
        "revenue": 34585000,
        "costOfRevenue": 16787000,
        "grossProfit": 17798000,
        "grossProfitRatio": 0.5146161631,
        "researchAndDevelopmentExpenses": 0,
        "generalAndAdministrativeExpenses": 0,
        "sellingAndMarketingExpenses": 0,
        "sellingGeneralAndAdministrativeExpenses": 9297000,
        "otherExpenses": 1881000,
        "operatingExpenses": 11178000,
        "costAndExpenses": 27965000,
        "interestIncome": 0,
        "interestExpense": 0,
        "depreciationAndAmortization": 1881000,
        "ebitda": 8501000,
        "ebitdaratio": 0.2458002024,
        "operatingIncome": 6620000,
        "operatingIncomeRatio": 0.1914124621,
        "totalOtherIncomeExpensesNet": -3142000,
        "incomeBeforeTax": 3478000,
        "incomeBeforeTaxRatio": 0.1005638282,
        "incomeTaxExpense": 1530000,
        "netIncome": 1948000,
        "netIncomeRatio": 0.0563249964,
        "eps": 0.13,
        "epsdiluted": 0.12,
        "weightedAverageShsOut": 14610000,
        "weightedAverageShsOutDil": 16857692,
        "link": "https://www.sec.gov/Archives/edgar/data/887936/000095016900000727/0000950169-00-000727-index.htm",
        "finalLink": "https://www.sec.gov/Archives/edgar/data/887936/000095016900000727/0000950169-00-000727-0001.txt"
    },
    {
        "date": "2000-03-31",
        "symbol": "FCN",
        "reportedCurrency": "USD",
        "cik": "0000887936",
        "fillingDate": "2000-05-12",
        "acceptedDate": "2000-05-12 00:00:00",
        "calendarYear": "2000",
        "period": "Q1",
        "revenue": 31013000,
        "costOfRevenue": 14743000,
        "grossProfit": 16270000,
        "grossProfitRatio": 0.5246187083,
        "researchAndDevelopmentExpenses": 0,
        "generalAndAdministrativeExpenses": 0,
        "sellingAndMarketingExpenses": 0,
        "sellingGeneralAndAdministrativeExpenses": 8914000,
        "otherExpenses": 1648000,
        "operatingExpenses": 10562000,
        "costAndExpenses": 25305000,
        "interestIncome": 0,
        "interestExpense": 0,
        "depreciationAndAmortization": 1648000,
        "ebitda": 7356000,
        "ebitdaratio": 0.2371908554,
        "operatingIncome": 5708000,
        "operatingIncomeRatio": 0.1840518492,
        "totalOtherIncomeExpensesNet": -2352000,
        "incomeBeforeTax": 3356000,
        "incomeBeforeTaxRatio": 0.108212685,
        "incomeTaxExpense": 1476000,
        "netIncome": 1011000,
        "netIncomeRatio": 0.0325992326,
        "eps": 0.0756,
        "epsdiluted": 0.0711,
        "weightedAverageShsOut": 13380882,
        "weightedAverageShsOutDil": 14217188,
        "link": "https://www.sec.gov/Archives/edgar/data/887936/000095016900000488/0000950169-00-000488-index.html",
        "finalLink": "https://www.sec.gov/Archives/edgar/data/887936/000095016900000488/"
    },
    {
        "date": "1999-12-31",
        "symbol": "FCN",
        "reportedCurrency": "USD",
        "cik": "0000887936",
        "fillingDate": "2000-03-30",
        "acceptedDate": "2000-03-30 00:00:00",
        "calendarYear": "1999",
        "period": "Q4",
        "revenue": 22500000,
        "costOfRevenue": 11000000,
        "grossProfit": 11500000,
        "grossProfitRatio": 0.5111111111,
        "researchAndDevelopmentExpenses": 0,
        "generalAndAdministrativeExpenses": 0,
        "sellingAndMarketingExpenses": 0,
        "sellingGeneralAndAdministrativeExpenses": 7200000,
        "otherExpenses": 1400000,
        "operatingExpenses": 8600000,
        "costAndExpenses": 19600000,
        "interestIncome": 0,
        "interestExpense": 0,
        "depreciationAndAmortization": 1400000,
        "ebitda": 4300000,
        "ebitdaratio": 0.1911111111,
        "operatingIncome": 2900000,
        "operatingIncomeRatio": 0.1288888889,
        "totalOtherIncomeExpensesNet": -1300000,
        "incomeBeforeTax": 1600000,
        "incomeBeforeTaxRatio": 0.0711111111,
        "incomeTaxExpense": 600000,
        "netIncome": 1000000,
        "netIncomeRatio": 0.0444444444,
        "eps": 0.0904,
        "epsdiluted": 0.0874,
        "weightedAverageShsOut": 11065574,
        "weightedAverageShsOutDil": 11440678,
        "link": "https://www.sec.gov/Archives/edgar/data/887936/000095016900000286/0000950169-00-000286-index.html",
        "finalLink": "https://www.sec.gov/Archives/edgar/data/887936/000095016900000286/"
    },
    {
        "date": "1999-09-30",
        "symbol": "FCN",
        "reportedCurrency": "USD",
        "cik": "0000887936",
        "fillingDate": "1999-11-09",
        "acceptedDate": "1999-11-09 00:00:00",
        "calendarYear": "1999",
        "period": "Q3",
        "revenue": 20900000,
        "costOfRevenue": 10500000,
        "grossProfit": 10400000,
        "grossProfitRatio": 0.4976076555,
        "researchAndDevelopmentExpenses": 0,
        "generalAndAdministrativeExpenses": 0,
        "sellingAndMarketingExpenses": 0,
        "sellingGeneralAndAdministrativeExpenses": 7100000,
        "otherExpenses": 1100000,
        "operatingExpenses": 8200000,
        "costAndExpenses": 18700000,
        "interestIncome": 0,
        "interestExpense": 0,
        "depreciationAndAmortization": 1100000,
        "ebitda": 3300000,
        "ebitdaratio": 0.1578947368,
        "operatingIncome": 2200000,
        "operatingIncomeRatio": 0.1052631579,
        "totalOtherIncomeExpensesNet": -1000000,
        "incomeBeforeTax": 1200000,
        "incomeBeforeTaxRatio": 0.0574162679,
        "incomeTaxExpense": 500000,
        "netIncome": 700000,
        "netIncomeRatio": 0.033492823,
        "eps": 0.0578,
        "epsdiluted": 0.0578,
        "weightedAverageShsOut": 12103188,
        "weightedAverageShsOutDil": 12103188,
        "link": "https://www.sec.gov/Archives/edgar/data/887936/000095016899002796/0000950168-99-002796-index.html",
        "finalLink": "https://www.sec.gov/Archives/edgar/data/887936/000095016899002796/"
    },
    {
        "date": "1999-06-30",
        "symbol": "FCN",
        "reportedCurrency": "USD",
        "cik": "0000887936",
        "fillingDate": "1999-08-16",
        "acceptedDate": "1999-08-16 00:00:00",
        "calendarYear": "1999",
        "period": "Q2",
        "revenue": 21300000,
        "costOfRevenue": 9600000,
        "grossProfit": 11700000,
        "grossProfitRatio": 0.5492957746,
        "researchAndDevelopmentExpenses": 0,
        "generalAndAdministrativeExpenses": 0,
        "sellingAndMarketingExpenses": 0,
        "sellingGeneralAndAdministrativeExpenses": 7800000,
        "otherExpenses": 1300000,
        "operatingExpenses": 9100000,
        "costAndExpenses": 18700000,
        "interestIncome": 0,
        "interestExpense": 0,
        "depreciationAndAmortization": 1300000,
        "ebitda": 3900000,
        "ebitdaratio": 0.1830985915,
        "operatingIncome": 2600000,
        "operatingIncomeRatio": 0.1220657277,
        "totalOtherIncomeExpensesNet": -1100000,
        "incomeBeforeTax": 1500000,
        "incomeBeforeTaxRatio": 0.0704225352,
        "incomeTaxExpense": 700000,
        "netIncome": 800000,
        "netIncomeRatio": 0.0375586854,
        "eps": 0.0712,
        "epsdiluted": 0.0667,
        "weightedAverageShsOut": 11238796,
        "weightedAverageShsOutDil": 11988072,
        "link": "https://www.sec.gov/Archives/edgar/data/887936/000095016899002258/0000950168-99-002258-index.html",
        "finalLink": "https://www.sec.gov/Archives/edgar/data/887936/000095016899002258/"
    },
    {
        "date": "1999-03-31",
        "symbol": "FCN",
        "reportedCurrency": "USD",
        "cik": "0000887936",
        "fillingDate": "1999-05-11",
        "acceptedDate": "1999-05-11 00:00:00",
        "calendarYear": "1999",
        "period": "Q1",
        "revenue": 20000000,
        "costOfRevenue": 9300000,
        "grossProfit": 10700000,
        "grossProfitRatio": 0.535,
        "researchAndDevelopmentExpenses": 0,
        "generalAndAdministrativeExpenses": 0,
        "sellingAndMarketingExpenses": 0,
        "sellingGeneralAndAdministrativeExpenses": 7800000,
        "otherExpenses": 1100000,
        "operatingExpenses": 8900000,
        "costAndExpenses": 18200000,
        "interestIncome": 0,
        "interestExpense": 0,
        "depreciationAndAmortization": 1100000,
        "ebitda": 2900000,
        "ebitdaratio": 0.145,
        "operatingIncome": 1800000,
        "operatingIncomeRatio": 0.09,
        "totalOtherIncomeExpensesNet": -700000,
        "incomeBeforeTax": 1100000,
        "incomeBeforeTaxRatio": 0.055,
        "incomeTaxExpense": 500000,
        "netIncome": 600000,
        "netIncomeRatio": 0.03,
        "eps": 0.0534,
        "epsdiluted": 0.0534,
        "weightedAverageShsOut": 11238691,
        "weightedAverageShsOutDil": 11238691,
        "link": "https://www.sec.gov/Archives/edgar/data/887936/000100515099000399/0001005150-99-000399-index.html",
        "finalLink": "https://www.sec.gov/Archives/edgar/data/887936/"
    },
    {
        "date": "1998-12-31",
        "symbol": "FCN",
        "reportedCurrency": "USD",
        "cik": "0000887936",
        "fillingDate": "1999-03-31",
        "acceptedDate": "1999-03-31 00:00:00",
        "calendarYear": "1998",
        "period": "Q4",
        "revenue": 19100000,
        "costOfRevenue": 8900000,
        "grossProfit": 10200000,
        "grossProfitRatio": 0.5340314136,
        "researchAndDevelopmentExpenses": 0,
        "generalAndAdministrativeExpenses": 0,
        "sellingAndMarketingExpenses": 0,
        "sellingGeneralAndAdministrativeExpenses": 7400000,
        "otherExpenses": 1100000,
        "operatingExpenses": 8500000,
        "costAndExpenses": 17400000,
        "interestIncome": 0,
        "interestExpense": 0,
        "depreciationAndAmortization": 1100000,
        "ebitda": 2800000,
        "ebitdaratio": 0.1465968586,
        "operatingIncome": 1700000,
        "operatingIncomeRatio": 0.0890052356,
        "totalOtherIncomeExpensesNet": -700000,
        "incomeBeforeTax": 1000000,
        "incomeBeforeTaxRatio": 0.0523560209,
        "incomeTaxExpense": 500000,
        "netIncome": 500000,
        "netIncomeRatio": 0.0261780105,
        "eps": 0.0462,
        "epsdiluted": 0.0436,
        "weightedAverageShsOut": 10833333,
        "weightedAverageShsOutDil": 11470588,
        "link": "https://www.sec.gov/Archives/edgar/data/887936/000100515099000248/0001005150-99-000248-index.html",
        "finalLink": "https://www.sec.gov/Archives/edgar/data/887936/"
    },
    {
        "date": "1998-09-30",
        "symbol": "FCN",
        "reportedCurrency": "USD",
        "cik": "0000887936",
        "fillingDate": "1998-12-10",
        "acceptedDate": "1998-12-10 00:00:00",
        "calendarYear": "1998",
        "period": "Q3",
        "revenue": 13500000,
        "costOfRevenue": 6300000,
        "grossProfit": 7200000,
        "grossProfitRatio": 0.5333333333,
        "researchAndDevelopmentExpenses": 0,
        "generalAndAdministrativeExpenses": 0,
        "sellingAndMarketingExpenses": 0,
        "sellingGeneralAndAdministrativeExpenses": 5400000,
        "otherExpenses": 800000,
        "operatingExpenses": 6200000,
        "costAndExpenses": 12500000,
        "interestIncome": 0,
        "interestExpense": 0,
        "depreciationAndAmortization": 800000,
        "ebitda": 1800000,
        "ebitdaratio": 0.1333333333,
        "operatingIncome": 1000000,
        "operatingIncomeRatio": 0.0740740741,
        "totalOtherIncomeExpensesNet": -300000,
        "incomeBeforeTax": 700000,
        "incomeBeforeTaxRatio": 0.0518518519,
        "incomeTaxExpense": 300000,
        "netIncome": 400000,
        "netIncomeRatio": 0.0296296296,
        "eps": 0.0356,
        "epsdiluted": 0.0356,
        "weightedAverageShsOut": 11238796,
        "weightedAverageShsOutDil": 11238796,
        "link": "https://www.sec.gov/Archives/edgar/data/887936/000100515098001205/0001005150-98-001205-index.html",
        "finalLink": "https://www.sec.gov/Archives/edgar/data/887936/"
    },
    {
        "date": "1998-06-30",
        "symbol": "FCN",
        "reportedCurrency": "USD",
        "cik": "0000887936",
        "fillingDate": "1998-08-13",
        "acceptedDate": "1998-08-13 00:00:00",
        "calendarYear": "1998",
        "period": "Q2",
        "revenue": 11900000,
        "costOfRevenue": 6200000,
        "grossProfit": 5700000,
        "grossProfitRatio": 0.4789915966,
        "researchAndDevelopmentExpenses": 0,
        "generalAndAdministrativeExpenses": 0,
        "sellingAndMarketingExpenses": 0,
        "sellingGeneralAndAdministrativeExpenses": 4100000,
        "otherExpenses": 500000,
        "operatingExpenses": 4600000,
        "costAndExpenses": 10800000,
        "interestIncome": 0,
        "interestExpense": 0,
        "depreciationAndAmortization": 500000,
        "ebitda": 1600000,
        "ebitdaratio": 0.1344537815,
        "operatingIncome": 1100000,
        "operatingIncomeRatio": 0.0924369748,
        "totalOtherIncomeExpensesNet": -100000,
        "incomeBeforeTax": 1000000,
        "incomeBeforeTaxRatio": 0.0840336134,
        "incomeTaxExpense": 400000,
        "netIncome": 600000,
        "netIncomeRatio": 0.0504201681,
        "eps": 0.0534,
        "epsdiluted": 0.0489,
        "weightedAverageShsOut": 11238691,
        "weightedAverageShsOutDil": 12260411,
        "link": "https://www.sec.gov/Archives/edgar/data/887936/000100515098000801/0001005150-98-000801-index.html",
        "finalLink": "https://www.sec.gov/Archives/edgar/data/887936/"
    },
    {
        "date": "1998-03-31",
        "symbol": "FCN",
        "reportedCurrency": "USD",
        "cik": "0000887936",
        "fillingDate": "1998-05-15",
        "acceptedDate": "1998-05-15 00:00:00",
        "calendarYear": "1998",
        "period": "Q1",
        "revenue": 14100000,
        "costOfRevenue": 7000000,
        "grossProfit": 7100000,
        "grossProfitRatio": 0.5035460993,
        "researchAndDevelopmentExpenses": 0,
        "generalAndAdministrativeExpenses": 0,
        "sellingAndMarketingExpenses": 0,
        "sellingGeneralAndAdministrativeExpenses": 4700000,
        "otherExpenses": 600000,
        "operatingExpenses": 5300000,
        "costAndExpenses": 12300000,
        "interestIncome": 0,
        "interestExpense": 0,
        "depreciationAndAmortization": 600000,
        "ebitda": 2400000,
        "ebitdaratio": 0.170212766,
        "operatingIncome": 1800000,
        "operatingIncomeRatio": 0.1276595745,
        "totalOtherIncomeExpensesNet": 100000,
        "incomeBeforeTax": 1900000,
        "incomeBeforeTaxRatio": 0.134751773,
        "incomeTaxExpense": 800000,
        "netIncome": 1100000,
        "netIncomeRatio": 0.0780141844,
        "eps": 0.11,
        "epsdiluted": 0.0979,
        "weightedAverageShsOut": 10302230,
        "weightedAverageShsOutDil": 11238710,
        "link": "https://www.sec.gov/Archives/edgar/data/887936/000100515098000504/0001005150-98-000504-index.html",
        "finalLink": "https://www.sec.gov/Archives/edgar/data/887936/"
    },
    {
        "date": "1997-12-31",
        "symbol": "FCN",
        "reportedCurrency": "USD",
        "cik": "0000887936",
        "fillingDate": "1998-03-31",
        "acceptedDate": "1998-03-31 00:00:00",
        "calendarYear": "1997",
        "period": "Q4",
        "revenue": 14500000,
        "costOfRevenue": 7100000,
        "grossProfit": 7400000,
        "grossProfitRatio": 0.5103448276,
        "researchAndDevelopmentExpenses": 0,
        "generalAndAdministrativeExpenses": 0,
        "sellingAndMarketingExpenses": 0,
        "sellingGeneralAndAdministrativeExpenses": 5100000,
        "otherExpenses": 600000,
        "operatingExpenses": 5700000,
        "costAndExpenses": 12800000,
        "interestIncome": 0,
        "interestExpense": 0,
        "depreciationAndAmortization": 600000,
        "ebitda": 2300000,
        "ebitdaratio": 0.1586206897,
        "operatingIncome": 1700000,
        "operatingIncomeRatio": 0.1172413793,
        "totalOtherIncomeExpensesNet": 0,
        "incomeBeforeTax": 1700000,
        "incomeBeforeTaxRatio": 0.1172413793,
        "incomeTaxExpense": 700000,
        "netIncome": 1000000,
        "netIncomeRatio": 0.0689655172,
        "eps": 0.0983,
        "epsdiluted": 0.0943,
        "weightedAverageShsOut": 10171233,
        "weightedAverageShsOutDil": 10607143,
        "link": "https://www.sec.gov/Archives/edgar/data/887936/000100515098000284/0001005150-98-000284-index.html",
        "finalLink": "https://www.sec.gov/Archives/edgar/data/887936/"
    },
    {
        "date": "1997-09-30",
        "symbol": "FCN",
        "reportedCurrency": "USD",
        "cik": "0000887936",
        "fillingDate": "1997-11-14",
        "acceptedDate": "1997-11-14 00:00:00",
        "calendarYear": "1997",
        "period": "Q3",
        "revenue": 10700000,
        "costOfRevenue": 4900000,
        "grossProfit": 5800000,
        "grossProfitRatio": 0.5420560748,
        "researchAndDevelopmentExpenses": 0,
        "generalAndAdministrativeExpenses": 0,
        "sellingAndMarketingExpenses": 0,
        "sellingGeneralAndAdministrativeExpenses": 3700000,
        "otherExpenses": 400000,
        "operatingExpenses": 4100000,
        "costAndExpenses": 9000000,
        "interestIncome": 0,
        "interestExpense": 0,
        "depreciationAndAmortization": 400000,
        "ebitda": 2100000,
        "ebitdaratio": 0.1962616822,
        "operatingIncome": 1700000,
        "operatingIncomeRatio": 0.1588785047,
        "totalOtherIncomeExpensesNet": 0,
        "incomeBeforeTax": 1700000,
        "incomeBeforeTaxRatio": 0.1588785047,
        "incomeTaxExpense": 700000,
        "netIncome": 1000000,
        "netIncomeRatio": 0.0934579439,
        "eps": 0.0934,
        "epsdiluted": 0.089,
        "weightedAverageShsOut": 10703544,
        "weightedAverageShsOutDil": 11238733,
        "link": "https://www.sec.gov/Archives/edgar/data/887936/000100515097000949/0001005150-97-000949-index.html",
        "finalLink": "https://www.sec.gov/Archives/edgar/data/887936/"
    },
    {
        "date": "1997-06-30",
        "symbol": "FCN",
        "reportedCurrency": "USD",
        "cik": "0000887936",
        "fillingDate": "1997-08-14",
        "acceptedDate": "1997-08-14 00:00:00",
        "calendarYear": "1997",
        "period": "Q2",
        "revenue": 9500000,
        "costOfRevenue": 4800000,
        "grossProfit": 4700000,
        "grossProfitRatio": 0.4947368421,
        "researchAndDevelopmentExpenses": 0,
        "generalAndAdministrativeExpenses": 0,
        "sellingAndMarketingExpenses": 0,
        "sellingGeneralAndAdministrativeExpenses": 3100000,
        "otherExpenses": 400000,
        "operatingExpenses": 3500000,
        "costAndExpenses": 8300000,
        "interestIncome": 0,
        "interestExpense": 0,
        "depreciationAndAmortization": 400000,
        "ebitda": 1600000,
        "ebitdaratio": 0.1684210526,
        "operatingIncome": 1200000,
        "operatingIncomeRatio": 0.1263157895,
        "totalOtherIncomeExpensesNet": 0,
        "incomeBeforeTax": 1200000,
        "incomeBeforeTaxRatio": 0.1263157895,
        "incomeTaxExpense": 500000,
        "netIncome": 700000,
        "netIncomeRatio": 0.0736842105,
        "eps": 0.0667,
        "epsdiluted": 0.0667,
        "weightedAverageShsOut": 10489563,
        "weightedAverageShsOutDil": 10489563,
        "link": "https://www.sec.gov/Archives/edgar/data/887936/000100515097000627/0001005150-97-000627-index.html",
        "finalLink": "https://www.sec.gov/Archives/edgar/data/887936/"
    },
    {
        "date": "1997-03-31",
        "symbol": "FCN",
        "reportedCurrency": "USD",
        "cik": "0000887936",
        "fillingDate": "1997-05-15",
        "acceptedDate": "1997-05-15 00:00:00",
        "calendarYear": "1997",
        "period": "Q1",
        "revenue": 9500000,
        "costOfRevenue": 5200000,
        "grossProfit": 4300000,
        "grossProfitRatio": 0.4526315789,
        "researchAndDevelopmentExpenses": 0,
        "generalAndAdministrativeExpenses": 0,
        "sellingAndMarketingExpenses": 0,
        "sellingGeneralAndAdministrativeExpenses": 3300000,
        "otherExpenses": 300000,
        "operatingExpenses": 3600000,
        "costAndExpenses": 8800000,
        "interestIncome": 0,
        "interestExpense": 0,
        "depreciationAndAmortization": 300000,
        "ebitda": 1000000,
        "ebitdaratio": 0.1052631579,
        "operatingIncome": 700000,
        "operatingIncomeRatio": 0.0736842105,
        "totalOtherIncomeExpensesNet": 300000,
        "incomeBeforeTax": 1000000,
        "incomeBeforeTaxRatio": 0.1052631579,
        "incomeTaxExpense": 400000,
        "netIncome": 600000,
        "netIncomeRatio": 0.0631578947,
        "eps": 0.0623,
        "epsdiluted": 0.0623,
        "weightedAverageShsOut": 9633293,
        "weightedAverageShsOutDil": 9633293,
        "link": "https://www.sec.gov/Archives/edgar/data/887936/000100515097000377/0001005150-97-000377-index.html",
        "finalLink": "https://www.sec.gov/Archives/edgar/data/887936/"
    },
    {
        "date": "1996-12-31",
        "symbol": "FCN",
        "reportedCurrency": "USD",
        "cik": "0000887936",
        "fillingDate": "1997-03-31",
        "acceptedDate": "1997-03-31 00:00:00",
        "calendarYear": "1996",
        "period": "Q4",
        "revenue": 8100000,
        "costOfRevenue": 4500000,
        "grossProfit": 3600000,
        "grossProfitRatio": 0.4444444444,
        "researchAndDevelopmentExpenses": 0,
        "generalAndAdministrativeExpenses": 0,
        "sellingAndMarketingExpenses": 0,
        "sellingGeneralAndAdministrativeExpenses": 3000000,
        "otherExpenses": 300000,
        "operatingExpenses": 3300000,
        "costAndExpenses": 7800000,
        "interestIncome": 0,
        "interestExpense": 0,
        "depreciationAndAmortization": 300000,
        "ebitda": 600000,
        "ebitdaratio": 0.0740740741,
        "operatingIncome": 300000,
        "operatingIncomeRatio": 0.037037037,
        "totalOtherIncomeExpensesNet": 200000,
        "incomeBeforeTax": 500000,
        "incomeBeforeTaxRatio": 0.0617283951,
        "incomeTaxExpense": 200000,
        "netIncome": 300000,
        "netIncomeRatio": 0.037037037,
        "eps": 0.0353,
        "epsdiluted": 0.0329,
        "weightedAverageShsOut": 8500000,
        "weightedAverageShsOutDil": 9107143,
        "link": "https://www.sec.gov/Archives/edgar/data/887936/000100515097000214/0001005150-97-000214-index.html",
        "finalLink": "https://www.sec.gov/Archives/edgar/data/887936/"
    },
    {
        "date": "1996-09-30",
        "symbol": "FCN",
        "reportedCurrency": "USD",
        "cik": "0000887936",
        "fillingDate": "1996-11-14",
        "acceptedDate": "1996-11-14 00:00:00",
        "calendarYear": "1996",
        "period": "Q3",
        "revenue": 7600000,
        "costOfRevenue": 4000000,
        "grossProfit": 3600000,
        "grossProfitRatio": 0.4736842105,
        "researchAndDevelopmentExpenses": 0,
        "generalAndAdministrativeExpenses": 0,
        "sellingAndMarketingExpenses": 0,
        "sellingGeneralAndAdministrativeExpenses": 2700000,
        "otherExpenses": 200000,
        "operatingExpenses": 2900000,
        "costAndExpenses": 6900000,
        "interestIncome": 0,
        "interestExpense": 0,
        "depreciationAndAmortization": 200000,
        "ebitda": 900000,
        "ebitdaratio": 0.1184210526,
        "operatingIncome": 700000,
        "operatingIncomeRatio": 0.0921052632,
        "totalOtherIncomeExpensesNet": 100000,
        "incomeBeforeTax": 800000,
        "incomeBeforeTaxRatio": 0.1052631579,
        "incomeTaxExpense": 300000,
        "netIncome": 500000,
        "netIncomeRatio": 0.0657894737,
        "eps": 0.0445,
        "epsdiluted": 0.0445,
        "weightedAverageShsOut": 11238733,
        "weightedAverageShsOutDil": 11238733,
        "link": "https://www.sec.gov/Archives/edgar/data/887936/000100515096000413/0001005150-96-000413-index.html",
        "finalLink": "https://www.sec.gov/Archives/edgar/data/887936/"
    },
    {
        "date": "1996-06-30",
        "symbol": "FCN",
        "reportedCurrency": "USD",
        "cik": "0000887936",
        "fillingDate": "1996-08-14",
        "acceptedDate": "1996-08-14 00:00:00",
        "calendarYear": "1996",
        "period": "Q2",
        "revenue": 7100000,
        "costOfRevenue": 3700000,
        "grossProfit": 3400000,
        "grossProfitRatio": 0.4788732394,
        "researchAndDevelopmentExpenses": 0,
        "generalAndAdministrativeExpenses": 0,
        "sellingAndMarketingExpenses": 0,
        "sellingGeneralAndAdministrativeExpenses": 2500000,
        "otherExpenses": 200000,
        "operatingExpenses": 2700000,
        "costAndExpenses": 6900000,
        "interestIncome": 0,
        "interestExpense": 0,
        "depreciationAndAmortization": 200000,
        "ebitda": 1300000,
        "ebitdaratio": 0.1830985915,
        "operatingIncome": 1000000,
        "operatingIncomeRatio": 0.1408450704,
        "totalOtherIncomeExpensesNet": 200000,
        "incomeBeforeTax": 1000000,
        "incomeBeforeTaxRatio": 0.1408450704,
        "incomeTaxExpense": 400000,
        "netIncome": 600000,
        "netIncomeRatio": 0.0845070423,
        "eps": 0.0845,
        "epsdiluted": 0.0756,
        "weightedAverageShsOut": 8281182,
        "weightedAverageShsOutDil": 9255464,
        "link": "https://www.sec.gov/Archives/edgar/data/887936/000100515096000291/0001005150-96-000291-index.html",
        "finalLink": "https://www.sec.gov/Archives/edgar/data/887936/"
    },
    {
        "date": "1996-03-31",
        "symbol": "FCN",
        "reportedCurrency": "USD",
        "cik": "0000887936",
        "fillingDate": "1996-03-31",
        "acceptedDate": "1996-03-31 00:00:00",
        "calendarYear": "1996",
        "period": "Q1",
        "revenue": 6200000,
        "costOfRevenue": 0,
        "grossProfit": 6200000,
        "grossProfitRatio": 1,
        "researchAndDevelopmentExpenses": 0,
        "generalAndAdministrativeExpenses": 0,
        "sellingAndMarketingExpenses": 0,
        "sellingGeneralAndAdministrativeExpenses": 0,
        "otherExpenses": 6200000,
        "operatingExpenses": 6200000,
        "costAndExpenses": 6200000,
        "interestIncome": 0,
        "interestExpense": 0,
        "depreciationAndAmortization": 0,
        "ebitda": 6200000,
        "ebitdaratio": 1,
        "operatingIncome": 6200000,
        "operatingIncomeRatio": 1,
        "totalOtherIncomeExpensesNet": -5800000,
        "incomeBeforeTax": 400000,
        "incomeBeforeTaxRatio": 0.064516129,
        "incomeTaxExpense": 0,
        "netIncome": 400000,
        "netIncomeRatio": 0.064516129,
        "eps": 0.0623,
        "epsdiluted": 0.0623,
        "weightedAverageShsOut": 9188810,
        "weightedAverageShsOutDil": 9188810,
        "link": null,
        "finalLink": null
    },
    {
        "date": "1995-12-31",
        "symbol": "FCN",
        "reportedCurrency": "USD",
        "cik": "0000887936",
        "fillingDate": "1995-12-31",
        "acceptedDate": "1995-12-31 00:00:00",
        "calendarYear": "1995",
        "period": "Q4",
        "revenue": 5200000,
        "costOfRevenue": 0,
        "grossProfit": 5200000,
        "grossProfitRatio": 1,
        "researchAndDevelopmentExpenses": 0,
        "generalAndAdministrativeExpenses": 0,
        "sellingAndMarketingExpenses": 0,
        "sellingGeneralAndAdministrativeExpenses": 0,
        "otherExpenses": 5200000,
        "operatingExpenses": 5200000,
        "costAndExpenses": 5200000,
        "interestIncome": 0,
        "interestExpense": 0,
        "depreciationAndAmortization": 0,
        "ebitda": -13000000,
        "ebitdaratio": -2.5,
        "operatingIncome": -13000000,
        "operatingIncomeRatio": -2.5,
        "totalOtherIncomeExpensesNet": 12900000,
        "incomeBeforeTax": -100000,
        "incomeBeforeTaxRatio": -0.0192307692,
        "incomeTaxExpense": 100000,
        "netIncome": -100000,
        "netIncomeRatio": -0.0192307692,
        "eps": -0.0172,
        "epsdiluted": -0.0153,
        "weightedAverageShsOut": 5827506,
        "weightedAverageShsOutDil": 6555965,
        "link": null,
        "finalLink": null
    },
    {
        "date": "1995-09-30",
        "symbol": "FCN",
        "reportedCurrency": "USD",
        "cik": "0000887936",
        "fillingDate": "1995-09-30",
        "acceptedDate": "1995-09-30 00:00:00",
        "calendarYear": "1995",
        "period": "Q3",
        "revenue": 5200000,
        "costOfRevenue": 0,
        "grossProfit": 5200000,
        "grossProfitRatio": 1,
        "researchAndDevelopmentExpenses": 0,
        "generalAndAdministrativeExpenses": 0,
        "sellingAndMarketingExpenses": 0,
        "sellingGeneralAndAdministrativeExpenses": 0,
        "otherExpenses": 5200000,
        "operatingExpenses": 5200000,
        "costAndExpenses": 5200000,
        "interestIncome": 0,
        "interestExpense": 0,
        "depreciationAndAmortization": 0,
        "ebitda": 5200000,
        "ebitdaratio": 1,
        "operatingIncome": 5200000,
        "operatingIncomeRatio": 1,
        "totalOtherIncomeExpensesNet": -4900000,
        "incomeBeforeTax": 300000,
        "incomeBeforeTaxRatio": 0.0576923077,
        "incomeTaxExpense": 0,
        "netIncome": 300000,
        "netIncomeRatio": 0.0576923077,
        "eps": 0.0489,
        "epsdiluted": 0.0489,
        "weightedAverageShsOut": 6130206,
        "weightedAverageShsOutDil": 6130206,
        "link": null,
        "finalLink": null
    },
    {
        "date": "1995-06-30",
        "symbol": "FCN",
        "reportedCurrency": "USD",
        "cik": "0000887936",
        "fillingDate": "1995-06-30",
        "acceptedDate": "1995-06-30 00:00:00",
        "calendarYear": "1995",
        "period": "Q2",
        "revenue": 5100000,
        "costOfRevenue": 0,
        "grossProfit": 5100000,
        "grossProfitRatio": 1,
        "researchAndDevelopmentExpenses": 0,
        "generalAndAdministrativeExpenses": 0,
        "sellingAndMarketingExpenses": 0,
        "sellingGeneralAndAdministrativeExpenses": 0,
        "otherExpenses": 5100000,
        "operatingExpenses": 5100000,
        "costAndExpenses": 5100000,
        "interestIncome": 0,
        "interestExpense": 0,
        "depreciationAndAmortization": 0,
        "ebitda": 5100000,
        "ebitdaratio": 1,
        "operatingIncome": 5100000,
        "operatingIncomeRatio": 1,
        "totalOtherIncomeExpensesNet": -4800000,
        "incomeBeforeTax": 300000,
        "incomeBeforeTaxRatio": 0.0588235294,
        "incomeTaxExpense": 0,
        "netIncome": 300000,
        "netIncomeRatio": 0.0588235294,
        "eps": 0.0445,
        "epsdiluted": 0.0445,
        "weightedAverageShsOut": 6743240,
        "weightedAverageShsOutDil": 6743240,
        "link": null,
        "finalLink": null
    },
    {
        "date": "1995-03-31",
        "symbol": "FCN",
        "reportedCurrency": "USD",
        "cik": "0000887936",
        "fillingDate": "1995-03-31",
        "acceptedDate": "1995-03-31 00:00:00",
        "calendarYear": "1995",
        "period": "Q1",
        "revenue": 4700000,
        "costOfRevenue": 0,
        "grossProfit": 4700000,
        "grossProfitRatio": 1,
        "researchAndDevelopmentExpenses": 0,
        "generalAndAdministrativeExpenses": 0,
        "sellingAndMarketingExpenses": 0,
        "sellingGeneralAndAdministrativeExpenses": 0,
        "otherExpenses": 4700000,
        "operatingExpenses": 4700000,
        "costAndExpenses": 4700000,
        "interestIncome": 0,
        "interestExpense": 0,
        "depreciationAndAmortization": 0,
        "ebitda": 4700000,
        "ebitdaratio": 1,
        "operatingIncome": 4700000,
        "operatingIncomeRatio": 1,
        "totalOtherIncomeExpensesNet": -4500000,
        "incomeBeforeTax": 200000,
        "incomeBeforeTaxRatio": 0.0425531915,
        "incomeTaxExpense": 0,
        "netIncome": 200000,
        "netIncomeRatio": 0.0425531915,
        "eps": 0.0297,
        "epsdiluted": 0.0297,
        "weightedAverageShsOut": 6743240,
        "weightedAverageShsOutDil": 6743240,
        "link": null,
        "finalLink": null
    }
]