[
    {
        "date": "2025-06-30",
        "symbol": "FG",
        "reportedCurrency": "USD",
        "cik": "0001934850",
        "fillingDate": "2025-08-07",
        "acceptedDate": "2025-08-07 16:52:48",
        "calendarYear": "2025",
        "period": "Q2",
        "revenue": 1384000000,
        "costOfRevenue": 0,
        "grossProfit": 0,
        "grossProfitRatio": 0,
        "researchAndDevelopmentExpenses": 0,
        "generalAndAdministrativeExpenses": 0,
        "sellingAndMarketingExpenses": 0,
        "sellingGeneralAndAdministrativeExpenses": 0,
        "otherExpenses": 0,
        "operatingExpenses": 0,
        "costAndExpenses": 1266000000,
        "interestIncome": 0,
        "interestExpense": 41000000,
        "depreciationAndAmortization": 158000000,
        "ebitda": 249000000,
        "ebitdaratio": 0.1799132948,
        "operatingIncome": 118000000,
        "operatingIncomeRatio": 0.0852601156,
        "totalOtherIncomeExpensesNet": -61000000,
        "incomeBeforeTax": 57000000,
        "incomeBeforeTaxRatio": 0.0411849711,
        "incomeTaxExpense": 15000000,
        "netIncome": 40000000,
        "netIncomeRatio": 0.0289017341,
        "eps": 0.26,
        "epsdiluted": 0.26,
        "weightedAverageShsOut": 133000000,
        "weightedAverageShsOutDil": 134000000,
        "link": "https://www.sec.gov/Archives/edgar/data/1934850/000193485025000043/0001934850-25-000043-index.htm",
        "finalLink": "https://www.sec.gov/Archives/edgar/data/1934850/000193485025000043/fg-20250630.htm"
    },
    {
        "date": "2025-03-31",
        "symbol": "FG",
        "reportedCurrency": "USD",
        "cik": "0001934850",
        "fillingDate": "2025-05-08",
        "acceptedDate": "2025-05-08 16:40:45",
        "calendarYear": "2025",
        "period": "Q1",
        "revenue": 908000000,
        "costOfRevenue": 673000000,
        "grossProfit": 235000000,
        "grossProfitRatio": 0.2588105727,
        "researchAndDevelopmentExpenses": 0,
        "generalAndAdministrativeExpenses": 67000000,
        "sellingAndMarketingExpenses": 0,
        "sellingGeneralAndAdministrativeExpenses": 261000000,
        "otherExpenses": 0,
        "operatingExpenses": 261000000,
        "costAndExpenses": 934000000,
        "interestIncome": 666000000,
        "interestExpense": 40000000,
        "depreciationAndAmortization": 153000000,
        "ebitda": 167000000,
        "ebitdaratio": 0.1839207048,
        "operatingIncome": -26000000,
        "operatingIncomeRatio": -0.0286343612,
        "totalOtherIncomeExpensesNet": -40000000,
        "incomeBeforeTax": -26000000,
        "incomeBeforeTaxRatio": -0.0286343612,
        "incomeTaxExpense": -5000000,
        "netIncome": -21000000,
        "netIncomeRatio": -0.0231277533,
        "eps": -0.2,
        "epsdiluted": -0.2,
        "weightedAverageShsOut": 126000000,
        "weightedAverageShsOutDil": 126000000,
        "link": "https://www.sec.gov/Archives/edgar/data/1934850/000193485025000024/0001934850-25-000024-index.htm",
        "finalLink": "https://www.sec.gov/Archives/edgar/data/1934850/000193485025000024/fg-20250331.htm"
    },
    {
        "date": "2024-12-31",
        "symbol": "FG",
        "reportedCurrency": "USD",
        "cik": "0001934850",
        "fillingDate": "2025-02-28",
        "acceptedDate": "2025-02-28 16:08:54",
        "calendarYear": "2024",
        "period": "Q4",
        "revenue": 1560000000,
        "costOfRevenue": 104000000,
        "grossProfit": 652000000,
        "grossProfitRatio": 0.4179487179,
        "researchAndDevelopmentExpenses": 0,
        "generalAndAdministrativeExpenses": 81000000,
        "sellingAndMarketingExpenses": 0,
        "sellingGeneralAndAdministrativeExpenses": 81000000,
        "otherExpenses": 134000000,
        "operatingExpenses": 215000000,
        "costAndExpenses": 1109000000,
        "interestIncome": 690000000,
        "interestExpense": 38000000,
        "depreciationAndAmortization": 152000000,
        "ebitda": 602000000,
        "ebitdaratio": 0.3858974359,
        "operatingIncome": 450000000,
        "operatingIncomeRatio": 0.2884615385,
        "totalOtherIncomeExpensesNet": -38000000,
        "incomeBeforeTax": 412000000,
        "incomeBeforeTaxRatio": 0.2641025641,
        "incomeTaxExpense": 85000000,
        "netIncome": 327000000,
        "netIncomeRatio": 0.2096153846,
        "eps": 2.58,
        "epsdiluted": 2.5,
        "weightedAverageShsOut": 125000000,
        "weightedAverageShsOutDil": 131000000,
        "link": "https://www.sec.gov/Archives/edgar/data/1934850/000193485025000015/0001934850-25-000015-index.htm",
        "finalLink": "https://www.sec.gov/Archives/edgar/data/1934850/000193485025000015/fg-20241231.htm"
    },
    {
        "date": "2024-09-30",
        "symbol": "FG",
        "reportedCurrency": "USD",
        "cik": "0001934850",
        "fillingDate": "2024-09-30",
        "acceptedDate": "2024-09-30 00:00:00",
        "calendarYear": "2024",
        "period": "Q3",
        "revenue": 1454000000,
        "costOfRevenue": 1095000000,
        "grossProfit": 1454000000,
        "grossProfitRatio": 1,
        "researchAndDevelopmentExpenses": 0,
        "generalAndAdministrativeExpenses": 80000000,
        "sellingAndMarketingExpenses": 0,
        "sellingGeneralAndAdministrativeExpenses": 80000000,
        "otherExpenses": 216000000,
        "operatingExpenses": 296000000,
        "costAndExpenses": 1438000000,
        "interestIncome": 694000000,
        "interestExpense": 36000000,
        "depreciationAndAmortization": 147000000,
        "ebitda": 153000000,
        "ebitdaratio": 0.1052269601,
        "operatingIncome": 16000000,
        "operatingIncomeRatio": 0.0110041265,
        "totalOtherIncomeExpensesNet": -46000000,
        "incomeBeforeTax": -30000000,
        "incomeBeforeTaxRatio": -0.0206327373,
        "incomeTaxExpense": -25000000,
        "netIncome": -6000000,
        "netIncomeRatio": -0.0041265475,
        "eps": -0.0806,
        "epsdiluted": -0.0806,
        "weightedAverageShsOut": 124000000,
        "weightedAverageShsOutDil": 124000000,
        "link": null,
        "finalLink": null
    },
    {
        "date": "2024-06-30",
        "symbol": "FG",
        "reportedCurrency": "USD",
        "cik": "0001934850",
        "fillingDate": "2024-08-07",
        "acceptedDate": "2024-08-07 16:05:45",
        "calendarYear": "2024",
        "period": "Q2",
        "revenue": 1195000000,
        "costOfRevenue": 46000000,
        "grossProfit": 1149000000,
        "grossProfitRatio": 0.9615062762,
        "researchAndDevelopmentExpenses": 0,
        "generalAndAdministrativeExpenses": 69000000,
        "sellingAndMarketingExpenses": 0,
        "sellingGeneralAndAdministrativeExpenses": 69000000,
        "otherExpenses": 0,
        "operatingExpenses": 69000000,
        "costAndExpenses": 890000000,
        "interestIncome": 653000000,
        "interestExpense": 28000000,
        "depreciationAndAmortization": -282000000,
        "ebitda": 0,
        "ebitdaratio": 0,
        "operatingIncome": 305000000,
        "operatingIncomeRatio": 0.2552301255,
        "totalOtherIncomeExpensesNet": -51000000,
        "incomeBeforeTax": 254000000,
        "incomeBeforeTaxRatio": 0.2125523013,
        "incomeTaxExpense": 50000000,
        "netIncome": 203000000,
        "netIncomeRatio": 0.169874477,
        "eps": 1.6,
        "epsdiluted": 1.55,
        "weightedAverageShsOut": 124000000,
        "weightedAverageShsOutDil": 131000000,
        "link": "https://www.sec.gov/Archives/edgar/data/1934850/000193485024000045/0001934850-24-000045-index.htm",
        "finalLink": "https://www.sec.gov/Archives/edgar/data/1934850/000193485024000045/fg-20240630.htm"
    },
    {
        "date": "2024-03-31",
        "symbol": "FG",
        "reportedCurrency": "USD",
        "cik": "0001934850",
        "fillingDate": "2024-05-10",
        "acceptedDate": "2024-05-10 12:30:59",
        "calendarYear": "2024",
        "period": "Q1",
        "revenue": 1569000000,
        "costOfRevenue": 1161000000,
        "grossProfit": 1511000000,
        "grossProfitRatio": 0.9630337795,
        "researchAndDevelopmentExpenses": 0,
        "generalAndAdministrativeExpenses": 66000000,
        "sellingAndMarketingExpenses": 0,
        "sellingGeneralAndAdministrativeExpenses": 66000000,
        "otherExpenses": 146000000,
        "operatingExpenses": 212000000,
        "costAndExpenses": 1397000000,
        "interestIncome": 622000000,
        "interestExpense": 30000000,
        "depreciationAndAmortization": 123000000,
        "ebitda": 295000000,
        "ebitdaratio": 0.1880178458,
        "operatingIncome": 172000000,
        "operatingIncomeRatio": 0.1096239643,
        "totalOtherIncomeExpensesNet": -30000000,
        "incomeBeforeTax": 142000000,
        "incomeBeforeTaxRatio": 0.0905035054,
        "incomeTaxExpense": 26000000,
        "netIncome": 115000000,
        "netIncomeRatio": 0.0732950924,
        "eps": 0.9,
        "epsdiluted": 0.85,
        "weightedAverageShsOut": 124000000,
        "weightedAverageShsOutDil": 130000000,
        "link": "https://www.sec.gov/Archives/edgar/data/1934850/000193485024000027/0001934850-24-000027-index.htm",
        "finalLink": "https://www.sec.gov/Archives/edgar/data/1934850/000193485024000027/fg-20240331.htm"
    },
    {
        "date": "2023-12-31",
        "symbol": "FG",
        "reportedCurrency": "USD",
        "cik": "0001934850",
        "fillingDate": "2024-02-29",
        "acceptedDate": "2024-02-29 13:21:19",
        "calendarYear": "2023",
        "period": "Q4",
        "revenue": 1616000000,
        "costOfRevenue": 39000000,
        "grossProfit": 1577000000,
        "grossProfitRatio": 0.9758663366,
        "researchAndDevelopmentExpenses": 0,
        "generalAndAdministrativeExpenses": 65000000,
        "sellingAndMarketingExpenses": 0,
        "sellingGeneralAndAdministrativeExpenses": 65000000,
        "otherExpenses": 0,
        "operatingExpenses": 65000000,
        "costAndExpenses": 1961000000,
        "interestIncome": 589000000,
        "interestExpense": 26000000,
        "depreciationAndAmortization": 0,
        "ebitda": -349000000,
        "ebitdaratio": -0.2159653465,
        "operatingIncome": -312000000,
        "operatingIncomeRatio": -0.1930693069,
        "totalOtherIncomeExpensesNet": -63000000,
        "incomeBeforeTax": -375000000,
        "incomeBeforeTaxRatio": -0.2320544554,
        "incomeTaxExpense": -76000000,
        "netIncome": -299000000,
        "netIncomeRatio": -0.1850247525,
        "eps": -2.41,
        "epsdiluted": -2.41,
        "weightedAverageShsOut": 124000000,
        "weightedAverageShsOutDil": 124000000,
        "link": "https://www.sec.gov/Archives/edgar/data/1934850/000193485024000018/0001934850-24-000018-index.htm",
        "finalLink": "https://www.sec.gov/Archives/edgar/data/1934850/000193485024000018/fg-20231231.htm"
    },
    {
        "date": "2023-09-30",
        "symbol": "FG",
        "reportedCurrency": "USD",
        "cik": "0001934850",
        "fillingDate": "2023-11-08",
        "acceptedDate": "2023-11-08 16:11:17",
        "calendarYear": "2023",
        "period": "Q3",
        "revenue": 855000000,
        "costOfRevenue": 38000000,
        "grossProfit": 855000000,
        "grossProfitRatio": 1,
        "researchAndDevelopmentExpenses": 0,
        "generalAndAdministrativeExpenses": 58000000,
        "sellingAndMarketingExpenses": 0,
        "sellingGeneralAndAdministrativeExpenses": 58000000,
        "otherExpenses": 0,
        "operatingExpenses": 58000000,
        "costAndExpenses": 447000000,
        "interestIncome": 0,
        "interestExpense": 24000000,
        "depreciationAndAmortization": 0,
        "ebitda": 404000000,
        "ebitdaratio": 0.4725146199,
        "operatingIncome": 441000000,
        "operatingIncomeRatio": 0.5157894737,
        "totalOtherIncomeExpensesNet": -61000000,
        "incomeBeforeTax": 380000000,
        "incomeBeforeTaxRatio": 0.4444444444,
        "incomeTaxExpense": 74000000,
        "netIncome": 306000000,
        "netIncomeRatio": 0.3578947368,
        "eps": 2.47,
        "epsdiluted": 2.45,
        "weightedAverageShsOut": 124000000,
        "weightedAverageShsOutDil": 125000000,
        "link": "https://www.sec.gov/Archives/edgar/data/1934850/000193485023000068/0001934850-23-000068-index.htm",
        "finalLink": "https://www.sec.gov/Archives/edgar/data/1934850/000193485023000068/fg-20230930.htm"
    },
    {
        "date": "2023-06-30",
        "symbol": "FG",
        "reportedCurrency": "USD",
        "cik": "0001934850",
        "fillingDate": "2023-08-09",
        "acceptedDate": "2023-08-09 16:07:16",
        "calendarYear": "2023",
        "period": "Q2",
        "revenue": 1124000000,
        "costOfRevenue": 33000000,
        "grossProfit": 1091000000,
        "grossProfitRatio": 0.9706405694,
        "researchAndDevelopmentExpenses": 0,
        "generalAndAdministrativeExpenses": 56000000,
        "sellingAndMarketingExpenses": 0,
        "sellingGeneralAndAdministrativeExpenses": 56000000,
        "otherExpenses": -947000000,
        "operatingExpenses": -947000000,
        "costAndExpenses": 961000000,
        "interestIncome": 525000000,
        "interestExpense": 25000000,
        "depreciationAndAmortization": 7000000,
        "ebitda": 0,
        "ebitdaratio": 0,
        "operatingIncome": 188000000,
        "operatingIncomeRatio": 0.1672597865,
        "totalOtherIncomeExpensesNet": -25000000,
        "incomeBeforeTax": 163000000,
        "incomeBeforeTaxRatio": 0.1450177936,
        "incomeTaxExpense": 33000000,
        "netIncome": 130000000,
        "netIncomeRatio": 0.115658363,
        "eps": 1.04,
        "epsdiluted": 1.04,
        "weightedAverageShsOut": 125000000,
        "weightedAverageShsOutDil": 125000000,
        "link": "https://www.sec.gov/Archives/edgar/data/1934850/000193485023000058/0001934850-23-000058-index.htm",
        "finalLink": "https://www.sec.gov/Archives/edgar/data/1934850/000193485023000058/fg-20230630.htm"
    },
    {
        "date": "2023-03-31",
        "symbol": "FG",
        "reportedCurrency": "USD",
        "cik": "0001934850",
        "fillingDate": "2023-05-09",
        "acceptedDate": "2023-05-09 16:15:44",
        "calendarYear": "2023",
        "period": "Q1",
        "revenue": 812000000,
        "costOfRevenue": 36000000,
        "grossProfit": 776000000,
        "grossProfitRatio": 0.9556650246,
        "researchAndDevelopmentExpenses": 0,
        "generalAndAdministrativeExpenses": 53000000,
        "sellingAndMarketingExpenses": 0,
        "sellingGeneralAndAdministrativeExpenses": 53000000,
        "otherExpenses": -1010000000,
        "operatingExpenses": -957000000,
        "costAndExpenses": 1015000000,
        "interestIncome": 519000000,
        "interestExpense": 22000000,
        "depreciationAndAmortization": 8000000,
        "ebitda": -173000000,
        "ebitdaratio": -0.2130541872,
        "operatingIncome": -181000000,
        "operatingIncomeRatio": -0.2229064039,
        "totalOtherIncomeExpensesNet": -22000000,
        "incomeBeforeTax": -203000000,
        "incomeBeforeTaxRatio": -0.25,
        "incomeTaxExpense": -8000000,
        "netIncome": -195000000,
        "netIncomeRatio": -0.2401477833,
        "eps": -1.56,
        "epsdiluted": -1.56,
        "weightedAverageShsOut": 125000000,
        "weightedAverageShsOutDil": 125000000,
        "link": "https://www.sec.gov/Archives/edgar/data/1934850/000193485023000040/0001934850-23-000040-index.htm",
        "finalLink": "https://www.sec.gov/Archives/edgar/data/1934850/000193485023000040/fg-20230331.htm"
    },
    {
        "date": "2022-12-31",
        "symbol": "FG",
        "reportedCurrency": "USD",
        "cik": "0001934850",
        "fillingDate": "2023-02-27",
        "acceptedDate": "2023-02-27 14:29:26",
        "calendarYear": "2022",
        "period": "Q4",
        "revenue": 629000000,
        "costOfRevenue": 102000000,
        "grossProfit": 527000000,
        "grossProfitRatio": 0.8378378378,
        "researchAndDevelopmentExpenses": 0,
        "generalAndAdministrativeExpenses": 47000000,
        "sellingAndMarketingExpenses": 0,
        "sellingGeneralAndAdministrativeExpenses": 47000000,
        "otherExpenses": -846000000,
        "operatingExpenses": -799000000,
        "costAndExpenses": 805000000,
        "interestIncome": 1655000000,
        "interestExpense": 6000000,
        "depreciationAndAmortization": -22000000,
        "ebitda": -192000000,
        "ebitdaratio": -0.3052464229,
        "operatingIncome": -170000000,
        "operatingIncomeRatio": -0.2702702703,
        "totalOtherIncomeExpensesNet": -26000000,
        "incomeBeforeTax": -176000000,
        "incomeBeforeTaxRatio": -0.279809221,
        "incomeTaxExpense": -76000000,
        "netIncome": -100000000,
        "netIncomeRatio": -0.1589825119,
        "eps": -0.8,
        "epsdiluted": -0.8,
        "weightedAverageShsOut": 125000000,
        "weightedAverageShsOutDil": 125000000,
        "link": "https://www.sec.gov/Archives/edgar/data/1934850/000193485023000016/0001934850-23-000016-index.htm",
        "finalLink": "https://www.sec.gov/Archives/edgar/data/1934850/000193485023000016/fg-20221231.htm"
    },
    {
        "date": "2022-09-30",
        "symbol": "FG",
        "reportedCurrency": "USD",
        "cik": "0001934850",
        "fillingDate": "2022-09-30",
        "acceptedDate": "2022-09-30 00:00:00",
        "calendarYear": "2022",
        "period": "Q3",
        "revenue": 952000000,
        "costOfRevenue": 0,
        "grossProfit": 952000000,
        "grossProfitRatio": 1,
        "researchAndDevelopmentExpenses": 0,
        "generalAndAdministrativeExpenses": 46000000,
        "sellingAndMarketingExpenses": 0,
        "sellingGeneralAndAdministrativeExpenses": 46000000,
        "otherExpenses": -1065000000,
        "operatingExpenses": -1019000000,
        "costAndExpenses": 1005000000,
        "interestIncome": 72000000,
        "interestExpense": 6000000,
        "depreciationAndAmortization": 82000000,
        "ebitda": 128000000,
        "ebitdaratio": 0.1344537815,
        "operatingIncome": -67000000,
        "operatingIncomeRatio": -0.0703781513,
        "totalOtherIncomeExpensesNet": -6000000,
        "incomeBeforeTax": -53000000,
        "incomeBeforeTaxRatio": -0.0556722689,
        "incomeTaxExpense": -10000000,
        "netIncome": -43000000,
        "netIncomeRatio": -0.0451680672,
        "eps": -0.39,
        "epsdiluted": -0.39,
        "weightedAverageShsOut": 110000000,
        "weightedAverageShsOutDil": 110000000,
        "link": null,
        "finalLink": null
    },
    {
        "date": "2022-06-30",
        "symbol": "FG",
        "reportedCurrency": "USD",
        "cik": "0001934850",
        "fillingDate": "2022-06-30",
        "acceptedDate": "2022-06-30 00:00:00",
        "calendarYear": "2022",
        "period": "Q2",
        "revenue": 12000000,
        "costOfRevenue": 0,
        "grossProfit": 12000000,
        "grossProfitRatio": 1,
        "researchAndDevelopmentExpenses": 0,
        "generalAndAdministrativeExpenses": 34000000,
        "sellingAndMarketingExpenses": 0,
        "sellingGeneralAndAdministrativeExpenses": 34000000,
        "otherExpenses": 423000000,
        "operatingExpenses": 457000000,
        "costAndExpenses": -470000000,
        "interestIncome": 364000000,
        "interestExpense": 9000000,
        "depreciationAndAmortization": 10000000,
        "ebitda": 0,
        "ebitdaratio": 0,
        "operatingIncome": 469000000,
        "operatingIncomeRatio": 39.0833333333,
        "totalOtherIncomeExpensesNet": 359000000,
        "incomeBeforeTax": 482000000,
        "incomeBeforeTaxRatio": 40.1666666667,
        "incomeTaxExpense": 97000000,
        "netIncome": 385000000,
        "netIncomeRatio": 32.0833333333,
        "eps": 3.5,
        "epsdiluted": 3.5,
        "weightedAverageShsOut": 110000000,
        "weightedAverageShsOutDil": 110000000,
        "link": null,
        "finalLink": null
    },
    {
        "date": "2022-03-31",
        "symbol": "FG",
        "reportedCurrency": "USD",
        "cik": "0001934850",
        "fillingDate": "2022-03-31",
        "acceptedDate": "2022-03-31 00:00:00",
        "calendarYear": "2022",
        "period": "Q1",
        "revenue": 637000000,
        "costOfRevenue": 0,
        "grossProfit": 637000000,
        "grossProfitRatio": 1,
        "researchAndDevelopmentExpenses": 0,
        "generalAndAdministrativeExpenses": 30000000,
        "sellingAndMarketingExpenses": 0,
        "sellingGeneralAndAdministrativeExpenses": 30000000,
        "otherExpenses": -314000000,
        "operatingExpenses": -284000000,
        "costAndExpenses": 292000000,
        "interestIncome": 338000000,
        "interestExpense": 8000000,
        "depreciationAndAmortization": 7000000,
        "ebitda": 0,
        "ebitdaratio": 0,
        "operatingIncome": 353000000,
        "operatingIncomeRatio": 0.5541601256,
        "totalOtherIncomeExpensesNet": -8000000,
        "incomeBeforeTax": 345000000,
        "incomeBeforeTaxRatio": 0.5416012559,
        "incomeTaxExpense": 106000000,
        "netIncome": 239000000,
        "netIncomeRatio": 0.3751962323,
        "eps": 2.28,
        "epsdiluted": 2.28,
        "weightedAverageShsOut": 105000000,
        "weightedAverageShsOutDil": 105000000,
        "link": null,
        "finalLink": null
    },
    {
        "date": "2021-12-31",
        "symbol": "FG",
        "reportedCurrency": "USD",
        "cik": "0001934850",
        "fillingDate": "2021-12-31",
        "acceptedDate": "2021-12-31 00:00:00",
        "calendarYear": "2021",
        "period": "Q4",
        "revenue": 1522000000,
        "costOfRevenue": 0,
        "grossProfit": 1522000000,
        "grossProfitRatio": 1,
        "researchAndDevelopmentExpenses": 0,
        "generalAndAdministrativeExpenses": 36000000,
        "sellingAndMarketingExpenses": 0,
        "sellingGeneralAndAdministrativeExpenses": 36000000,
        "otherExpenses": -1398000000,
        "operatingExpenses": -1362000000,
        "costAndExpenses": 1370000000,
        "interestIncome": 369000000,
        "interestExpense": 8000000,
        "depreciationAndAmortization": 65000000,
        "ebitda": 225000000,
        "ebitdaratio": 0.1478318003,
        "operatingIncome": 160000000,
        "operatingIncomeRatio": 0.1051248357,
        "totalOtherIncomeExpensesNet": -8000000,
        "incomeBeforeTax": 152000000,
        "incomeBeforeTaxRatio": 0.099868594,
        "incomeTaxExpense": 31000000,
        "netIncome": 121000000,
        "netIncomeRatio": 0.079500657,
        "eps": 1.15,
        "epsdiluted": 1.15,
        "weightedAverageShsOut": 105013966,
        "weightedAverageShsOutDil": 105000000,
        "link": null,
        "finalLink": null
    },
    {
        "date": "2021-09-30",
        "symbol": "FG",
        "reportedCurrency": "USD",
        "cik": "0001934850",
        "fillingDate": "2021-09-30",
        "acceptedDate": "2021-09-29 20:00:00",
        "calendarYear": "2021",
        "period": "Q3",
        "revenue": 926000000,
        "costOfRevenue": 0,
        "grossProfit": 926000000,
        "grossProfitRatio": 1,
        "researchAndDevelopmentExpenses": 0,
        "generalAndAdministrativeExpenses": 0,
        "sellingAndMarketingExpenses": 0,
        "sellingGeneralAndAdministrativeExpenses": 32000000,
        "otherExpenses": 0,
        "operatingExpenses": 448000000,
        "costAndExpenses": 448000000,
        "interestIncome": 6000000,
        "interestExpense": 0,
        "depreciationAndAmortization": -478000000,
        "ebitda": -6000000,
        "ebitdaratio": -0.0064794816,
        "operatingIncome": 478000000,
        "operatingIncomeRatio": 0.5161987041,
        "totalOtherIncomeExpensesNet": -6000000,
        "incomeBeforeTax": 472000000,
        "incomeBeforeTaxRatio": 0.5097192225,
        "incomeTaxExpense": 96000000,
        "netIncome": 376000000,
        "netIncomeRatio": 0.4060475162,
        "eps": 3.58,
        "epsdiluted": 3.58,
        "weightedAverageShsOut": 105027932,
        "weightedAverageShsOutDil": 105000000,
        "link": null,
        "finalLink": null
    },
    {
        "date": "2021-06-30",
        "symbol": "FG",
        "reportedCurrency": "USD",
        "cik": "0001934850",
        "fillingDate": "2021-06-30",
        "acceptedDate": "2021-06-29 20:00:00",
        "calendarYear": "2021",
        "period": "Q2",
        "revenue": 669500000,
        "costOfRevenue": 0,
        "grossProfit": 669500000,
        "grossProfitRatio": 1,
        "researchAndDevelopmentExpenses": 0,
        "generalAndAdministrativeExpenses": 0,
        "sellingAndMarketingExpenses": 0,
        "sellingGeneralAndAdministrativeExpenses": 30500000,
        "otherExpenses": 0,
        "operatingExpenses": 435500000,
        "costAndExpenses": 435500000,
        "interestIncome": 7500000,
        "interestExpense": 0,
        "depreciationAndAmortization": -234000000,
        "ebitda": -7500000,
        "ebitdaratio": -0.0112023898,
        "operatingIncome": 234000000,
        "operatingIncomeRatio": 0.3495145631,
        "totalOtherIncomeExpensesNet": -7500000,
        "incomeBeforeTax": 226500000,
        "incomeBeforeTaxRatio": 0.3383121733,
        "incomeTaxExpense": 46500000,
        "netIncome": 180000000,
        "netIncomeRatio": 0.2688573562,
        "eps": 1.71,
        "epsdiluted": 1.71,
        "weightedAverageShsOut": 105000043,
        "weightedAverageShsOutDil": 105000000,
        "link": null,
        "finalLink": null
    },
    {
        "date": "2021-03-31",
        "symbol": "FG",
        "reportedCurrency": "USD",
        "cik": "0001934850",
        "fillingDate": "2021-03-31",
        "acceptedDate": "2021-03-30 20:00:00",
        "calendarYear": "2021",
        "period": "Q1",
        "revenue": 669500000,
        "costOfRevenue": 0,
        "grossProfit": 669500000,
        "grossProfitRatio": 1,
        "researchAndDevelopmentExpenses": 0,
        "generalAndAdministrativeExpenses": 0,
        "sellingAndMarketingExpenses": 0,
        "sellingGeneralAndAdministrativeExpenses": 30500000,
        "otherExpenses": 0,
        "operatingExpenses": 435500000,
        "costAndExpenses": 435500000,
        "interestIncome": 7500000,
        "interestExpense": 0,
        "depreciationAndAmortization": -234000000,
        "ebitda": -7500000,
        "ebitdaratio": -0.0112023898,
        "operatingIncome": 234000000,
        "operatingIncomeRatio": 0.3495145631,
        "totalOtherIncomeExpensesNet": -7500000,
        "incomeBeforeTax": 226500000,
        "incomeBeforeTaxRatio": 0.3383121733,
        "incomeTaxExpense": 46500000,
        "netIncome": 180000000,
        "netIncomeRatio": 0.2688573562,
        "eps": 1.71,
        "epsdiluted": 1.71,
        "weightedAverageShsOut": 105000043,
        "weightedAverageShsOutDil": 105000000,
        "link": null,
        "finalLink": null
    },
    {
        "date": "2020-03-31",
        "symbol": "FG",
        "reportedCurrency": "USD",
        "cik": "0001934850",
        "fillingDate": "2020-03-31",
        "acceptedDate": "2020-03-30 20:00:00",
        "calendarYear": "2020",
        "period": "Q1",
        "revenue": -335000000,
        "costOfRevenue": 0,
        "grossProfit": -335000000,
        "grossProfitRatio": 1,
        "researchAndDevelopmentExpenses": 0,
        "generalAndAdministrativeExpenses": 73000000,
        "sellingAndMarketingExpenses": 0,
        "sellingGeneralAndAdministrativeExpenses": 73000000,
        "otherExpenses": 0,
        "operatingExpenses": 6000000,
        "costAndExpenses": 6000000,
        "interestIncome": 8000000,
        "interestExpense": 0,
        "depreciationAndAmortization": 329000000,
        "ebitda": -16000000,
        "ebitdaratio": 0.047761194,
        "operatingIncome": -329000000,
        "operatingIncomeRatio": 0.9820895522,
        "totalOtherIncomeExpensesNet": -8000000,
        "incomeBeforeTax": -337000000,
        "incomeBeforeTaxRatio": 1.0059701493,
        "incomeTaxExpense": 1000000,
        "netIncome": -346000000,
        "netIncomeRatio": 1.0328358209,
        "eps": -1.62,
        "epsdiluted": -1.62,
        "weightedAverageShsOut": 213155252,
        "weightedAverageShsOutDil": 213155198,
        "link": null,
        "finalLink": null
    },
    {
        "date": "2019-12-31",
        "symbol": "FG",
        "reportedCurrency": "USD",
        "cik": "0001934850",
        "fillingDate": "2019-12-31",
        "acceptedDate": "2019-12-30 19:00:00",
        "calendarYear": "2019",
        "period": "Q4",
        "revenue": 563000000,
        "costOfRevenue": 0,
        "grossProfit": 563000000,
        "grossProfitRatio": 1,
        "researchAndDevelopmentExpenses": 0,
        "generalAndAdministrativeExpenses": 59000000,
        "sellingAndMarketingExpenses": 0,
        "sellingGeneralAndAdministrativeExpenses": 59000000,
        "otherExpenses": 0,
        "operatingExpenses": 282000000,
        "costAndExpenses": 282000000,
        "interestIncome": 8000000,
        "interestExpense": 0,
        "depreciationAndAmortization": -281000000,
        "ebitda": -16000000,
        "ebitdaratio": -0.0284191829,
        "operatingIncome": 281000000,
        "operatingIncomeRatio": 0.4991119005,
        "totalOtherIncomeExpensesNet": -8000000,
        "incomeBeforeTax": 273000000,
        "incomeBeforeTaxRatio": 0.4849023091,
        "incomeTaxExpense": 48000000,
        "netIncome": 217000000,
        "netIncomeRatio": 0.3854351687,
        "eps": 1.01,
        "epsdiluted": 1.02,
        "weightedAverageShsOut": 215090853,
        "weightedAverageShsOutDil": 213560000,
        "link": null,
        "finalLink": null
    },
    {
        "date": "2019-09-30",
        "symbol": "FG",
        "reportedCurrency": "USD",
        "cik": "0001934850",
        "fillingDate": "2019-09-30",
        "acceptedDate": "2019-09-29 20:00:00",
        "calendarYear": "2019",
        "period": "Q3",
        "revenue": 455000000,
        "costOfRevenue": 0,
        "grossProfit": 455000000,
        "grossProfitRatio": 1,
        "researchAndDevelopmentExpenses": 0,
        "generalAndAdministrativeExpenses": 26000000,
        "sellingAndMarketingExpenses": 0,
        "sellingGeneralAndAdministrativeExpenses": 26000000,
        "otherExpenses": 0,
        "operatingExpenses": 391000000,
        "costAndExpenses": 391000000,
        "interestIncome": 8000000,
        "interestExpense": 0,
        "depreciationAndAmortization": -64000000,
        "ebitda": 3000000,
        "ebitdaratio": 0.0065934066,
        "operatingIncome": 64000000,
        "operatingIncomeRatio": 0.1406593407,
        "totalOtherIncomeExpensesNet": -8000000,
        "incomeBeforeTax": 56000000,
        "incomeBeforeTaxRatio": 0.1230769231,
        "incomeTaxExpense": 9000000,
        "netIncome": 58000000,
        "netIncomeRatio": 0.1274725275,
        "eps": 0.26,
        "epsdiluted": 0.27,
        "weightedAverageShsOut": 223077781,
        "weightedAverageShsOutDil": 216540885,
        "link": null,
        "finalLink": null
    },
    {
        "date": "2019-06-30",
        "symbol": "FG",
        "reportedCurrency": "USD",
        "cik": "0001934850",
        "fillingDate": "2019-06-30",
        "acceptedDate": "2019-06-29 20:00:00",
        "calendarYear": "2019",
        "period": "Q2",
        "revenue": 495000000,
        "costOfRevenue": 0,
        "grossProfit": 495000000,
        "grossProfitRatio": 1,
        "researchAndDevelopmentExpenses": 0,
        "generalAndAdministrativeExpenses": 44000000,
        "sellingAndMarketingExpenses": 0,
        "sellingGeneralAndAdministrativeExpenses": 44000000,
        "otherExpenses": 0,
        "operatingExpenses": 428000000,
        "costAndExpenses": 428000000,
        "interestIncome": 8000000,
        "interestExpense": 0,
        "depreciationAndAmortization": -67000000,
        "ebitda": -16000000,
        "ebitdaratio": -0.0323232323,
        "operatingIncome": 67000000,
        "operatingIncomeRatio": 0.1353535354,
        "totalOtherIncomeExpensesNet": -8000000,
        "incomeBeforeTax": 59000000,
        "incomeBeforeTaxRatio": 0.1191919192,
        "incomeTaxExpense": 13000000,
        "netIncome": 38000000,
        "netIncomeRatio": 0.0767676768,
        "eps": 0.17,
        "epsdiluted": 0.17,
        "weightedAverageShsOut": 223529411,
        "weightedAverageShsOutDil": 217262215,
        "link": null,
        "finalLink": null
    },
    {
        "date": "2019-03-31",
        "symbol": "FG",
        "reportedCurrency": "USD",
        "cik": "0001934850",
        "fillingDate": "2019-03-31",
        "acceptedDate": "2019-03-30 20:00:00",
        "calendarYear": "2019",
        "period": "Q1",
        "revenue": 600000000,
        "costOfRevenue": 0,
        "grossProfit": 600000000,
        "grossProfitRatio": 1,
        "researchAndDevelopmentExpenses": 0,
        "generalAndAdministrativeExpenses": 31000000,
        "sellingAndMarketingExpenses": 0,
        "sellingGeneralAndAdministrativeExpenses": 31000000,
        "otherExpenses": 0,
        "operatingExpenses": 412000000,
        "costAndExpenses": 412000000,
        "interestIncome": 8000000,
        "interestExpense": 0,
        "depreciationAndAmortization": -188000000,
        "ebitda": -16000000,
        "ebitdaratio": -0.0266666667,
        "operatingIncome": 188000000,
        "operatingIncomeRatio": 0.3133333333,
        "totalOtherIncomeExpensesNet": -8000000,
        "incomeBeforeTax": 180000000,
        "incomeBeforeTaxRatio": 0.3,
        "incomeTaxExpense": 9000000,
        "netIncome": 163000000,
        "netIncomeRatio": 0.2716666667,
        "eps": 0.74,
        "epsdiluted": 0.74,
        "weightedAverageShsOut": 220270567,
        "weightedAverageShsOutDil": 219681679,
        "link": null,
        "finalLink": null
    },
    {
        "date": "2018-12-31",
        "symbol": "FG",
        "reportedCurrency": "USD",
        "cik": "0001934850",
        "fillingDate": "2018-12-31",
        "acceptedDate": "2018-12-30 19:00:00",
        "calendarYear": "2018",
        "period": "Q4",
        "revenue": -211000000,
        "costOfRevenue": 0,
        "grossProfit": -211000000,
        "grossProfitRatio": 1,
        "researchAndDevelopmentExpenses": 0,
        "generalAndAdministrativeExpenses": 47000000,
        "sellingAndMarketingExpenses": 0,
        "sellingGeneralAndAdministrativeExpenses": 47000000,
        "otherExpenses": 0,
        "operatingExpenses": 20000000,
        "costAndExpenses": 20000000,
        "interestIncome": 8000000,
        "interestExpense": 0,
        "depreciationAndAmortization": 191000000,
        "ebitda": 86000000,
        "ebitdaratio": -0.4075829384,
        "operatingIncome": -191000000,
        "operatingIncomeRatio": 0.9052132701,
        "totalOtherIncomeExpensesNet": -8000000,
        "incomeBeforeTax": -199000000,
        "incomeBeforeTaxRatio": 0.9431279621,
        "incomeTaxExpense": 51000000,
        "netIncome": -156000000,
        "netIncomeRatio": 0.7393364929,
        "eps": -0.71,
        "epsdiluted": -0.71,
        "weightedAverageShsOut": 220900281,
        "weightedAverageShsOutDil": 220900000,
        "link": null,
        "finalLink": null
    },
    {
        "date": "2018-09-30",
        "symbol": "FG",
        "reportedCurrency": "USD",
        "cik": "0001934850",
        "fillingDate": "2018-09-30",
        "acceptedDate": "2018-09-29 20:00:00",
        "calendarYear": "2018",
        "period": "Q3",
        "revenue": 444000000,
        "costOfRevenue": 0,
        "grossProfit": 444000000,
        "grossProfitRatio": 1,
        "researchAndDevelopmentExpenses": 0,
        "generalAndAdministrativeExpenses": 31000000,
        "sellingAndMarketingExpenses": 0,
        "sellingGeneralAndAdministrativeExpenses": 31000000,
        "otherExpenses": 0,
        "operatingExpenses": 365000000,
        "costAndExpenses": 365000000,
        "interestIncome": 8000000,
        "interestExpense": 0,
        "depreciationAndAmortization": -79000000,
        "ebitda": -15000000,
        "ebitdaratio": -0.0337837838,
        "operatingIncome": 79000000,
        "operatingIncomeRatio": 0.1779279279,
        "totalOtherIncomeExpensesNet": -8000000,
        "incomeBeforeTax": 71000000,
        "incomeBeforeTaxRatio": 0.1599099099,
        "incomeTaxExpense": 15000000,
        "netIncome": 49000000,
        "netIncomeRatio": 0.1103603604,
        "eps": 0.23,
        "epsdiluted": 0.23,
        "weightedAverageShsOut": 214370712,
        "weightedAverageShsOutDil": 214418693,
        "link": null,
        "finalLink": null
    },
    {
        "date": "2018-06-30",
        "symbol": "FG",
        "reportedCurrency": "USD",
        "cik": "0001934850",
        "fillingDate": "2018-06-30",
        "acceptedDate": "2018-06-29 20:00:00",
        "calendarYear": "2018",
        "period": "Q2",
        "revenue": 340000000,
        "costOfRevenue": 0,
        "grossProfit": 340000000,
        "grossProfitRatio": 1,
        "researchAndDevelopmentExpenses": 0,
        "generalAndAdministrativeExpenses": 37000000,
        "sellingAndMarketingExpenses": 0,
        "sellingGeneralAndAdministrativeExpenses": 37000000,
        "otherExpenses": 0,
        "operatingExpenses": 280000000,
        "costAndExpenses": 280000000,
        "interestIncome": 7000000,
        "interestExpense": 0,
        "depreciationAndAmortization": -60000000,
        "ebitda": -14000000,
        "ebitdaratio": -0.0411764706,
        "operatingIncome": 60000000,
        "operatingIncomeRatio": 0.1764705882,
        "totalOtherIncomeExpensesNet": -7000000,
        "incomeBeforeTax": 53000000,
        "incomeBeforeTaxRatio": 0.1558823529,
        "incomeTaxExpense": 13000000,
        "netIncome": 33000000,
        "netIncomeRatio": 0.0970588235,
        "eps": 0.15,
        "epsdiluted": 0.15,
        "weightedAverageShsOut": 220000000,
        "weightedAverageShsOutDil": 214379000,
        "link": null,
        "finalLink": null
    },
    {
        "date": "2018-03-31",
        "symbol": "FG",
        "reportedCurrency": "USD",
        "cik": "0001934850",
        "fillingDate": "2018-03-31",
        "acceptedDate": "2018-03-30 20:00:00",
        "calendarYear": "2018",
        "period": "Q1",
        "revenue": 138000000,
        "costOfRevenue": 0,
        "grossProfit": 138000000,
        "grossProfitRatio": 1,
        "researchAndDevelopmentExpenses": 0,
        "generalAndAdministrativeExpenses": 35000000,
        "sellingAndMarketingExpenses": 0,
        "sellingGeneralAndAdministrativeExpenses": 35000000,
        "otherExpenses": 0,
        "operatingExpenses": 28000000,
        "costAndExpenses": 28000000,
        "interestIncome": 6000000,
        "interestExpense": 0,
        "depreciationAndAmortization": -110000000,
        "ebitda": -13000000,
        "ebitdaratio": -0.0942028986,
        "operatingIncome": 110000000,
        "operatingIncomeRatio": 0.7971014493,
        "totalOtherIncomeExpensesNet": -6000000,
        "incomeBeforeTax": 104000000,
        "incomeBeforeTaxRatio": 0.7536231884,
        "incomeTaxExpense": 39000000,
        "netIncome": 58000000,
        "netIncomeRatio": 0.4202898551,
        "eps": 0.27,
        "epsdiluted": 0.27,
        "weightedAverageShsOut": 214814814,
        "weightedAverageShsOutDil": 214370000,
        "link": null,
        "finalLink": null
    },
    {
        "date": "2017-12-31",
        "symbol": "FG",
        "reportedCurrency": "USD",
        "cik": "0001934850",
        "fillingDate": "2017-12-31",
        "acceptedDate": "2017-12-30 19:00:00",
        "calendarYear": "2017",
        "period": "Q4",
        "revenue": 1223554208,
        "costOfRevenue": 0,
        "grossProfit": 1223554208,
        "grossProfitRatio": 1,
        "researchAndDevelopmentExpenses": 0,
        "generalAndAdministrativeExpenses": 66171564,
        "sellingAndMarketingExpenses": 0,
        "sellingGeneralAndAdministrativeExpenses": 66171564,
        "otherExpenses": 0,
        "operatingExpenses": 1067171564,
        "costAndExpenses": 1067171564,
        "interestIncome": 12000000,
        "interestExpense": 0,
        "depreciationAndAmortization": -156382644,
        "ebitda": -36000000,
        "ebitdaratio": -0.0294224806,
        "operatingIncome": 156382644,
        "operatingIncomeRatio": 0.1278101477,
        "totalOtherIncomeExpensesNet": -12000000,
        "incomeBeforeTax": 144382644,
        "incomeBeforeTaxRatio": 0.1180026541,
        "incomeTaxExpense": 1291000000,
        "netIncome": -1170617356,
        "netIncomeRatio": -0.9567351805,
        "eps": -5.49,
        "epsdiluted": -5.46,
        "weightedAverageShsOut": 213089225,
        "weightedAverageShsOutDil": 214370000,
        "link": null,
        "finalLink": null
    },
    {
        "date": "2017-09-30",
        "symbol": "FG",
        "reportedCurrency": "USD",
        "cik": "0001934850",
        "fillingDate": "2017-09-30",
        "acceptedDate": "2017-09-29 20:00:00",
        "calendarYear": "2017",
        "period": "Q3",
        "revenue": 1445792,
        "costOfRevenue": 0,
        "grossProfit": 1445792,
        "grossProfitRatio": 1,
        "researchAndDevelopmentExpenses": 0,
        "generalAndAdministrativeExpenses": 828436,
        "sellingAndMarketingExpenses": 0,
        "sellingGeneralAndAdministrativeExpenses": 828436,
        "otherExpenses": 0,
        "operatingExpenses": 828436,
        "costAndExpenses": 828436,
        "interestIncome": 0,
        "interestExpense": 0,
        "depreciationAndAmortization": -617356,
        "ebitda": 0,
        "ebitdaratio": 0,
        "operatingIncome": 617356,
        "operatingIncomeRatio": 0.4270019477,
        "totalOtherIncomeExpensesNet": 0,
        "incomeBeforeTax": 617356,
        "incomeBeforeTaxRatio": 0.4270019477,
        "incomeTaxExpense": 0,
        "netIncome": 617356,
        "netIncomeRatio": 0.4270019477,
        "eps": 0.01,
        "epsdiluted": 0.0073,
        "weightedAverageShsOut": 61735600,
        "weightedAverageShsOutDil": 84000000,
        "link": null,
        "finalLink": null
    },
    {
        "date": "2017-06-30",
        "symbol": "FG",
        "reportedCurrency": "USD",
        "cik": "0001934850",
        "fillingDate": "2017-06-30",
        "acceptedDate": "2017-06-29 20:00:00",
        "calendarYear": "2017",
        "period": "Q2",
        "revenue": 380000000,
        "costOfRevenue": 0,
        "grossProfit": 380000000,
        "grossProfitRatio": 1,
        "researchAndDevelopmentExpenses": 0,
        "generalAndAdministrativeExpenses": 35000000,
        "sellingAndMarketingExpenses": 0,
        "sellingGeneralAndAdministrativeExpenses": 35000000,
        "otherExpenses": 0,
        "operatingExpenses": 326000000,
        "costAndExpenses": 326000000,
        "interestIncome": 6000000,
        "interestExpense": 0,
        "depreciationAndAmortization": -54000000,
        "ebitda": -6000000,
        "ebitdaratio": -0.0157894737,
        "operatingIncome": 54000000,
        "operatingIncomeRatio": 0.1421052632,
        "totalOtherIncomeExpensesNet": -6000000,
        "incomeBeforeTax": 48000000,
        "incomeBeforeTaxRatio": 0.1263157895,
        "incomeTaxExpense": 16000000,
        "netIncome": 32000000,
        "netIncomeRatio": 0.0842105263,
        "eps": 0.54,
        "epsdiluted": 0.55,
        "weightedAverageShsOut": 59259259,
        "weightedAverageShsOutDil": 58444618,
        "link": null,
        "finalLink": null
    },
    {
        "date": "2017-03-31",
        "symbol": "FG",
        "reportedCurrency": "USD",
        "cik": "0001934850",
        "fillingDate": "2017-03-31",
        "acceptedDate": "2017-03-30 20:00:00",
        "calendarYear": "2017",
        "period": "Q1",
        "revenue": 375000000,
        "costOfRevenue": 0,
        "grossProfit": 375000000,
        "grossProfitRatio": 1,
        "researchAndDevelopmentExpenses": 0,
        "generalAndAdministrativeExpenses": 30000000,
        "sellingAndMarketingExpenses": 0,
        "sellingGeneralAndAdministrativeExpenses": 30000000,
        "otherExpenses": 0,
        "operatingExpenses": 334000000,
        "costAndExpenses": 334000000,
        "interestIncome": 6000000,
        "interestExpense": 0,
        "depreciationAndAmortization": -41000000,
        "ebitda": -6000000,
        "ebitdaratio": -0.016,
        "operatingIncome": 41000000,
        "operatingIncomeRatio": 0.1093333333,
        "totalOtherIncomeExpensesNet": -6000000,
        "incomeBeforeTax": 35000000,
        "incomeBeforeTaxRatio": 0.0933333333,
        "incomeTaxExpense": 13000000,
        "netIncome": 22000000,
        "netIncomeRatio": 0.0586666667,
        "eps": 0.38,
        "epsdiluted": 0.38,
        "weightedAverageShsOut": 58326506,
        "weightedAverageShsOutDil": 58383086,
        "link": null,
        "finalLink": null
    },
    {
        "date": "2016-12-31",
        "symbol": "FG",
        "reportedCurrency": "USD",
        "cik": "0001934850",
        "fillingDate": "2016-12-31",
        "acceptedDate": "2016-12-30 19:00:00",
        "calendarYear": "2016",
        "period": "Q4",
        "revenue": 612594,
        "costOfRevenue": 0,
        "grossProfit": 612594,
        "grossProfitRatio": 1,
        "researchAndDevelopmentExpenses": 0,
        "generalAndAdministrativeExpenses": 428467,
        "sellingAndMarketingExpenses": 0,
        "sellingGeneralAndAdministrativeExpenses": 428467,
        "otherExpenses": 0,
        "operatingExpenses": 428466,
        "costAndExpenses": 428466,
        "interestIncome": 0,
        "interestExpense": 0,
        "depreciationAndAmortization": -184128,
        "ebitda": 0,
        "ebitdaratio": 0,
        "operatingIncome": 184128,
        "operatingIncomeRatio": 0.3005710144,
        "totalOtherIncomeExpensesNet": 0,
        "incomeBeforeTax": 184128,
        "incomeBeforeTaxRatio": 0.3005710144,
        "incomeTaxExpense": 0,
        "netIncome": 184128,
        "netIncomeRatio": 0.3005710144,
        "eps": 0.0091,
        "epsdiluted": 0.0091,
        "weightedAverageShsOut": 20329910,
        "weightedAverageShsOutDil": 20328645,
        "link": null,
        "finalLink": null
    },
    {
        "date": "2016-09-30",
        "symbol": "FG",
        "reportedCurrency": "USD",
        "cik": "0001934850",
        "fillingDate": "2016-09-30",
        "acceptedDate": "2016-09-29 20:00:00",
        "calendarYear": "2016",
        "period": "Q3",
        "revenue": 427153,
        "costOfRevenue": 0,
        "grossProfit": 427153,
        "grossProfitRatio": 1,
        "researchAndDevelopmentExpenses": 0,
        "generalAndAdministrativeExpenses": 289524,
        "sellingAndMarketingExpenses": 0,
        "sellingGeneralAndAdministrativeExpenses": 289524,
        "otherExpenses": 0,
        "operatingExpenses": 289524,
        "costAndExpenses": 289524,
        "interestIncome": 0,
        "interestExpense": 0,
        "depreciationAndAmortization": -137629,
        "ebitda": 0,
        "ebitdaratio": 0,
        "operatingIncome": 137629,
        "operatingIncomeRatio": 0.3222007103,
        "totalOtherIncomeExpensesNet": 0,
        "incomeBeforeTax": 137629,
        "incomeBeforeTaxRatio": 0.3222007103,
        "incomeTaxExpense": 0,
        "netIncome": 137629,
        "netIncomeRatio": 0.3222007103,
        "eps": 0.0077,
        "epsdiluted": 0.0077,
        "weightedAverageShsOut": 17826767,
        "weightedAverageShsOutDil": 17826574,
        "link": null,
        "finalLink": null
    },
    {
        "date": "2016-06-30",
        "symbol": "FG",
        "reportedCurrency": "USD",
        "cik": "0001934850",
        "fillingDate": "2016-06-30",
        "acceptedDate": "2016-06-29 20:00:00",
        "calendarYear": "2016",
        "period": "Q2",
        "revenue": 24685,
        "costOfRevenue": 0,
        "grossProfit": 24685,
        "grossProfitRatio": 1,
        "researchAndDevelopmentExpenses": 0,
        "generalAndAdministrativeExpenses": 596437,
        "sellingAndMarketingExpenses": 0,
        "sellingGeneralAndAdministrativeExpenses": 596437,
        "otherExpenses": 0,
        "operatingExpenses": 596437,
        "costAndExpenses": 596437,
        "interestIncome": 0,
        "interestExpense": 0,
        "depreciationAndAmortization": 571752,
        "ebitda": 0,
        "ebitdaratio": 0,
        "operatingIncome": -571752,
        "operatingIncomeRatio": -23.1619201945,
        "totalOtherIncomeExpensesNet": 0,
        "incomeBeforeTax": -571752,
        "incomeBeforeTaxRatio": -23.1619201945,
        "incomeTaxExpense": 0,
        "netIncome": -571752,
        "netIncomeRatio": -23.1619201945,
        "eps": -0.0335,
        "epsdiluted": -0.0335,
        "weightedAverageShsOut": 17092735,
        "weightedAverageShsOutDil": 17092495,
        "link": null,
        "finalLink": null
    },
    {
        "date": "2016-03-31",
        "symbol": "FG",
        "reportedCurrency": "USD",
        "cik": "0001934850",
        "fillingDate": "2016-03-31",
        "acceptedDate": "2016-03-30 20:00:00",
        "calendarYear": "2016",
        "period": "Q1",
        "revenue": 0,
        "costOfRevenue": 0,
        "grossProfit": 0,
        "grossProfitRatio": 0,
        "researchAndDevelopmentExpenses": 0,
        "generalAndAdministrativeExpenses": 86271,
        "sellingAndMarketingExpenses": 0,
        "sellingGeneralAndAdministrativeExpenses": 86271,
        "otherExpenses": 0,
        "operatingExpenses": 86271,
        "costAndExpenses": 86271,
        "interestIncome": 0,
        "interestExpense": 0,
        "depreciationAndAmortization": 86271,
        "ebitda": 0,
        "ebitdaratio": 0,
        "operatingIncome": -86271,
        "operatingIncomeRatio": 0,
        "totalOtherIncomeExpensesNet": 0,
        "incomeBeforeTax": -86271,
        "incomeBeforeTaxRatio": 0,
        "incomeTaxExpense": 0,
        "netIncome": -86271,
        "netIncomeRatio": 0,
        "eps": -0.01,
        "epsdiluted": -0.0058,
        "weightedAverageShsOut": 8627100,
        "weightedAverageShsOutDil": 15000000,
        "link": null,
        "finalLink": null
    }
]