[
    {
        "date": "2025-09-30",
        "symbol": "FHN",
        "reportedCurrency": "USD",
        "cik": "0000036966",
        "fillingDate": "2025-10-15",
        "acceptedDate": "2025-10-15 06:36:57",
        "calendarYear": "2025",
        "period": "Q3",
        "revenue": 889000000,
        "costOfRevenue": -5000000,
        "grossProfit": 894000000,
        "grossProfitRatio": 1.005624297,
        "researchAndDevelopmentExpenses": 0,
        "generalAndAdministrativeExpenses": 400000000,
        "sellingAndMarketingExpenses": 151000000,
        "sellingGeneralAndAdministrativeExpenses": 551000000,
        "otherExpenses": 0,
        "operatingExpenses": 551000000,
        "costAndExpenses": 546000000,
        "interestIncome": 1081000000,
        "interestExpense": 403000000,
        "depreciationAndAmortization": 20000000,
        "ebitda": 364000000,
        "ebitdaratio": 0.4094488189,
        "operatingIncome": 344000000,
        "operatingIncomeRatio": 0.386951631,
        "totalOtherIncomeExpensesNet": 0,
        "incomeBeforeTax": 344000000,
        "incomeBeforeTaxRatio": 0.386951631,
        "incomeTaxExpense": 78000000,
        "netIncome": 262000000,
        "netIncomeRatio": 0.2947131609,
        "eps": 0.5,
        "epsdiluted": 0.5,
        "weightedAverageShsOut": 505000000,
        "weightedAverageShsOutDil": 510000000,
        "link": "https://www.sec.gov/Archives/edgar/data/36966/000003696625000133/0000036966-25-000133-index.htm",
        "finalLink": "https://www.sec.gov/Archives/edgar/data/36966/000003696625000133/a3q2025earningsrelease.htm"
    },
    {
        "date": "2025-06-30",
        "symbol": "FHN",
        "reportedCurrency": "USD",
        "cik": "0000036966",
        "fillingDate": "2025-08-07",
        "acceptedDate": "2025-08-07 16:21:26",
        "calendarYear": "2025",
        "period": "Q2",
        "revenue": 1210000000,
        "costOfRevenue": 433000000,
        "grossProfit": 777000000,
        "grossProfitRatio": 0.6421487603,
        "researchAndDevelopmentExpenses": 0,
        "generalAndAdministrativeExpenses": 302000000,
        "sellingAndMarketingExpenses": 14000000,
        "sellingGeneralAndAdministrativeExpenses": 316000000,
        "otherExpenses": 152000000,
        "operatingExpenses": 468000000,
        "costAndExpenses": 901000000,
        "interestIncome": 1044000000,
        "interestExpense": 403000000,
        "depreciationAndAmortization": 10000000,
        "ebitda": 319000000,
        "ebitdaratio": 0.2636363636,
        "operatingIncome": 309000000,
        "operatingIncomeRatio": 0.2553719008,
        "totalOtherIncomeExpensesNet": 0,
        "incomeBeforeTax": 309000000,
        "incomeBeforeTaxRatio": 0.2553719008,
        "incomeTaxExpense": 64000000,
        "netIncome": 240000000,
        "netIncomeRatio": 0.1983471074,
        "eps": 0.46,
        "epsdiluted": 0.45,
        "weightedAverageShsOut": 508000000,
        "weightedAverageShsOutDil": 514000000,
        "link": "https://www.sec.gov/Archives/edgar/data/36966/000003696625000110/0000036966-25-000110-index.htm",
        "finalLink": "https://www.sec.gov/Archives/edgar/data/36966/000003696625000110/fhn-20250630.htm"
    },
    {
        "date": "2025-03-31",
        "symbol": "FHN",
        "reportedCurrency": "USD",
        "cik": "0000036966",
        "fillingDate": "2025-05-07",
        "acceptedDate": "2025-05-07 16:16:33",
        "calendarYear": "2025",
        "period": "Q1",
        "revenue": 1172000000,
        "costOfRevenue": 423000000,
        "grossProfit": 749000000,
        "grossProfitRatio": 0.6390784983,
        "researchAndDevelopmentExpenses": 0,
        "generalAndAdministrativeExpenses": 300000000,
        "sellingAndMarketingExpenses": 10000000,
        "sellingGeneralAndAdministrativeExpenses": 310000000,
        "otherExpenses": 154000000,
        "operatingExpenses": 464000000,
        "costAndExpenses": 887000000,
        "interestIncome": 1014000000,
        "interestExpense": 383000000,
        "depreciationAndAmortization": 22000000,
        "ebitda": 307000000,
        "ebitdaratio": 0.2619453925,
        "operatingIncome": 285000000,
        "operatingIncomeRatio": 0.2431740614,
        "totalOtherIncomeExpensesNet": 0,
        "incomeBeforeTax": 285000000,
        "incomeBeforeTaxRatio": 0.2431740614,
        "incomeTaxExpense": 63000000,
        "netIncome": 218000000,
        "netIncomeRatio": 0.1860068259,
        "eps": 0.41,
        "epsdiluted": 0.41,
        "weightedAverageShsOut": 517000000,
        "weightedAverageShsOutDil": 523000000,
        "link": "https://www.sec.gov/Archives/edgar/data/36966/000003696625000053/0000036966-25-000053-index.htm",
        "finalLink": "https://www.sec.gov/Archives/edgar/data/36966/000003696625000053/fhn-20250331.htm"
    },
    {
        "date": "2024-12-31",
        "symbol": "FHN",
        "reportedCurrency": "USD",
        "cik": "0000036966",
        "fillingDate": "2025-02-27",
        "acceptedDate": "2025-02-27 16:37:24",
        "calendarYear": "2024",
        "period": "Q4",
        "revenue": 1141000000,
        "costOfRevenue": 448000000,
        "grossProfit": 693000000,
        "grossProfitRatio": 0.6073619632,
        "researchAndDevelopmentExpenses": 0,
        "generalAndAdministrativeExpenses": 299000000,
        "sellingAndMarketingExpenses": 11000000,
        "sellingGeneralAndAdministrativeExpenses": 310000000,
        "otherExpenses": 173000000,
        "operatingExpenses": 483000000,
        "costAndExpenses": 931000000,
        "interestIncome": 1068000000,
        "interestExpense": 438000000,
        "depreciationAndAmortization": 19000000,
        "ebitda": 229000000,
        "ebitdaratio": 0.2007011394,
        "operatingIncome": 210000000,
        "operatingIncomeRatio": 0.1840490798,
        "totalOtherIncomeExpensesNet": 0,
        "incomeBeforeTax": 210000000,
        "incomeBeforeTaxRatio": 0.1840490798,
        "incomeTaxExpense": 40000000,
        "netIncome": 166000000,
        "netIncomeRatio": 0.1454864154,
        "eps": 0.3,
        "epsdiluted": 0.29,
        "weightedAverageShsOut": 528000000,
        "weightedAverageShsOutDil": 534000000,
        "link": "https://www.sec.gov/Archives/edgar/data/36966/000003696625000024/0000036966-25-000024-index.htm",
        "finalLink": "https://www.sec.gov/Archives/edgar/data/36966/000003696625000024/fhn-20241231.htm"
    },
    {
        "date": "2024-09-30",
        "symbol": "FHN",
        "reportedCurrency": "USD",
        "cik": "0000036966",
        "fillingDate": "2024-09-30",
        "acceptedDate": "2024-09-30 00:00:00",
        "calendarYear": "2024",
        "period": "Q3",
        "revenue": 1294000000,
        "costOfRevenue": 527000000,
        "grossProfit": 767000000,
        "grossProfitRatio": 0.5927357032,
        "researchAndDevelopmentExpenses": 0,
        "generalAndAdministrativeExpenses": 305000000,
        "sellingAndMarketingExpenses": 14000000,
        "sellingGeneralAndAdministrativeExpenses": 319000000,
        "otherExpenses": 167000000,
        "operatingExpenses": 486000000,
        "costAndExpenses": 1013000000,
        "interestIncome": 1119000000,
        "interestExpense": 492000000,
        "depreciationAndAmortization": 31000000,
        "ebitda": 312000000,
        "ebitdaratio": 0.2411128284,
        "operatingIncome": 281000000,
        "operatingIncomeRatio": 0.2171561051,
        "totalOtherIncomeExpensesNet": 0,
        "incomeBeforeTax": 281000000,
        "incomeBeforeTaxRatio": 0.2171561051,
        "incomeTaxExpense": 58000000,
        "netIncome": 218000000,
        "netIncomeRatio": 0.1684698609,
        "eps": 0.4,
        "epsdiluted": 0.4,
        "weightedAverageShsOut": 534000000,
        "weightedAverageShsOutDil": 537971000,
        "link": null,
        "finalLink": null
    },
    {
        "date": "2024-06-30",
        "symbol": "FHN",
        "reportedCurrency": "USD",
        "cik": "0000036966",
        "fillingDate": "2024-08-02",
        "acceptedDate": "2024-08-02 16:16:47",
        "calendarYear": "2024",
        "period": "Q2",
        "revenue": 1256000000,
        "costOfRevenue": 519000000,
        "grossProfit": 737000000,
        "grossProfitRatio": 0.5867834395,
        "researchAndDevelopmentExpenses": 0,
        "generalAndAdministrativeExpenses": 309000000,
        "sellingAndMarketingExpenses": 14000000,
        "sellingGeneralAndAdministrativeExpenses": 323000000,
        "otherExpenses": 154000000,
        "operatingExpenses": 477000000,
        "costAndExpenses": 996000000,
        "interestIncome": 1093000000,
        "interestExpense": 464000000,
        "depreciationAndAmortization": 25000000,
        "ebitda": 285000000,
        "ebitdaratio": 0.226910828,
        "operatingIncome": 260000000,
        "operatingIncomeRatio": 0.2070063694,
        "totalOtherIncomeExpensesNet": 0,
        "incomeBeforeTax": 260000000,
        "incomeBeforeTaxRatio": 0.2070063694,
        "incomeTaxExpense": 56000000,
        "netIncome": 199000000,
        "netIncomeRatio": 0.1584394904,
        "eps": 0.34,
        "epsdiluted": 0.34,
        "weightedAverageShsOut": 543981000,
        "weightedAverageShsOutDil": 547093000,
        "link": "https://www.sec.gov/Archives/edgar/data/36966/000003696624000084/0000036966-24-000084-index.htm",
        "finalLink": "https://www.sec.gov/Archives/edgar/data/36966/000003696624000084/fhn-20240630.htm"
    },
    {
        "date": "2024-03-31",
        "symbol": "FHN",
        "reportedCurrency": "USD",
        "cik": "0000036966",
        "fillingDate": "2024-05-03",
        "acceptedDate": "2024-05-03 16:17:57",
        "calendarYear": "2024",
        "period": "Q1",
        "revenue": 1246000000,
        "costOfRevenue": 498000000,
        "grossProfit": 748000000,
        "grossProfitRatio": 0.6003210273,
        "researchAndDevelopmentExpenses": 0,
        "generalAndAdministrativeExpenses": 338000000,
        "sellingAndMarketingExpenses": 8000000,
        "sellingGeneralAndAdministrativeExpenses": 346000000,
        "otherExpenses": 148000000,
        "operatingExpenses": 494000000,
        "costAndExpenses": 992000000,
        "interestIncome": 1073000000,
        "interestExpense": 448000000,
        "depreciationAndAmortization": 26000000,
        "ebitda": 280000000,
        "ebitdaratio": 0.2247191011,
        "operatingIncome": 254000000,
        "operatingIncomeRatio": 0.2038523274,
        "totalOtherIncomeExpensesNet": 0,
        "incomeBeforeTax": 254000000,
        "incomeBeforeTaxRatio": 0.2038523274,
        "incomeTaxExpense": 57000000,
        "netIncome": 192000000,
        "netIncomeRatio": 0.1540930979,
        "eps": 0.33,
        "epsdiluted": 0.33,
        "weightedAverageShsOut": 554977000,
        "weightedAverageShsOutDil": 557873000,
        "link": "https://www.sec.gov/Archives/edgar/data/36966/000003696624000060/0000036966-24-000060-index.htm",
        "finalLink": "https://www.sec.gov/Archives/edgar/data/36966/000003696624000060/fhn-20240331.htm"
    },
    {
        "date": "2023-12-31",
        "symbol": "FHN",
        "reportedCurrency": "USD",
        "cik": "0000036966",
        "fillingDate": "2024-02-23",
        "acceptedDate": "2024-02-22 18:16:25",
        "calendarYear": "2023",
        "period": "Q4",
        "revenue": 1246000000,
        "costOfRevenue": 519000000,
        "grossProfit": 727000000,
        "grossProfitRatio": 0.5834670947,
        "researchAndDevelopmentExpenses": 0,
        "generalAndAdministrativeExpenses": 374000000,
        "sellingAndMarketingExpenses": 24000000,
        "sellingGeneralAndAdministrativeExpenses": 398000000,
        "otherExpenses": 151000000,
        "operatingExpenses": 549000000,
        "costAndExpenses": 1068000000,
        "interestIncome": 1086000000,
        "interestExpense": 469000000,
        "depreciationAndAmortization": 11000000,
        "ebitda": 189000000,
        "ebitdaratio": 0.1516853933,
        "operatingIncome": 178000000,
        "operatingIncomeRatio": 0.1428571429,
        "totalOtherIncomeExpensesNet": 0,
        "incomeBeforeTax": 178000000,
        "incomeBeforeTaxRatio": 0.1428571429,
        "incomeTaxExpense": -11000000,
        "netIncome": 184000000,
        "netIncomeRatio": 0.1476725522,
        "eps": 0.31,
        "epsdiluted": 0.31,
        "weightedAverageShsOut": 559000000,
        "weightedAverageShsOutDil": 561000000,
        "link": "https://www.sec.gov/Archives/edgar/data/36966/000003696624000015/0000036966-24-000015-index.htm",
        "finalLink": "https://www.sec.gov/Archives/edgar/data/36966/000003696624000015/fhn-20231231.htm"
    },
    {
        "date": "2023-09-30",
        "symbol": "FHN",
        "reportedCurrency": "USD",
        "cik": "0000036966",
        "fillingDate": "2023-11-07",
        "acceptedDate": "2023-11-07 16:17:10",
        "calendarYear": "2023",
        "period": "Q3",
        "revenue": 1232000000,
        "costOfRevenue": 585000000,
        "grossProfit": 647000000,
        "grossProfitRatio": 0.5251623377,
        "researchAndDevelopmentExpenses": 0,
        "generalAndAdministrativeExpenses": 292000000,
        "sellingAndMarketingExpenses": 16000000,
        "sellingGeneralAndAdministrativeExpenses": 308000000,
        "otherExpenses": 145000000,
        "operatingExpenses": 453000000,
        "costAndExpenses": 1038000000,
        "interestIncome": 1080000000,
        "interestExpense": 475000000,
        "depreciationAndAmortization": 30000000,
        "ebitda": 224000000,
        "ebitdaratio": 0.1818181818,
        "operatingIncome": 194000000,
        "operatingIncomeRatio": 0.1574675325,
        "totalOtherIncomeExpensesNet": 0,
        "incomeBeforeTax": 194000000,
        "incomeBeforeTaxRatio": 0.1574675325,
        "incomeTaxExpense": 52000000,
        "netIncome": 137000000,
        "netIncomeRatio": 0.1112012987,
        "eps": 0.23,
        "epsdiluted": 0.23,
        "weightedAverageShsOut": 559000000,
        "weightedAverageShsOutDil": 561421000,
        "link": "https://www.sec.gov/Archives/edgar/data/36966/000003696623000120/0000036966-23-000120-index.htm",
        "finalLink": "https://www.sec.gov/Archives/edgar/data/36966/000003696623000120/fhn-20230930.htm"
    },
    {
        "date": "2023-06-30",
        "symbol": "FHN",
        "reportedCurrency": "USD",
        "cik": "0000036966",
        "fillingDate": "2023-08-04",
        "acceptedDate": "2023-08-04 16:25:33",
        "calendarYear": "2023",
        "period": "Q2",
        "revenue": 1168000000,
        "costOfRevenue": 435000000,
        "grossProfit": 733000000,
        "grossProfitRatio": 0.6275684932,
        "researchAndDevelopmentExpenses": 0,
        "generalAndAdministrativeExpenses": 310000000,
        "sellingAndMarketingExpenses": 17000000,
        "sellingGeneralAndAdministrativeExpenses": 327000000,
        "otherExpenses": -19000000,
        "operatingExpenses": 308000000,
        "costAndExpenses": 743000000,
        "interestIncome": 1015000000,
        "interestExpense": 385000000,
        "depreciationAndAmortization": 31000000,
        "ebitda": 456000000,
        "ebitdaratio": 0.3904109589,
        "operatingIncome": 425000000,
        "operatingIncomeRatio": 0.363869863,
        "totalOtherIncomeExpensesNet": 0,
        "incomeBeforeTax": 425000000,
        "incomeBeforeTaxRatio": 0.363869863,
        "incomeTaxExpense": 96000000,
        "netIncome": 325000000,
        "netIncomeRatio": 0.2782534247,
        "eps": 0.59,
        "epsdiluted": 0.56,
        "weightedAverageShsOut": 539000000,
        "weightedAverageShsOutDil": 560878000,
        "link": "https://www.sec.gov/Archives/edgar/data/36966/000003696623000103/0000036966-23-000103-index.htm",
        "finalLink": "https://www.sec.gov/Archives/edgar/data/36966/000003696623000103/fhn-20230630.htm"
    },
    {
        "date": "2023-03-31",
        "symbol": "FHN",
        "reportedCurrency": "USD",
        "cik": "0000036966",
        "fillingDate": "2023-05-08",
        "acceptedDate": "2023-05-08 16:55:43",
        "calendarYear": "2023",
        "period": "Q1",
        "revenue": 1069000000,
        "costOfRevenue": 282000000,
        "grossProfit": 787000000,
        "grossProfitRatio": 0.736202058,
        "researchAndDevelopmentExpenses": 0,
        "generalAndAdministrativeExpenses": 295000000,
        "sellingAndMarketingExpenses": 14000000,
        "sellingGeneralAndAdministrativeExpenses": 309000000,
        "otherExpenses": 147000000,
        "operatingExpenses": 456000000,
        "costAndExpenses": 738000000,
        "interestIncome": 920000000,
        "interestExpense": 232000000,
        "depreciationAndAmortization": 30000000,
        "ebitda": 361000000,
        "ebitdaratio": 0.3376987839,
        "operatingIncome": 331000000,
        "operatingIncomeRatio": 0.3096351731,
        "totalOtherIncomeExpensesNet": 0,
        "incomeBeforeTax": 331000000,
        "incomeBeforeTaxRatio": 0.3096351731,
        "incomeTaxExpense": 76000000,
        "netIncome": 251000000,
        "netIncomeRatio": 0.2347988775,
        "eps": 0.45,
        "epsdiluted": 0.43,
        "weightedAverageShsOut": 537000000,
        "weightedAverageShsOutDil": 571991000,
        "link": "https://www.sec.gov/Archives/edgar/data/36966/000003696623000048/0000036966-23-000048-index.htm",
        "finalLink": "https://www.sec.gov/Archives/edgar/data/36966/000003696623000048/fhn-20230331.htm"
    },
    {
        "date": "2022-12-31",
        "symbol": "FHN",
        "reportedCurrency": "USD",
        "cik": "0000036966",
        "fillingDate": "2023-03-01",
        "acceptedDate": "2023-03-01 06:07:19",
        "calendarYear": "2022",
        "period": "Q4",
        "revenue": 1007000000,
        "costOfRevenue": 192000000,
        "grossProfit": 815000000,
        "grossProfitRatio": 0.8093346574,
        "researchAndDevelopmentExpenses": 0,
        "generalAndAdministrativeExpenses": 292000000,
        "sellingAndMarketingExpenses": 16000000,
        "sellingGeneralAndAdministrativeExpenses": 308000000,
        "otherExpenses": 173000000,
        "operatingExpenses": 481000000,
        "costAndExpenses": 673000000,
        "interestIncome": 856000000,
        "interestExpense": 147000000,
        "depreciationAndAmortization": 18000000,
        "ebitda": 352000000,
        "ebitdaratio": 0.3495531281,
        "operatingIncome": 334000000,
        "operatingIncomeRatio": 0.3316782522,
        "totalOtherIncomeExpensesNet": 0,
        "incomeBeforeTax": 334000000,
        "incomeBeforeTaxRatio": 0.3316782522,
        "incomeTaxExpense": 64000000,
        "netIncome": 266000000,
        "netIncomeRatio": 0.2641509434,
        "eps": 0.48,
        "epsdiluted": 0.45,
        "weightedAverageShsOut": 536000000,
        "weightedAverageShsOutDil": 572000000,
        "link": "https://www.sec.gov/Archives/edgar/data/36966/000003696623000016/0000036966-23-000016-index.htm",
        "finalLink": "https://www.sec.gov/Archives/edgar/data/36966/000003696623000016/fhn-20221231.htm"
    },
    {
        "date": "2022-09-30",
        "symbol": "FHN",
        "reportedCurrency": "USD",
        "cik": "0000036966",
        "fillingDate": "2022-11-07",
        "acceptedDate": "2022-11-07 16:36:00",
        "calendarYear": "2022",
        "period": "Q3",
        "revenue": 924000000,
        "costOfRevenue": 131000000,
        "grossProfit": 793000000,
        "grossProfitRatio": 0.8582251082,
        "researchAndDevelopmentExpenses": 0,
        "generalAndAdministrativeExpenses": 295000000,
        "sellingAndMarketingExpenses": 12000000,
        "sellingGeneralAndAdministrativeExpenses": 307000000,
        "otherExpenses": 140000000,
        "operatingExpenses": 447000000,
        "costAndExpenses": 578000000,
        "interestIncome": 733000000,
        "interestExpense": 71000000,
        "depreciationAndAmortization": 40000000,
        "ebitda": 386000000,
        "ebitdaratio": 0.4177489177,
        "operatingIncome": 346000000,
        "operatingIncomeRatio": 0.3744588745,
        "totalOtherIncomeExpensesNet": 0,
        "incomeBeforeTax": 346000000,
        "incomeBeforeTaxRatio": 0.3744588745,
        "incomeTaxExpense": 78000000,
        "netIncome": 265000000,
        "netIncomeRatio": 0.2867965368,
        "eps": 0.48,
        "epsdiluted": 0.45,
        "weightedAverageShsOut": 536000000,
        "weightedAverageShsOutDil": 570153000,
        "link": "https://www.sec.gov/Archives/edgar/data/36966/000003696622000075/0000036966-22-000075-index.htm",
        "finalLink": "https://www.sec.gov/Archives/edgar/data/36966/000003696622000075/fhn-20220930.htm"
    },
    {
        "date": "2022-06-30",
        "symbol": "FHN",
        "reportedCurrency": "USD",
        "cik": "0000036966",
        "fillingDate": "2022-08-04",
        "acceptedDate": "2022-08-04 16:38:35",
        "calendarYear": "2022",
        "period": "Q2",
        "revenue": 761000000,
        "costOfRevenue": 71000000,
        "grossProfit": 690000000,
        "grossProfitRatio": 0.9067017083,
        "researchAndDevelopmentExpenses": 0,
        "generalAndAdministrativeExpenses": 285000000,
        "sellingAndMarketingExpenses": 10000000,
        "sellingGeneralAndAdministrativeExpenses": 295000000,
        "otherExpenses": 170000000,
        "operatingExpenses": 465000000,
        "costAndExpenses": 536000000,
        "interestIncome": 583000000,
        "interestExpense": 41000000,
        "depreciationAndAmortization": 23000000,
        "ebitda": 248000000,
        "ebitdaratio": 0.3258869908,
        "operatingIncome": 225000000,
        "operatingIncomeRatio": 0.2956636005,
        "totalOtherIncomeExpensesNet": 0,
        "incomeBeforeTax": 225000000,
        "incomeBeforeTaxRatio": 0.2956636005,
        "incomeTaxExpense": 48000000,
        "netIncome": 174000000,
        "netIncomeRatio": 0.2286465177,
        "eps": 0.31,
        "epsdiluted": 0.29,
        "weightedAverageShsOut": 535000000,
        "weightedAverageShsOutDil": 569435000,
        "link": "https://www.sec.gov/Archives/edgar/data/36966/000003696622000057/0000036966-22-000057-index.htm",
        "finalLink": "https://www.sec.gov/Archives/edgar/data/36966/000003696622000057/fhn-20220630.htm"
    },
    {
        "date": "2022-03-31",
        "symbol": "FHN",
        "reportedCurrency": "USD",
        "cik": "0000036966",
        "fillingDate": "2022-05-06",
        "acceptedDate": "2022-05-06 16:17:51",
        "calendarYear": "2022",
        "period": "Q1",
        "revenue": 719000000,
        "costOfRevenue": -9000000,
        "grossProfit": 728000000,
        "grossProfitRatio": 1.0125173853,
        "researchAndDevelopmentExpenses": 0,
        "generalAndAdministrativeExpenses": 299000000,
        "sellingAndMarketingExpenses": 11000000,
        "sellingGeneralAndAdministrativeExpenses": 310000000,
        "otherExpenses": 163000000,
        "operatingExpenses": 473000000,
        "costAndExpenses": 464000000,
        "interestIncome": 510000000,
        "interestExpense": 31000000,
        "depreciationAndAmortization": 18000000,
        "ebitda": 273000000,
        "ebitdaratio": 0.3796940195,
        "operatingIncome": 255000000,
        "operatingIncomeRatio": 0.354659249,
        "totalOtherIncomeExpensesNet": 0,
        "incomeBeforeTax": 255000000,
        "incomeBeforeTaxRatio": 0.354659249,
        "incomeTaxExpense": 57000000,
        "netIncome": 195000000,
        "netIncomeRatio": 0.2712100139,
        "eps": 0.35,
        "epsdiluted": 0.34,
        "weightedAverageShsOut": 533218000,
        "weightedAverageShsOutDil": 550000000,
        "link": "https://www.sec.gov/Archives/edgar/data/36966/000003696622000033/0000036966-22-000033-index.htm",
        "finalLink": "https://www.sec.gov/Archives/edgar/data/36966/000003696622000033/fhn-20220331.htm"
    },
    {
        "date": "2021-12-31",
        "symbol": "FHN",
        "reportedCurrency": "USD",
        "cik": "0000036966",
        "fillingDate": "2022-03-01",
        "acceptedDate": "2022-03-01 16:41:36",
        "calendarYear": "2021",
        "period": "Q4",
        "revenue": 735000000,
        "costOfRevenue": -31000000,
        "grossProfit": 766000000,
        "grossProfitRatio": 1.0421768707,
        "researchAndDevelopmentExpenses": 0,
        "generalAndAdministrativeExpenses": 310000000,
        "sellingAndMarketingExpenses": 37000000,
        "sellingGeneralAndAdministrativeExpenses": 347000000,
        "otherExpenses": 138000000,
        "operatingExpenses": 485000000,
        "costAndExpenses": 454000000,
        "interestIncome": 532000000,
        "interestExpense": 34000000,
        "depreciationAndAmortization": 12000000,
        "ebitda": 293000000,
        "ebitdaratio": 0.3986394558,
        "operatingIncome": 281000000,
        "operatingIncomeRatio": 0.3823129252,
        "totalOtherIncomeExpensesNet": 0,
        "incomeBeforeTax": 281000000,
        "incomeBeforeTaxRatio": 0.3823129252,
        "incomeTaxExpense": 52000000,
        "netIncome": 227000000,
        "netIncomeRatio": 0.3088435374,
        "eps": 0.41,
        "epsdiluted": 0.4,
        "weightedAverageShsOut": 537000000,
        "weightedAverageShsOutDil": 542000000,
        "link": "https://www.sec.gov/Archives/edgar/data/36966/000003696622000015/0000036966-22-000015-index.htm",
        "finalLink": "https://www.sec.gov/Archives/edgar/data/36966/000003696622000015/fhn-20211231.htm"
    },
    {
        "date": "2021-09-30",
        "symbol": "FHN",
        "reportedCurrency": "USD",
        "cik": "0000036966",
        "fillingDate": "2021-11-05",
        "acceptedDate": "2021-11-05 17:03:40",
        "calendarYear": "2021",
        "period": "Q3",
        "revenue": 779000000,
        "costOfRevenue": -44000000,
        "grossProfit": 823000000,
        "grossProfitRatio": 1.0564826701,
        "researchAndDevelopmentExpenses": 0,
        "generalAndAdministrativeExpenses": 317000000,
        "sellingAndMarketingExpenses": 14000000,
        "sellingGeneralAndAdministrativeExpenses": 331000000,
        "otherExpenses": 194000000,
        "operatingExpenses": 525000000,
        "costAndExpenses": 481000000,
        "interestIncome": 533000000,
        "interestExpense": 41000000,
        "depreciationAndAmortization": 11000000,
        "ebitda": 309000000,
        "ebitdaratio": 0.3966623877,
        "operatingIncome": 298000000,
        "operatingIncomeRatio": 0.3825417202,
        "totalOtherIncomeExpensesNet": 0,
        "incomeBeforeTax": 298000000,
        "incomeBeforeTaxRatio": 0.3825417202,
        "incomeTaxExpense": 63000000,
        "netIncome": 232000000,
        "netIncomeRatio": 0.297817715,
        "eps": 0.41,
        "epsdiluted": 0.41,
        "weightedAverageShsOut": 546000000,
        "weightedAverageShsOutDil": 549819000,
        "link": "https://www.sec.gov/Archives/edgar/data/36966/000003696621000052/0000036966-21-000052-index.htm",
        "finalLink": "https://www.sec.gov/Archives/edgar/data/36966/000003696621000052/fhn-20210930.htm"
    },
    {
        "date": "2021-06-30",
        "symbol": "FHN",
        "reportedCurrency": "USD",
        "cik": "0000036966",
        "fillingDate": "2021-08-05",
        "acceptedDate": "2021-08-05 16:18:02",
        "calendarYear": "2021",
        "period": "Q2",
        "revenue": 808000000,
        "costOfRevenue": -70000000,
        "grossProfit": 878000000,
        "grossProfitRatio": 1.0866336634,
        "researchAndDevelopmentExpenses": 0,
        "generalAndAdministrativeExpenses": 319000000,
        "sellingAndMarketingExpenses": 5000000,
        "sellingGeneralAndAdministrativeExpenses": 324000000,
        "otherExpenses": 155000000,
        "operatingExpenses": 479000000,
        "costAndExpenses": 409000000,
        "interestIncome": 542000000,
        "interestExpense": 45000000,
        "depreciationAndAmortization": 11000000,
        "ebitda": 410000000,
        "ebitdaratio": 0.5074257426,
        "operatingIncome": 399000000,
        "operatingIncomeRatio": 0.4938118812,
        "totalOtherIncomeExpensesNet": 0,
        "incomeBeforeTax": 399000000,
        "incomeBeforeTaxRatio": 0.4938118812,
        "incomeTaxExpense": 88000000,
        "netIncome": 308000000,
        "netIncomeRatio": 0.3811881188,
        "eps": 0.54,
        "epsdiluted": 0.53,
        "weightedAverageShsOut": 550000000,
        "weightedAverageShsOutDil": 556763000,
        "link": "https://www.sec.gov/Archives/edgar/data/36966/000003696621000036/0000036966-21-000036-index.htm",
        "finalLink": "https://www.sec.gov/Archives/edgar/data/36966/000003696621000036/fhn-20210630.htm"
    },
    {
        "date": "2021-03-31",
        "symbol": "FHN",
        "reportedCurrency": "USD",
        "cik": "0000036966",
        "fillingDate": "2021-05-06",
        "acceptedDate": "2021-05-06 16:43:00",
        "calendarYear": "2021",
        "period": "Q1",
        "revenue": 834000000,
        "costOfRevenue": -1000000,
        "grossProfit": 835000000,
        "grossProfitRatio": 1.0011990408,
        "researchAndDevelopmentExpenses": 0,
        "generalAndAdministrativeExpenses": 332000000,
        "sellingAndMarketingExpenses": 4000000,
        "sellingGeneralAndAdministrativeExpenses": 336000000,
        "otherExpenses": 192000000,
        "operatingExpenses": 528000000,
        "costAndExpenses": 527000000,
        "interestIncome": 552000000,
        "interestExpense": 44000000,
        "depreciationAndAmortization": 16000000,
        "ebitda": 323000000,
        "ebitdaratio": 0.3872901679,
        "operatingIncome": 307000000,
        "operatingIncomeRatio": 0.3681055156,
        "totalOtherIncomeExpensesNet": 0,
        "incomeBeforeTax": 307000000,
        "incomeBeforeTaxRatio": 0.3681055156,
        "incomeTaxExpense": 71000000,
        "netIncome": 233000000,
        "netIncomeRatio": 0.2793764988,
        "eps": 0.41,
        "epsdiluted": 0.4,
        "weightedAverageShsOut": 552000000,
        "weightedAverageShsOutDil": 558000000,
        "link": "https://www.sec.gov/Archives/edgar/data/36966/000003696621000024/0000036966-21-000024-index.htm",
        "finalLink": "https://www.sec.gov/Archives/edgar/data/36966/000003696621000024/fhn-20210331.htm"
    },
    {
        "date": "2020-12-31",
        "symbol": "FHN",
        "reportedCurrency": "USD",
        "cik": "0000036966",
        "fillingDate": "2021-02-25",
        "acceptedDate": "2021-02-25 17:04:52",
        "calendarYear": "2020",
        "period": "Q4",
        "revenue": 844979000,
        "costOfRevenue": 53920000,
        "grossProfit": 791059000,
        "grossProfitRatio": 0.9361877632,
        "researchAndDevelopmentExpenses": 0,
        "generalAndAdministrativeExpenses": 245040000,
        "sellingAndMarketingExpenses": 4862000,
        "sellingGeneralAndAdministrativeExpenses": 249902000,
        "otherExpenses": 240089000,
        "operatingExpenses": 489991000,
        "costAndExpenses": 543911000,
        "interestIncome": 574797000,
        "interestExpense": 53308000,
        "depreciationAndAmortization": 18009000,
        "ebitda": 319077000,
        "ebitdaratio": 0.3776153017,
        "operatingIncome": 301068000,
        "operatingIncomeRatio": 0.356302346,
        "totalOtherIncomeExpensesNet": 0,
        "incomeBeforeTax": 301068000,
        "incomeBeforeTaxRatio": 0.356302346,
        "incomeTaxExpense": 56243000,
        "netIncome": 241505000,
        "netIncomeRatio": 0.2858118367,
        "eps": 0.42,
        "epsdiluted": 0.42,
        "weightedAverageShsOut": 553000000,
        "weightedAverageShsOutDil": 557000000,
        "link": "https://www.sec.gov/Archives/edgar/data/36966/000003696621000012/0000036966-21-000012-index.htm",
        "finalLink": "https://www.sec.gov/Archives/edgar/data/36966/000003696621000012/fhn-20201231.htm"
    },
    {
        "date": "2020-09-30",
        "symbol": "FHN",
        "reportedCurrency": "USD",
        "cik": "0000036966",
        "fillingDate": "2020-11-05",
        "acceptedDate": "2020-11-05 17:12:37",
        "calendarYear": "2020",
        "period": "Q3",
        "revenue": 873000000,
        "costOfRevenue": 293000000,
        "grossProfit": 580000000,
        "grossProfitRatio": 0.6643757159,
        "researchAndDevelopmentExpenses": 0,
        "generalAndAdministrativeExpenses": 335000000,
        "sellingAndMarketingExpenses": 0,
        "sellingGeneralAndAdministrativeExpenses": 335000000,
        "otherExpenses": -296000000,
        "operatingExpenses": 39000000,
        "costAndExpenses": 332000000,
        "interestIncome": 598000000,
        "interestExpense": 66000000,
        "depreciationAndAmortization": 4000000,
        "ebitda": 545000000,
        "ebitdaratio": 0.6242840779,
        "operatingIncome": 541000000,
        "operatingIncomeRatio": 0.6197021764,
        "totalOtherIncomeExpensesNet": 0,
        "incomeBeforeTax": 541000000,
        "incomeBeforeTaxRatio": 0.6197021764,
        "incomeTaxExpense": 2000000,
        "netIncome": 536000000,
        "netIncomeRatio": 0.6139747995,
        "eps": 0.95,
        "epsdiluted": 0.95,
        "weightedAverageShsOut": 550000000,
        "weightedAverageShsOutDil": 550846000,
        "link": "https://www.sec.gov/Archives/edgar/data/36966/000003696620000054/0000036966-20-000054-index.htm",
        "finalLink": "https://www.sec.gov/Archives/edgar/data/36966/000003696620000054/fhn-20200930.htm"
    },
    {
        "date": "2020-06-30",
        "symbol": "FHN",
        "reportedCurrency": "USD",
        "cik": "0000036966",
        "fillingDate": "2020-08-05",
        "acceptedDate": "2020-08-05 16:08:39",
        "calendarYear": "2020",
        "period": "Q2",
        "revenue": 540000000,
        "costOfRevenue": 162000000,
        "grossProfit": 378000000,
        "grossProfitRatio": 0.7,
        "researchAndDevelopmentExpenses": 0,
        "generalAndAdministrativeExpenses": 200000000,
        "sellingAndMarketingExpenses": 0,
        "sellingGeneralAndAdministrativeExpenses": 200000000,
        "otherExpenses": 108000000,
        "operatingExpenses": 308000000,
        "costAndExpenses": 470000000,
        "interestIncome": 346000000,
        "interestExpense": 41000000,
        "depreciationAndAmortization": 20000000,
        "ebitda": 90000000,
        "ebitdaratio": 0.1666666667,
        "operatingIncome": 70000000,
        "operatingIncomeRatio": 0.1296296296,
        "totalOtherIncomeExpensesNet": 0,
        "incomeBeforeTax": 70000000,
        "incomeBeforeTaxRatio": 0.1296296296,
        "incomeTaxExpense": 13000000,
        "netIncome": 54000000,
        "netIncomeRatio": 0.1,
        "eps": 0.17,
        "epsdiluted": 0.17,
        "weightedAverageShsOut": 312090000,
        "weightedAverageShsOutDil": 312936000,
        "link": "https://www.sec.gov/Archives/edgar/data/36966/000003696620000032/0000036966-20-000032-index.htm",
        "finalLink": "https://www.sec.gov/Archives/edgar/data/36966/000003696620000032/fhnq2fy2020document.htm"
    },
    {
        "date": "2020-03-31",
        "symbol": "FHN",
        "reportedCurrency": "USD",
        "cik": "0000036966",
        "fillingDate": "2020-05-08",
        "acceptedDate": "2020-05-08 16:37:47",
        "calendarYear": "2020",
        "period": "Q1",
        "revenue": 540000000,
        "costOfRevenue": 229000000,
        "grossProfit": 311000000,
        "grossProfitRatio": 0.5759259259,
        "researchAndDevelopmentExpenses": 0,
        "generalAndAdministrativeExpenses": 183000000,
        "sellingAndMarketingExpenses": 0,
        "sellingGeneralAndAdministrativeExpenses": 183000000,
        "otherExpenses": 107000000,
        "operatingExpenses": 290000000,
        "costAndExpenses": 519000000,
        "interestIncome": 378000000,
        "interestExpense": 75000000,
        "depreciationAndAmortization": 20000000,
        "ebitda": 41000000,
        "ebitdaratio": 0.0759259259,
        "operatingIncome": 21000000,
        "operatingIncomeRatio": 0.0388888889,
        "totalOtherIncomeExpensesNet": 0,
        "incomeBeforeTax": 21000000,
        "incomeBeforeTaxRatio": 0.0388888889,
        "incomeTaxExpense": 5000000,
        "netIncome": 13000000,
        "netIncomeRatio": 0.0240740741,
        "eps": 0.04,
        "epsdiluted": 0.04,
        "weightedAverageShsOut": 311597000,
        "weightedAverageShsOutDil": 313170000,
        "link": "https://www.sec.gov/Archives/edgar/data/36966/000003696620000019/0000036966-20-000019-index.htm",
        "finalLink": "https://www.sec.gov/Archives/edgar/data/36966/000003696620000019/fhnq1fy2020document.htm"
    },
    {
        "date": "2019-12-31",
        "symbol": "FHN",
        "reportedCurrency": "USD",
        "cik": "0000036966",
        "fillingDate": "2020-02-28",
        "acceptedDate": "2020-02-27 19:42:21",
        "calendarYear": "2019",
        "period": "Q4",
        "revenue": 576213000,
        "costOfRevenue": 102749000,
        "grossProfit": 473464000,
        "grossProfitRatio": 0.8216822599,
        "researchAndDevelopmentExpenses": 0,
        "generalAndAdministrativeExpenses": 200222000,
        "sellingAndMarketingExpenses": 14897000,
        "sellingGeneralAndAdministrativeExpenses": 215119000,
        "otherExpenses": 101092000,
        "operatingExpenses": 316211000,
        "costAndExpenses": 418960000,
        "interestIncome": 404142000,
        "interestExpense": 92749000,
        "depreciationAndAmortization": 11837000,
        "ebitda": 169090000,
        "ebitdaratio": 0.2934505122,
        "operatingIncome": 157253000,
        "operatingIncomeRatio": 0.2729077615,
        "totalOtherIncomeExpensesNet": 0,
        "incomeBeforeTax": 157253000,
        "incomeBeforeTaxRatio": 0.2729077615,
        "incomeTaxExpense": 35970000,
        "netIncome": 118373000,
        "netIncomeRatio": 0.2054327133,
        "eps": 0.38,
        "epsdiluted": 0.37,
        "weightedAverageShsOut": 311250000,
        "weightedAverageShsOutDil": 313353000,
        "link": "https://www.sec.gov/Archives/edgar/data/36966/000093041320000605/0000930413-20-000605-index.htm",
        "finalLink": "https://www.sec.gov/Archives/edgar/data/36966/000093041320000605/c95148_10k-ixbrl.htm"
    },
    {
        "date": "2019-09-30",
        "symbol": "FHN",
        "reportedCurrency": "USD",
        "cik": "0000036966",
        "fillingDate": "2019-11-08",
        "acceptedDate": "2019-11-08 16:27:29",
        "calendarYear": "2019",
        "period": "Q3",
        "revenue": 567595000,
        "costOfRevenue": 121184000,
        "grossProfit": 446411000,
        "grossProfitRatio": 0.7864956527,
        "researchAndDevelopmentExpenses": 0,
        "generalAndAdministrativeExpenses": 185635000,
        "sellingAndMarketingExpenses": 6646000,
        "sellingGeneralAndAdministrativeExpenses": 192281000,
        "otherExpenses": 104391000,
        "operatingExpenses": 296672000,
        "costAndExpenses": 417856000,
        "interestIncome": 407494000,
        "interestExpense": 106818000,
        "depreciationAndAmortization": 20958000,
        "ebitda": 170697000,
        "ebitdaratio": 0.3007373215,
        "operatingIncome": 149739000,
        "operatingIncomeRatio": 0.2638131062,
        "totalOtherIncomeExpensesNet": 0,
        "incomeBeforeTax": 149739000,
        "incomeBeforeTaxRatio": 0.2638131062,
        "incomeTaxExpense": 35796000,
        "netIncome": 111060000,
        "netIncomeRatio": 0.1956676856,
        "eps": 0.35,
        "epsdiluted": 0.35,
        "weightedAverageShsOut": 311888000,
        "weightedAverageShsOutDil": 313805000,
        "link": "https://www.sec.gov/Archives/edgar/data/36966/000003696619000038/0000036966-19-000038-index.htm",
        "finalLink": "https://www.sec.gov/Archives/edgar/data/36966/000003696619000038/fhnq3fy2019document.htm"
    },
    {
        "date": "2019-06-30",
        "symbol": "FHN",
        "reportedCurrency": "USD",
        "cik": "0000036966",
        "fillingDate": "2019-08-07",
        "acceptedDate": "2019-08-07 16:16:13",
        "calendarYear": "2019",
        "period": "Q2",
        "revenue": 558369000,
        "costOfRevenue": 121479000,
        "grossProfit": 436890000,
        "grossProfitRatio": 0.7824395695,
        "researchAndDevelopmentExpenses": 0,
        "generalAndAdministrativeExpenses": 188502000,
        "sellingAndMarketingExpenses": 5574000,
        "sellingGeneralAndAdministrativeExpenses": 194076000,
        "otherExpenses": 94605000,
        "operatingExpenses": 288681000,
        "costAndExpenses": 410160000,
        "interestIncome": 412089000,
        "interestExpense": 108479000,
        "depreciationAndAmortization": 13571000,
        "ebitda": 161780000,
        "ebitdaratio": 0.2897367153,
        "operatingIncome": 148209000,
        "operatingIncomeRatio": 0.2654319993,
        "totalOtherIncomeExpensesNet": 0,
        "incomeBeforeTax": 148209000,
        "incomeBeforeTaxRatio": 0.2654319993,
        "incomeTaxExpense": 34467000,
        "netIncome": 110890000,
        "netIncomeRatio": 0.1985962688,
        "eps": 0.35,
        "epsdiluted": 0.35,
        "weightedAverageShsOut": 314063000,
        "weightedAverageShsOutDil": 315786000,
        "link": "https://www.sec.gov/Archives/edgar/data/36966/000003696619000024/0000036966-19-000024-index.htm",
        "finalLink": "https://www.sec.gov/Archives/edgar/data/36966/000003696619000024/fhnq2fy2019document.htm"
    },
    {
        "date": "2019-03-31",
        "symbol": "FHN",
        "reportedCurrency": "USD",
        "cik": "0000036966",
        "fillingDate": "2019-05-08",
        "acceptedDate": "2019-05-08 16:08:11",
        "calendarYear": "2019",
        "period": "Q1",
        "revenue": 530173000,
        "costOfRevenue": 115107000,
        "grossProfit": 415066000,
        "grossProfitRatio": 0.7828878498,
        "researchAndDevelopmentExpenses": 0,
        "generalAndAdministrativeExpenses": 195835000,
        "sellingAndMarketingExpenses": 7242000,
        "sellingGeneralAndAdministrativeExpenses": 203077000,
        "otherExpenses": 81526000,
        "operatingExpenses": 284603000,
        "costAndExpenses": 399710000,
        "interestIncome": 400615000,
        "interestExpense": 106107000,
        "depreciationAndAmortization": 18873000,
        "ebitda": 149336000,
        "ebitdaratio": 0.2816740951,
        "operatingIncome": 130463000,
        "operatingIncomeRatio": 0.2460762808,
        "totalOtherIncomeExpensesNet": 0,
        "incomeBeforeTax": 130463000,
        "incomeBeforeTaxRatio": 0.2460762808,
        "incomeTaxExpense": 27058000,
        "netIncome": 100585000,
        "netIncomeRatio": 0.189721091,
        "eps": 0.31,
        "epsdiluted": 0.31,
        "weightedAverageShsOut": 317435000,
        "weightedAverageShsOutDil": 319581000,
        "link": "https://www.sec.gov/Archives/edgar/data/36966/000003696619000013/0000036966-19-000013-index.htm",
        "finalLink": "https://www.sec.gov/Archives/edgar/data/36966/000003696619000013/fhnq1fy2019document.htm"
    },
    {
        "date": "2018-12-31",
        "symbol": "FHN",
        "reportedCurrency": "USD",
        "cik": "0000036966",
        "fillingDate": "2019-02-28",
        "acceptedDate": "2019-02-27 18:24:51",
        "calendarYear": "2018",
        "period": "Q4",
        "revenue": 498529000,
        "costOfRevenue": 104674000,
        "grossProfit": 393855000,
        "grossProfitRatio": 0.7900342809,
        "researchAndDevelopmentExpenses": 0,
        "generalAndAdministrativeExpenses": 176735000,
        "sellingAndMarketingExpenses": 7718000,
        "sellingGeneralAndAdministrativeExpenses": 184453000,
        "otherExpenses": 84548000,
        "operatingExpenses": 269001000,
        "costAndExpenses": 373675000,
        "interestIncome": 401186000,
        "interestExpense": 98674000,
        "depreciationAndAmortization": 14022000,
        "ebitda": 138876000,
        "ebitdaratio": 0.2785715575,
        "operatingIncome": 124854000,
        "operatingIncomeRatio": 0.2504448086,
        "totalOtherIncomeExpensesNet": 0,
        "incomeBeforeTax": 124854000,
        "incomeBeforeTaxRatio": 0.2504448086,
        "incomeTaxExpense": 24049000,
        "netIncome": 97895000,
        "netIncomeRatio": 0.1963677138,
        "eps": 0.3,
        "epsdiluted": 0.3,
        "weightedAverageShsOut": 321505000,
        "weightedAverageShsOutDil": 323885000,
        "link": "https://www.sec.gov/Archives/edgar/data/36966/000093041319000767/0000930413-19-000767-index.htm",
        "finalLink": "https://www.sec.gov/Archives/edgar/data/36966/000093041319000767/c92653_10k.htm"
    },
    {
        "date": "2018-09-30",
        "symbol": "FHN",
        "reportedCurrency": "USD",
        "cik": "0000036966",
        "fillingDate": "2018-11-07",
        "acceptedDate": "2018-11-07 16:45:45",
        "calendarYear": "2018",
        "period": "Q3",
        "revenue": 729521000,
        "costOfRevenue": 89969000,
        "grossProfit": 639552000,
        "grossProfitRatio": 0.8766738723,
        "researchAndDevelopmentExpenses": 0,
        "generalAndAdministrativeExpenses": 188397000,
        "sellingAndMarketingExpenses": 8365000,
        "sellingGeneralAndAdministrativeExpenses": 196762000,
        "otherExpenses": 84149000,
        "operatingExpenses": 280911000,
        "costAndExpenses": 370880000,
        "interestIncome": 393669000,
        "interestExpense": 87969000,
        "depreciationAndAmortization": 17353000,
        "ebitda": 375994000,
        "ebitdaratio": 0.5153984601,
        "operatingIncome": 358641000,
        "operatingIncomeRatio": 0.4916116191,
        "totalOtherIncomeExpensesNet": 0,
        "incomeBeforeTax": 358641000,
        "incomeBeforeTaxRatio": 0.4916116191,
        "incomeTaxExpense": 83925000,
        "netIncome": 271833000,
        "netIncomeRatio": 0.3726184716,
        "eps": 0.83,
        "epsdiluted": 0.83,
        "weightedAverageShsOut": 324406000,
        "weightedAverageShsOutDil": 327252000,
        "link": "https://www.sec.gov/Archives/edgar/data/36966/000003696618000037/0000036966-18-000037-index.htm",
        "finalLink": "https://www.sec.gov/Archives/edgar/data/36966/000003696618000037/fhnq3fy2018document.htm"
    },
    {
        "date": "2018-06-30",
        "symbol": "FHN",
        "reportedCurrency": "USD",
        "cik": "0000036966",
        "fillingDate": "2018-08-07",
        "acceptedDate": "2018-08-07 16:10:58",
        "calendarYear": "2018",
        "period": "Q2",
        "revenue": 500683000,
        "costOfRevenue": 76879000,
        "grossProfit": 423804000,
        "grossProfitRatio": 0.8464517469,
        "researchAndDevelopmentExpenses": 0,
        "generalAndAdministrativeExpenses": 194852000,
        "sellingAndMarketingExpenses": 5070000,
        "sellingGeneralAndAdministrativeExpenses": 199922000,
        "otherExpenses": 118193000,
        "operatingExpenses": 318115000,
        "costAndExpenses": 394994000,
        "interestIncome": 387811000,
        "interestExpense": 76879000,
        "depreciationAndAmortization": 10911000,
        "ebitda": 116600000,
        "ebitdaratio": 0.2328818833,
        "operatingIncome": 105689000,
        "operatingIncomeRatio": 0.2110896515,
        "totalOtherIncomeExpensesNet": 0,
        "incomeBeforeTax": 105689000,
        "incomeBeforeTaxRatio": 0.2110896515,
        "incomeTaxExpense": 19697000,
        "netIncome": 83140000,
        "netIncomeRatio": 0.1660531714,
        "eps": 0.25,
        "epsdiluted": 0.25,
        "weightedAverageShsOut": 325153000,
        "weightedAverageShsOutDil": 328426000,
        "link": "https://www.sec.gov/Archives/edgar/data/36966/000003696618000029/0000036966-18-000029-index.htm",
        "finalLink": "https://www.sec.gov/Archives/edgar/data/36966/000003696618000029/fhnq2fy2018document.htm"
    },
    {
        "date": "2018-03-31",
        "symbol": "FHN",
        "reportedCurrency": "USD",
        "cik": "0000036966",
        "fillingDate": "2018-05-08",
        "acceptedDate": "2018-05-08 16:09:43",
        "calendarYear": "2018",
        "period": "Q1",
        "revenue": 483811000,
        "costOfRevenue": 61182000,
        "grossProfit": 422629000,
        "grossProfitRatio": 0.8735415276,
        "researchAndDevelopmentExpenses": 0,
        "generalAndAdministrativeExpenses": 194247000,
        "sellingAndMarketingExpenses": 3599000,
        "sellingGeneralAndAdministrativeExpenses": 197846000,
        "otherExpenses": 99858000,
        "operatingExpenses": 297704000,
        "costAndExpenses": 358886000,
        "interestIncome": 363355000,
        "interestExpense": 62182000,
        "depreciationAndAmortization": 16839000,
        "ebitda": 141764000,
        "ebitdaratio": 0.2930152477,
        "operatingIncome": 124925000,
        "operatingIncomeRatio": 0.2582103342,
        "totalOtherIncomeExpensesNet": 0,
        "incomeBeforeTax": 124925000,
        "incomeBeforeTaxRatio": 0.2582103342,
        "incomeTaxExpense": 29931000,
        "netIncome": 92174000,
        "netIncomeRatio": 0.1905165447,
        "eps": 0.28,
        "epsdiluted": 0.27,
        "weightedAverageShsOut": 326489000,
        "weightedAverageShsOutDil": 330344000,
        "link": "https://www.sec.gov/Archives/edgar/data/36966/000003696618000019/0000036966-18-000019-index.htm",
        "finalLink": "https://www.sec.gov/Archives/edgar/data/36966/000003696618000019/fhnq1fy2018document.htm"
    },
    {
        "date": "2017-12-31",
        "symbol": "FHN",
        "reportedCurrency": "USD",
        "cik": "0000036966",
        "fillingDate": "2018-02-28",
        "acceptedDate": "2018-02-28 17:29:27",
        "calendarYear": "2017",
        "period": "Q4",
        "revenue": 410204000,
        "costOfRevenue": 48545000,
        "grossProfit": 361659000,
        "grossProfitRatio": 0.8816564441,
        "researchAndDevelopmentExpenses": 0,
        "generalAndAdministrativeExpenses": 202362000,
        "sellingAndMarketingExpenses": 5313000,
        "sellingGeneralAndAdministrativeExpenses": 207675000,
        "otherExpenses": 128376000,
        "operatingExpenses": 336051000,
        "costAndExpenses": 384596000,
        "interestIncome": 287633000,
        "interestExpense": 45545000,
        "depreciationAndAmortization": 17791000,
        "ebitda": 43399000,
        "ebitdaratio": 0.1057985783,
        "operatingIncome": 25608000,
        "operatingIncomeRatio": 0.0624274751,
        "totalOtherIncomeExpensesNet": 0,
        "incomeBeforeTax": 25608000,
        "incomeBeforeTaxRatio": 0.0624274751,
        "incomeTaxExpense": 73989000,
        "netIncome": -51291000,
        "netIncomeRatio": -0.1250377861,
        "eps": -0.2,
        "epsdiluted": -0.2,
        "weightedAverageShsOut": 265169000,
        "weightedAverageShsOutDil": 265169000,
        "link": "https://www.sec.gov/Archives/edgar/data/36966/000093041318000694/0000930413-18-000694-index.htm",
        "finalLink": "https://www.sec.gov/Archives/edgar/data/36966/000093041318000694/c90330_10k.htm"
    },
    {
        "date": "2017-09-30",
        "symbol": "FHN",
        "reportedCurrency": "USD",
        "cik": "0000036966",
        "fillingDate": "2017-11-07",
        "acceptedDate": "2017-11-07 16:08:33",
        "calendarYear": "2017",
        "period": "Q3",
        "revenue": 364086000,
        "costOfRevenue": 38328000,
        "grossProfit": 325758000,
        "grossProfitRatio": 0.8947281686,
        "researchAndDevelopmentExpenses": 0,
        "generalAndAdministrativeExpenses": 154888000,
        "sellingAndMarketingExpenses": 5205000,
        "sellingGeneralAndAdministrativeExpenses": 160093000,
        "otherExpenses": 80300000,
        "operatingExpenses": 240393000,
        "costAndExpenses": 278721000,
        "interestIncome": 248145000,
        "interestExpense": 38328000,
        "depreciationAndAmortization": 19032000,
        "ebitda": 104397000,
        "ebitdaratio": 0.2867371995,
        "operatingIncome": 85365000,
        "operatingIncomeRatio": 0.2344638355,
        "totalOtherIncomeExpensesNet": 0,
        "incomeBeforeTax": 85365000,
        "incomeBeforeTaxRatio": 0.2344638355,
        "incomeTaxExpense": 13596000,
        "netIncome": 68886000,
        "netIncomeRatio": 0.189202551,
        "eps": 0.29,
        "epsdiluted": 0.28,
        "weightedAverageShsOut": 233749000,
        "weightedAverageShsOutDil": 236340000,
        "link": "https://www.sec.gov/Archives/edgar/data/36966/000003696617000013/0000036966-17-000013-index.htm",
        "finalLink": "https://www.sec.gov/Archives/edgar/data/36966/000003696617000013/fhnq3fy2017document.htm"
    },
    {
        "date": "2017-06-30",
        "symbol": "FHN",
        "reportedCurrency": "USD",
        "cik": "0000036966",
        "fillingDate": "2017-08-08",
        "acceptedDate": "2017-08-08 16:04:30",
        "calendarYear": "2017",
        "period": "Q2",
        "revenue": 351490000,
        "costOfRevenue": 32640000,
        "grossProfit": 318850000,
        "grossProfitRatio": 0.9071381832,
        "researchAndDevelopmentExpenses": 0,
        "generalAndAdministrativeExpenses": 157152000,
        "sellingAndMarketingExpenses": 4095000,
        "sellingGeneralAndAdministrativeExpenses": 161247000,
        "otherExpenses": 45146000,
        "operatingExpenses": 206393000,
        "costAndExpenses": 239033000,
        "interestIncome": 235341000,
        "interestExpense": 34640000,
        "depreciationAndAmortization": 18511000,
        "ebitda": 130968000,
        "ebitdaratio": 0.3726080401,
        "operatingIncome": 112457000,
        "operatingIncomeRatio": 0.3199436684,
        "totalOtherIncomeExpensesNet": 0,
        "incomeBeforeTax": 112457000,
        "incomeBeforeTaxRatio": 0.3199436684,
        "incomeTaxExpense": 17253000,
        "netIncome": 92352000,
        "netIncomeRatio": 0.2627443171,
        "eps": 0.39,
        "epsdiluted": 0.38,
        "weightedAverageShsOut": 233482000,
        "weightedAverageShsOutDil": 236263000,
        "link": "https://www.sec.gov/Archives/edgar/data/36966/000119312517251310/0001193125-17-251310-index.htm",
        "finalLink": "https://www.sec.gov/Archives/edgar/data/36966/000119312517251310/d358423d10q.htm"
    },
    {
        "date": "2017-03-31",
        "symbol": "FHN",
        "reportedCurrency": "USD",
        "cik": "0000036966",
        "fillingDate": "2017-05-08",
        "acceptedDate": "2017-05-08 17:03:15",
        "calendarYear": "2017",
        "period": "Q1",
        "revenue": 324875000,
        "costOfRevenue": 28103000,
        "grossProfit": 296772000,
        "grossProfitRatio": 0.91349596,
        "researchAndDevelopmentExpenses": 0,
        "generalAndAdministrativeExpenses": 151671000,
        "sellingAndMarketingExpenses": 4601000,
        "sellingGeneralAndAdministrativeExpenses": 156272000,
        "otherExpenses": 55058000,
        "operatingExpenses": 211330000,
        "costAndExpenses": 239433000,
        "interestIncome": 218811000,
        "interestExpense": 29103000,
        "depreciationAndAmortization": 15590000,
        "ebitda": 101032000,
        "ebitdaratio": 0.3109873028,
        "operatingIncome": 85442000,
        "operatingIncomeRatio": 0.2629996152,
        "totalOtherIncomeExpensesNet": 0,
        "incomeBeforeTax": 85442000,
        "incomeBeforeTaxRatio": 0.2629996152,
        "incomeTaxExpense": 27054000,
        "netIncome": 55568000,
        "netIncomeRatio": 0.1710442478,
        "eps": 0.23,
        "epsdiluted": 0.23,
        "weightedAverageShsOut": 233076000,
        "weightedAverageShsOutDil": 236855000,
        "link": "https://www.sec.gov/Archives/edgar/data/36966/000119312517162758/0001193125-17-162758-index.htm",
        "finalLink": "https://www.sec.gov/Archives/edgar/data/36966/000119312517162758/d364634d10q.htm"
    },
    {
        "date": "2016-12-31",
        "symbol": "FHN",
        "reportedCurrency": "USD",
        "cik": "0000036966",
        "fillingDate": "2017-02-27",
        "acceptedDate": "2017-02-27 17:18:09",
        "calendarYear": "2016",
        "period": "Q4",
        "revenue": 333061000,
        "costOfRevenue": 24346000,
        "grossProfit": 308715000,
        "grossProfitRatio": 0.9269022792,
        "researchAndDevelopmentExpenses": 0,
        "generalAndAdministrativeExpenses": 155668000,
        "sellingAndMarketingExpenses": 6093000,
        "sellingGeneralAndAdministrativeExpenses": 161761000,
        "otherExpenses": 65223000,
        "operatingExpenses": 226984000,
        "costAndExpenses": 251330000,
        "interestIncome": 219897000,
        "interestExpense": 24346000,
        "depreciationAndAmortization": 17207000,
        "ebitda": 98938000,
        "ebitdaratio": 0.2970566953,
        "operatingIncome": 81731000,
        "operatingIncomeRatio": 0.2453934865,
        "totalOtherIncomeExpensesNet": 0,
        "incomeBeforeTax": 81731000,
        "incomeBeforeTaxRatio": 0.2453934865,
        "incomeTaxExpense": 24008000,
        "netIncome": 54844000,
        "netIncomeRatio": 0.1646665326,
        "eps": 0.23,
        "epsdiluted": 0.23,
        "weightedAverageShsOut": 232731000,
        "weightedAverageShsOutDil": 235590000,
        "link": "https://www.sec.gov/Archives/edgar/data/36966/000093041317000713/0000930413-17-000713-index.htm",
        "finalLink": "https://www.sec.gov/Archives/edgar/data/36966/000093041317000713/c87141_10k.htm"
    },
    {
        "date": "2016-09-30",
        "symbol": "FHN",
        "reportedCurrency": "USD",
        "cik": "0000036966",
        "fillingDate": "2016-11-07",
        "acceptedDate": "2016-11-07 16:08:37",
        "calendarYear": "2016",
        "period": "Q3",
        "revenue": 344999000,
        "costOfRevenue": 25777000,
        "grossProfit": 319222000,
        "grossProfitRatio": 0.9252838414,
        "researchAndDevelopmentExpenses": 0,
        "generalAndAdministrativeExpenses": 162330000,
        "sellingAndMarketingExpenses": 6065000,
        "sellingGeneralAndAdministrativeExpenses": 168395000,
        "otherExpenses": 54645000,
        "operatingExpenses": 223040000,
        "costAndExpenses": 248817000,
        "interestIncome": 206972000,
        "interestExpense": 21777000,
        "depreciationAndAmortization": 18109000,
        "ebitda": 114291000,
        "ebitdaratio": 0.3312792211,
        "operatingIncome": 96182000,
        "operatingIncomeRatio": 0.2787892139,
        "totalOtherIncomeExpensesNet": 0,
        "incomeBeforeTax": 96182000,
        "incomeBeforeTaxRatio": 0.2787892139,
        "incomeTaxExpense": 28547000,
        "netIncome": 64752000,
        "netIncomeRatio": 0.1876875005,
        "eps": 0.27,
        "epsdiluted": 0.27,
        "weightedAverageShsOut": 231856000,
        "weightedAverageShsOutDil": 234092000,
        "link": "https://www.sec.gov/Archives/edgar/data/36966/000119312516761647/0001193125-16-761647-index.htm",
        "finalLink": "https://www.sec.gov/Archives/edgar/data/36966/000119312516761647/d226144d10q.htm"
    },
    {
        "date": "2016-06-30",
        "symbol": "FHN",
        "reportedCurrency": "USD",
        "cik": "0000036966",
        "fillingDate": "2016-08-08",
        "acceptedDate": "2016-08-08 16:08:40",
        "calendarYear": "2016",
        "period": "Q2",
        "revenue": 332369000,
        "costOfRevenue": 25112000,
        "grossProfit": 307257000,
        "grossProfitRatio": 0.9244454206,
        "researchAndDevelopmentExpenses": 0,
        "generalAndAdministrativeExpenses": 159975000,
        "sellingAndMarketingExpenses": 4481000,
        "sellingGeneralAndAdministrativeExpenses": 164456000,
        "otherExpenses": 51845000,
        "operatingExpenses": 216301000,
        "costAndExpenses": 241413000,
        "interestIncome": 197376000,
        "interestExpense": 21112000,
        "depreciationAndAmortization": 15205000,
        "ebitda": 106161000,
        "ebitdaratio": 0.3194070446,
        "operatingIncome": 90956000,
        "operatingIncomeRatio": 0.2736596975,
        "totalOtherIncomeExpensesNet": 0,
        "incomeBeforeTax": 90956000,
        "incomeBeforeTaxRatio": 0.2736596975,
        "incomeTaxExpense": 30016000,
        "netIncome": 58088000,
        "netIncomeRatio": 0.1747696085,
        "eps": 0.24,
        "epsdiluted": 0.24,
        "weightedAverageShsOut": 231573000,
        "weightedAverageShsOutDil": 233576000,
        "link": "https://www.sec.gov/Archives/edgar/data/36966/000119312516675087/0001193125-16-675087-index.htm",
        "finalLink": "https://www.sec.gov/Archives/edgar/data/36966/000119312516675087/d225288d10q.htm"
    },
    {
        "date": "2016-03-31",
        "symbol": "FHN",
        "reportedCurrency": "USD",
        "cik": "0000036966",
        "fillingDate": "2016-05-06",
        "acceptedDate": "2016-05-06 16:09:02",
        "calendarYear": "2016",
        "period": "Q1",
        "revenue": 318069000,
        "costOfRevenue": 24590000,
        "grossProfit": 293479000,
        "grossProfitRatio": 0.9226897308,
        "researchAndDevelopmentExpenses": 0,
        "generalAndAdministrativeExpenses": 154167000,
        "sellingAndMarketingExpenses": 4973000,
        "sellingGeneralAndAdministrativeExpenses": 159140000,
        "otherExpenses": 57887000,
        "operatingExpenses": 217027000,
        "costAndExpenses": 241617000,
        "interestIncome": 193664000,
        "interestExpense": 21590000,
        "depreciationAndAmortization": 14152000,
        "ebitda": 90604000,
        "ebitdaratio": 0.2848564305,
        "operatingIncome": 76452000,
        "operatingIncomeRatio": 0.2403629401,
        "totalOtherIncomeExpensesNet": 0,
        "incomeBeforeTax": 76452000,
        "incomeBeforeTaxRatio": 0.2403629401,
        "incomeTaxExpense": 24239000,
        "netIncome": 49362000,
        "netIncomeRatio": 0.1551927412,
        "eps": 0.2,
        "epsdiluted": 0.2,
        "weightedAverageShsOut": 234651000,
        "weightedAverageShsOutDil": 236666000,
        "link": "https://www.sec.gov/Archives/edgar/data/36966/000119312516581992/0001193125-16-581992-index.htm",
        "finalLink": "https://www.sec.gov/Archives/edgar/data/36966/000119312516581992/d166182d10q.htm"
    },
    {
        "date": "2015-12-31",
        "symbol": "FHN",
        "reportedCurrency": "USD",
        "cik": "0000036966",
        "fillingDate": "2016-02-25",
        "acceptedDate": "2016-02-25 16:50:50",
        "calendarYear": "2015",
        "period": "Q4",
        "revenue": 310092000,
        "costOfRevenue": 21968000,
        "grossProfit": 288124000,
        "grossProfitRatio": 0.9291565084,
        "researchAndDevelopmentExpenses": 0,
        "generalAndAdministrativeExpenses": 153693000,
        "sellingAndMarketingExpenses": 5273000,
        "sellingGeneralAndAdministrativeExpenses": 158966000,
        "otherExpenses": 75014000,
        "operatingExpenses": 233980000,
        "costAndExpenses": 255948000,
        "interestIncome": 187620000,
        "interestExpense": 20968000,
        "depreciationAndAmortization": 17888000,
        "ebitda": 72032000,
        "ebitdaratio": 0.2322923519,
        "operatingIncome": 54144000,
        "operatingIncomeRatio": 0.1746062459,
        "totalOtherIncomeExpensesNet": 0,
        "incomeBeforeTax": 54144000,
        "incomeBeforeTaxRatio": 0.1746062459,
        "incomeTaxExpense": 2715000,
        "netIncome": 48581000,
        "netIncomeRatio": 0.1566664087,
        "eps": 0.2,
        "epsdiluted": 0.2,
        "weightedAverageShsOut": 237983000,
        "weightedAverageShsOutDil": 240072000,
        "link": "https://www.sec.gov/Archives/edgar/data/36966/000093041316005653/0000930413-16-005653-index.htm",
        "finalLink": "https://www.sec.gov/Archives/edgar/data/36966/000093041316005653/c83791_10k.htm"
    },
    {
        "date": "2015-09-30",
        "symbol": "FHN",
        "reportedCurrency": "USD",
        "cik": "0000036966",
        "fillingDate": "2015-11-05",
        "acceptedDate": "2015-11-05 16:08:14",
        "calendarYear": "2015",
        "period": "Q3",
        "revenue": 292866000,
        "costOfRevenue": 21125000,
        "grossProfit": 271741000,
        "grossProfitRatio": 0.9278680352,
        "researchAndDevelopmentExpenses": 0,
        "generalAndAdministrativeExpenses": 133619000,
        "sellingAndMarketingExpenses": 4832000,
        "sellingGeneralAndAdministrativeExpenses": 138451000,
        "otherExpenses": 61061000,
        "operatingExpenses": 199512000,
        "costAndExpenses": 220637000,
        "interestIncome": 183687000,
        "interestExpense": 20125000,
        "depreciationAndAmortization": 10299000,
        "ebitda": 82528000,
        "ebitdaratio": 0.2817944043,
        "operatingIncome": 72229000,
        "operatingIncomeRatio": 0.2466281508,
        "totalOtherIncomeExpensesNet": 0,
        "incomeBeforeTax": 72229000,
        "incomeBeforeTaxRatio": 0.2466281508,
        "incomeTaxExpense": 8897000,
        "netIncome": 60355000,
        "netIncomeRatio": 0.2060840111,
        "eps": 0.29,
        "epsdiluted": 0.29,
        "weightedAverageShsOut": 233111000,
        "weightedAverageShsOutDil": 235058000,
        "link": "https://www.sec.gov/Archives/edgar/data/36966/000119312515368259/0001193125-15-368259-index.htm",
        "finalLink": "https://www.sec.gov/Archives/edgar/data/36966/000119312515368259/d26429d10q.htm"
    },
    {
        "date": "2015-06-30",
        "symbol": "FHN",
        "reportedCurrency": "USD",
        "cik": "0000036966",
        "fillingDate": "2015-08-05",
        "acceptedDate": "2015-08-05 16:08:16",
        "calendarYear": "2015",
        "period": "Q2",
        "revenue": 307298000,
        "costOfRevenue": 22390000,
        "grossProfit": 284908000,
        "grossProfitRatio": 0.9271391288,
        "researchAndDevelopmentExpenses": 0,
        "generalAndAdministrativeExpenses": 146180000,
        "sellingAndMarketingExpenses": 4349000,
        "sellingGeneralAndAdministrativeExpenses": 150529000,
        "otherExpenses": 57832000,
        "operatingExpenses": 208361000,
        "costAndExpenses": 230751000,
        "interestIncome": 187030000,
        "interestExpense": 20390000,
        "depreciationAndAmortization": 17500000,
        "ebitda": 94047000,
        "ebitdaratio": 0.3060449466,
        "operatingIncome": 76547000,
        "operatingIncomeRatio": 0.2490969678,
        "totalOtherIncomeExpensesNet": 0,
        "incomeBeforeTax": 76547000,
        "incomeBeforeTaxRatio": 0.2490969678,
        "incomeTaxExpense": 21590000,
        "netIncome": 52106000,
        "netIncomeRatio": 0.1695617934,
        "eps": 0.22,
        "epsdiluted": 0.22,
        "weightedAverageShsOut": 232800000,
        "weightedAverageShsOutDil": 234669000,
        "link": "https://www.sec.gov/Archives/edgar/data/36966/000119312515278672/0001193125-15-278672-index.htm",
        "finalLink": "https://www.sec.gov/Archives/edgar/data/36966/000119312515278672/d77949d10q.htm"
    },
    {
        "date": "2015-03-31",
        "symbol": "FHN",
        "reportedCurrency": "USD",
        "cik": "0000036966",
        "fillingDate": "2015-05-07",
        "acceptedDate": "2015-05-07 16:44:04",
        "calendarYear": "2015",
        "period": "Q1",
        "revenue": 298420000,
        "costOfRevenue": 26202000,
        "grossProfit": 272218000,
        "grossProfitRatio": 0.9121975739,
        "researchAndDevelopmentExpenses": 0,
        "generalAndAdministrativeExpenses": 147792000,
        "sellingAndMarketingExpenses": 4733000,
        "sellingGeneralAndAdministrativeExpenses": 152525000,
        "otherExpenses": 214359000,
        "operatingExpenses": 366884000,
        "costAndExpenses": 393086000,
        "interestIncome": 178068000,
        "interestExpense": 21202000,
        "depreciationAndAmortization": 15056000,
        "ebitda": -79610000,
        "ebitdaratio": -0.2667716641,
        "operatingIncome": -94666000,
        "operatingIncomeRatio": -0.3172240466,
        "totalOtherIncomeExpensesNet": 0,
        "incomeBeforeTax": -94666000,
        "incomeBeforeTaxRatio": -0.3172240466,
        "incomeTaxExpense": -22261000,
        "netIncome": -75163000,
        "netIncomeRatio": -0.2518698479,
        "eps": -0.33,
        "epsdiluted": -0.33,
        "weightedAverageShsOut": 232464000,
        "weightedAverageShsOutDil": 232816000,
        "link": "https://www.sec.gov/Archives/edgar/data/36966/000119312515177254/0001193125-15-177254-index.htm",
        "finalLink": "https://www.sec.gov/Archives/edgar/data/36966/000119312515177254/d918294d10q.htm"
    },
    {
        "date": "2014-12-31",
        "symbol": "FHN",
        "reportedCurrency": "USD",
        "cik": "0000036966",
        "fillingDate": "2015-02-24",
        "acceptedDate": "2015-02-24 17:32:49",
        "calendarYear": "2014",
        "period": "Q4",
        "revenue": 290445000,
        "costOfRevenue": 26398000,
        "grossProfit": 264047000,
        "grossProfitRatio": 0.90911188,
        "researchAndDevelopmentExpenses": 0,
        "generalAndAdministrativeExpenses": 134873000,
        "sellingAndMarketingExpenses": 4077000,
        "sellingGeneralAndAdministrativeExpenses": 138950000,
        "otherExpenses": 61928000,
        "operatingExpenses": 200878000,
        "costAndExpenses": 227276000,
        "interestIncome": 179448000,
        "interestExpense": 20398000,
        "depreciationAndAmortization": 14572000,
        "ebitda": 77741000,
        "ebitdaratio": 0.2676616915,
        "operatingIncome": 63169000,
        "operatingIncomeRatio": 0.2174904027,
        "totalOtherIncomeExpensesNet": 0,
        "incomeBeforeTax": 63169000,
        "incomeBeforeTaxRatio": 0.2174904027,
        "incomeTaxExpense": 12278000,
        "netIncome": 47911000,
        "netIncomeRatio": 0.1649572208,
        "eps": 0.2,
        "epsdiluted": 0.2,
        "weightedAverageShsOut": 234220000,
        "weightedAverageShsOutDil": 235448000,
        "link": "https://www.sec.gov/Archives/edgar/data/36966/000093041315000780/0000930413-15-000780-index.htm",
        "finalLink": "https://www.sec.gov/Archives/edgar/data/36966/000093041315000780/c80076_10k.htm"
    },
    {
        "date": "2014-09-30",
        "symbol": "FHN",
        "reportedCurrency": "USD",
        "cik": "0000036966",
        "fillingDate": "2014-11-06",
        "acceptedDate": "2014-11-06 16:03:28",
        "calendarYear": "2014",
        "period": "Q3",
        "revenue": 327629000,
        "costOfRevenue": 25317000,
        "grossProfit": 302312000,
        "grossProfitRatio": 0.9227266207,
        "researchAndDevelopmentExpenses": 0,
        "generalAndAdministrativeExpenses": 138849000,
        "sellingAndMarketingExpenses": 4386000,
        "sellingGeneralAndAdministrativeExpenses": 143235000,
        "otherExpenses": 91737000,
        "operatingExpenses": 234972000,
        "costAndExpenses": 260289000,
        "interestIncome": 178858000,
        "interestExpense": 19317000,
        "depreciationAndAmortization": 14340000,
        "ebitda": 81680000,
        "ebitdaratio": 0.2493063801,
        "operatingIncome": 67340000,
        "operatingIncomeRatio": 0.2055373609,
        "totalOtherIncomeExpensesNet": 0,
        "incomeBeforeTax": 67340000,
        "incomeBeforeTaxRatio": 0.2055373609,
        "incomeTaxExpense": 16842000,
        "netIncome": 47623000,
        "netIncomeRatio": 0.1453564855,
        "eps": 0.19,
        "epsdiluted": 0.19,
        "weightedAverageShsOut": 235329000,
        "weightedAverageShsOutDil": 236862000,
        "link": "https://www.sec.gov/Archives/edgar/data/36966/000119312514400959/0001193125-14-400959-index.htm",
        "finalLink": "https://www.sec.gov/Archives/edgar/data/36966/000119312514400959/d813840d10q.htm"
    },
    {
        "date": "2014-06-30",
        "symbol": "FHN",
        "reportedCurrency": "USD",
        "cik": "0000036966",
        "fillingDate": "2014-08-07",
        "acceptedDate": "2014-08-07 16:15:30",
        "calendarYear": "2014",
        "period": "Q2",
        "revenue": 295456000,
        "costOfRevenue": 25591000,
        "grossProfit": 269865000,
        "grossProfitRatio": 0.9133847341,
        "researchAndDevelopmentExpenses": 0,
        "generalAndAdministrativeExpenses": 135651000,
        "sellingAndMarketingExpenses": 4312000,
        "sellingGeneralAndAdministrativeExpenses": 139963000,
        "otherExpenses": 14395000,
        "operatingExpenses": 154358000,
        "costAndExpenses": 179949000,
        "interestIncome": 177359000,
        "interestExpense": 20591000,
        "depreciationAndAmortization": 13907000,
        "ebitda": 129414000,
        "ebitdaratio": 0.438014459,
        "operatingIncome": 115507000,
        "operatingIncomeRatio": 0.3909448446,
        "totalOtherIncomeExpensesNet": 0,
        "incomeBeforeTax": 115507000,
        "incomeBeforeTaxRatio": 0.3909448446,
        "incomeTaxExpense": 33578000,
        "netIncome": 79070000,
        "netIncomeRatio": 0.2676202209,
        "eps": 0.32,
        "epsdiluted": 0.32,
        "weightedAverageShsOut": 237147000,
        "weightedAverageShsOutDil": 237250000,
        "link": "https://www.sec.gov/Archives/edgar/data/36966/000119312514300712/0001193125-14-300712-index.htm",
        "finalLink": "https://www.sec.gov/Archives/edgar/data/36966/000119312514300712/d769048d10q.htm"
    },
    {
        "date": "2014-03-31",
        "symbol": "FHN",
        "reportedCurrency": "USD",
        "cik": "0000036966",
        "fillingDate": "2014-05-08",
        "acceptedDate": "2014-05-08 16:07:54",
        "calendarYear": "2014",
        "period": "Q1",
        "revenue": 314682000,
        "costOfRevenue": 31225000,
        "grossProfit": 283457000,
        "grossProfitRatio": 0.9007728437,
        "researchAndDevelopmentExpenses": 0,
        "generalAndAdministrativeExpenses": 135654000,
        "sellingAndMarketingExpenses": 5908000,
        "sellingGeneralAndAdministrativeExpenses": 141562000,
        "otherExpenses": 71850000,
        "operatingExpenses": 213412000,
        "costAndExpenses": 244637000,
        "interestIncome": 173584000,
        "interestExpense": 21225000,
        "depreciationAndAmortization": 14075000,
        "ebitda": 84120000,
        "ebitdaratio": 0.2673174824,
        "operatingIncome": 70045000,
        "operatingIncomeRatio": 0.2225897891,
        "totalOtherIncomeExpensesNet": 0,
        "incomeBeforeTax": 70045000,
        "incomeBeforeTaxRatio": 0.2225897891,
        "incomeTaxExpense": 20066000,
        "netIncome": 47166000,
        "netIncomeRatio": 0.1498846455,
        "eps": 0.19,
        "epsdiluted": 0.19,
        "weightedAverageShsOut": 236586000,
        "weightedAverageShsOutDil": 237401000,
        "link": "https://www.sec.gov/Archives/edgar/data/36966/000119312514189948/0001193125-14-189948-index.htm",
        "finalLink": "https://www.sec.gov/Archives/edgar/data/36966/000119312514189948/d718787d10q.htm"
    },
    {
        "date": "2013-12-31",
        "symbol": "FHN",
        "reportedCurrency": "USD",
        "cik": "0000036966",
        "fillingDate": "2014-02-27",
        "acceptedDate": "2014-02-27 16:55:48",
        "calendarYear": "2013",
        "period": "Q4",
        "revenue": 305836000,
        "costOfRevenue": 36918000,
        "grossProfit": 268918000,
        "grossProfitRatio": 0.879288246,
        "researchAndDevelopmentExpenses": 0,
        "generalAndAdministrativeExpenses": 145867000,
        "sellingAndMarketingExpenses": 4685000,
        "sellingGeneralAndAdministrativeExpenses": 150552000,
        "otherExpenses": 98285000,
        "operatingExpenses": 248837000,
        "costAndExpenses": 285755000,
        "interestIncome": 179053000,
        "interestExpense": 21918000,
        "depreciationAndAmortization": 15935000,
        "ebitda": 36016000,
        "ebitdaratio": 0.1177624609,
        "operatingIncome": 20081000,
        "operatingIncomeRatio": 0.065659373,
        "totalOtherIncomeExpensesNet": 0,
        "incomeBeforeTax": 20081000,
        "incomeBeforeTaxRatio": 0.065659373,
        "incomeTaxExpense": -33813000,
        "netIncome": 50954000,
        "netIncomeRatio": 0.1666056318,
        "eps": 0.21,
        "epsdiluted": 0.21,
        "weightedAverageShsOut": 234029000,
        "weightedAverageShsOutDil": 236753000,
        "link": "https://www.sec.gov/Archives/edgar/data/36966/000093041314000958/0000930413-14-000958-index.htm",
        "finalLink": "https://www.sec.gov/Archives/edgar/data/36966/000093041314000958/c76348_10k.htm"
    },
    {
        "date": "2013-09-30",
        "symbol": "FHN",
        "reportedCurrency": "USD",
        "cik": "0000036966",
        "fillingDate": "2013-11-07",
        "acceptedDate": "2013-11-07 16:03:27",
        "calendarYear": "2013",
        "period": "Q3",
        "revenue": 323771000,
        "costOfRevenue": 33772000,
        "grossProfit": 289999000,
        "grossProfitRatio": 0.895691708,
        "researchAndDevelopmentExpenses": 0,
        "generalAndAdministrativeExpenses": 155098000,
        "sellingAndMarketingExpenses": 5486000,
        "sellingGeneralAndAdministrativeExpenses": 160584000,
        "otherExpenses": 263658000,
        "operatingExpenses": 424242000,
        "costAndExpenses": 458014000,
        "interestIncome": 182610000,
        "interestExpense": 23772000,
        "depreciationAndAmortization": 16762000,
        "ebitda": -117481000,
        "ebitdaratio": -0.3628521393,
        "operatingIncome": -134243000,
        "operatingIncomeRatio": -0.4146232986,
        "totalOtherIncomeExpensesNet": 0,
        "incomeBeforeTax": -134243000,
        "incomeBeforeTaxRatio": -0.4146232986,
        "incomeTaxExpense": -31094000,
        "netIncome": -105901000,
        "netIncomeRatio": -0.3270861195,
        "eps": -0.45,
        "epsdiluted": -0.45,
        "weightedAverageShsOut": 236895000,
        "weightedAverageShsOutDil": 236895000,
        "link": "https://www.sec.gov/Archives/edgar/data/36966/000119312513432767/0001193125-13-432767-index.htm",
        "finalLink": "https://www.sec.gov/Archives/edgar/data/36966/000119312513432767/d622126d10q.htm"
    },
    {
        "date": "2013-06-30",
        "symbol": "FHN",
        "reportedCurrency": "USD",
        "cik": "0000036966",
        "fillingDate": "2013-08-07",
        "acceptedDate": "2013-08-07 17:11:27",
        "calendarYear": "2013",
        "period": "Q2",
        "revenue": 317781000,
        "costOfRevenue": 38972000,
        "grossProfit": 278809000,
        "grossProfitRatio": 0.8773620827,
        "researchAndDevelopmentExpenses": 0,
        "generalAndAdministrativeExpenses": 152755000,
        "sellingAndMarketingExpenses": 4121000,
        "sellingGeneralAndAdministrativeExpenses": 156876000,
        "otherExpenses": 61690000,
        "operatingExpenses": 218566000,
        "costAndExpenses": 257538000,
        "interestIncome": 183991000,
        "interestExpense": 23972000,
        "depreciationAndAmortization": 19364000,
        "ebitda": 79607000,
        "ebitdaratio": 0.2505089983,
        "operatingIncome": 60243000,
        "operatingIncomeRatio": 0.1895739519,
        "totalOtherIncomeExpensesNet": 0,
        "incomeBeforeTax": 60243000,
        "incomeBeforeTaxRatio": 0.1895739519,
        "incomeTaxExpense": 15008000,
        "netIncome": 42393000,
        "netIncomeRatio": 0.1334031928,
        "eps": 0.17,
        "epsdiluted": 0.17,
        "weightedAverageShsOut": 240555000,
        "weightedAverageShsOutDil": 240891000,
        "link": "https://www.sec.gov/Archives/edgar/data/36966/000119312513324484/0001193125-13-324484-index.htm",
        "finalLink": "https://www.sec.gov/Archives/edgar/data/36966/000119312513324484/d577929d10q.htm"
    },
    {
        "date": "2013-03-31",
        "symbol": "FHN",
        "reportedCurrency": "USD",
        "cik": "0000036966",
        "fillingDate": "2013-05-08",
        "acceptedDate": "2013-05-08 17:24:03",
        "calendarYear": "2013",
        "period": "Q1",
        "revenue": 334756000,
        "costOfRevenue": 40017000,
        "grossProfit": 294739000,
        "grossProfitRatio": 0.8804592001,
        "researchAndDevelopmentExpenses": 0,
        "generalAndAdministrativeExpenses": 162715000,
        "sellingAndMarketingExpenses": 3947000,
        "sellingGeneralAndAdministrativeExpenses": 166662000,
        "otherExpenses": 65808000,
        "operatingExpenses": 232470000,
        "costAndExpenses": 272487000,
        "interestIncome": 186399000,
        "interestExpense": 25017000,
        "depreciationAndAmortization": 19552000,
        "ebitda": 81821000,
        "ebitdaratio": 0.2444198162,
        "operatingIncome": 62269000,
        "operatingIncomeRatio": 0.1860130961,
        "totalOtherIncomeExpensesNet": 0,
        "incomeBeforeTax": 62269000,
        "incomeBeforeTaxRatio": 0.1860130961,
        "incomeTaxExpense": 17730000,
        "netIncome": 42156000,
        "netIncomeRatio": 0.1259305285,
        "eps": 0.17,
        "epsdiluted": 0.17,
        "weightedAverageShsOut": 240870000,
        "weightedAverageShsOutDil": 242799000,
        "link": "https://www.sec.gov/Archives/edgar/data/36966/000119312513207870/0001193125-13-207870-index.htm",
        "finalLink": "https://www.sec.gov/Archives/edgar/data/36966/000119312513207870/d531840d10q.htm"
    },
    {
        "date": "2012-12-31",
        "symbol": "FHN",
        "reportedCurrency": "USD",
        "cik": "0000036966",
        "fillingDate": "2013-02-27",
        "acceptedDate": "2013-02-27 17:33:07",
        "calendarYear": "2012",
        "period": "Q4",
        "revenue": 306014000,
        "costOfRevenue": 40601000,
        "grossProfit": 265413000,
        "grossProfitRatio": 0.8673230637,
        "researchAndDevelopmentExpenses": 0,
        "generalAndAdministrativeExpenses": 177155000,
        "sellingAndMarketingExpenses": 17439000,
        "sellingGeneralAndAdministrativeExpenses": 194594000,
        "otherExpenses": 40139000,
        "operatingExpenses": 234733000,
        "costAndExpenses": 275334000,
        "interestIncome": 196199000,
        "interestExpense": 25601000,
        "depreciationAndAmortization": 29560000,
        "ebitda": 60240000,
        "ebitdaratio": 0.1968537387,
        "operatingIncome": 30680000,
        "operatingIncomeRatio": 0.100256851,
        "totalOtherIncomeExpensesNet": 0,
        "incomeBeforeTax": 30680000,
        "incomeBeforeTaxRatio": 0.100256851,
        "incomeTaxExpense": -12914000,
        "netIncome": 40681000,
        "netIncomeRatio": 0.1329383623,
        "eps": 0.17,
        "epsdiluted": 0.17,
        "weightedAverageShsOut": 243598000,
        "weightedAverageShsOutDil": 246132000,
        "link": "https://www.sec.gov/Archives/edgar/data/36966/000093041313001171/0000930413-13-001171-index.htm",
        "finalLink": "https://www.sec.gov/Archives/edgar/data/36966/000093041313001171/c72562_10-k.htm"
    },
    {
        "date": "2012-09-30",
        "symbol": "FHN",
        "reportedCurrency": "USD",
        "cik": "0000036966",
        "fillingDate": "2012-11-08",
        "acceptedDate": "2012-11-08 16:07:57",
        "calendarYear": "2012",
        "period": "Q3",
        "revenue": 355029000,
        "costOfRevenue": 67051000,
        "grossProfit": 287978000,
        "grossProfitRatio": 0.8111393717,
        "researchAndDevelopmentExpenses": 0,
        "generalAndAdministrativeExpenses": 179359000,
        "sellingAndMarketingExpenses": 4121000,
        "sellingGeneralAndAdministrativeExpenses": 183480000,
        "otherExpenses": 70664000,
        "operatingExpenses": 254144000,
        "costAndExpenses": 321195000,
        "interestIncome": 200516000,
        "interestExpense": 27051000,
        "depreciationAndAmortization": 29852000,
        "ebitda": 63686000,
        "ebitdaratio": 0.1793825293,
        "operatingIncome": 33834000,
        "operatingIncomeRatio": 0.0952992572,
        "totalOtherIncomeExpensesNet": 0,
        "incomeBeforeTax": 33834000,
        "incomeBeforeTaxRatio": 0.0952992572,
        "incomeTaxExpense": 5260000,
        "netIncome": 25807000,
        "netIncomeRatio": 0.0726898366,
        "eps": 0.1,
        "epsdiluted": 0.1,
        "weightedAverageShsOut": 246628000,
        "weightedAverageShsOutDil": 248306000,
        "link": "https://www.sec.gov/Archives/edgar/data/36966/000119312512460397/0001193125-12-460397-index.htm",
        "finalLink": "https://www.sec.gov/Archives/edgar/data/36966/000119312512460397/d433152d10q.htm"
    },
    {
        "date": "2012-06-30",
        "symbol": "FHN",
        "reportedCurrency": "USD",
        "cik": "0000036966",
        "fillingDate": "2012-08-08",
        "acceptedDate": "2012-08-08 16:21:09",
        "calendarYear": "2012",
        "period": "Q2",
        "revenue": 349837000,
        "costOfRevenue": 43060000,
        "grossProfit": 306777000,
        "grossProfitRatio": 0.8769141057,
        "researchAndDevelopmentExpenses": 0,
        "generalAndAdministrativeExpenses": 177657000,
        "sellingAndMarketingExpenses": 3153000,
        "sellingGeneralAndAdministrativeExpenses": 180810000,
        "otherExpenses": 336562000,
        "operatingExpenses": 517372000,
        "costAndExpenses": 560432000,
        "interestIncome": 200735000,
        "interestExpense": 28060000,
        "depreciationAndAmortization": 29274000,
        "ebitda": -181321000,
        "ebitdaratio": -0.5183013804,
        "operatingIncome": -210595000,
        "operatingIncomeRatio": -0.6019803508,
        "totalOtherIncomeExpensesNet": 0,
        "incomeBeforeTax": -210595000,
        "incomeBeforeTaxRatio": -0.6019803508,
        "incomeTaxExpense": -88178000,
        "netIncome": -124774000,
        "netIncomeRatio": -0.356663246,
        "eps": -0.5,
        "epsdiluted": -0.5,
        "weightedAverageShsOut": 249104000,
        "weightedAverageShsOutDil": 249104000,
        "link": "https://www.sec.gov/Archives/edgar/data/36966/000119312512344070/0001193125-12-344070-index.htm",
        "finalLink": "https://www.sec.gov/Archives/edgar/data/36966/000119312512344070/d390797d10q.htm"
    },
    {
        "date": "2012-03-31",
        "symbol": "FHN",
        "reportedCurrency": "USD",
        "cik": "0000036966",
        "fillingDate": "2012-05-08",
        "acceptedDate": "2012-05-08 16:24:31",
        "calendarYear": "2012",
        "period": "Q1",
        "revenue": 388475000,
        "costOfRevenue": 37574000,
        "grossProfit": 350901000,
        "grossProfitRatio": 0.9032782032,
        "researchAndDevelopmentExpenses": 0,
        "generalAndAdministrativeExpenses": 202340000,
        "sellingAndMarketingExpenses": 4250000,
        "sellingGeneralAndAdministrativeExpenses": 206590000,
        "otherExpenses": 99935000,
        "operatingExpenses": 306525000,
        "costAndExpenses": 344099000,
        "interestIncome": 201503000,
        "interestExpense": 29574000,
        "depreciationAndAmortization": 29286000,
        "ebitda": 73662000,
        "ebitdaratio": 0.1896183796,
        "operatingIncome": 44376000,
        "operatingIncomeRatio": 0.114231289,
        "totalOtherIncomeExpensesNet": 0,
        "incomeBeforeTax": 44376000,
        "incomeBeforeTaxRatio": 0.114231289,
        "incomeTaxExpense": 10570000,
        "netIncome": 30527000,
        "netIncomeRatio": 0.0785816333,
        "eps": 0.12,
        "epsdiluted": 0.12,
        "weightedAverageShsOut": 252667000,
        "weightedAverageShsOutDil": 252667000,
        "link": "https://www.sec.gov/Archives/edgar/data/36966/000119312512218524/0001193125-12-218524-index.htm",
        "finalLink": "https://www.sec.gov/Archives/edgar/data/36966/000119312512218524/d340174d10q.htm"
    },
    {
        "date": "2011-12-31",
        "symbol": "FHN",
        "reportedCurrency": "USD",
        "cik": "0000036966",
        "fillingDate": "2012-02-28",
        "acceptedDate": "2012-02-28 16:17:50",
        "calendarYear": "2011",
        "period": "Q4",
        "revenue": 390910000,
        "costOfRevenue": 40838000,
        "grossProfit": 350072000,
        "grossProfitRatio": 0.8955309406,
        "researchAndDevelopmentExpenses": 0,
        "generalAndAdministrativeExpenses": 140120000,
        "sellingAndMarketingExpenses": 0,
        "sellingGeneralAndAdministrativeExpenses": 140120000,
        "otherExpenses": 171915000,
        "operatingExpenses": 312035000,
        "costAndExpenses": 352873000,
        "interestIncome": 209715000,
        "interestExpense": 30838000,
        "depreciationAndAmortization": 23163000,
        "ebitda": 61200000,
        "ebitdaratio": 0.1565577754,
        "operatingIncome": 38037000,
        "operatingIncomeRatio": 0.0973037272,
        "totalOtherIncomeExpensesNet": 0,
        "incomeBeforeTax": 38037000,
        "incomeBeforeTaxRatio": 0.0973037272,
        "incomeTaxExpense": -526000,
        "netIncome": 34941000,
        "netIncomeRatio": 0.0893837456,
        "eps": 0.14,
        "epsdiluted": 0.14,
        "weightedAverageShsOut": 252667000,
        "weightedAverageShsOutDil": 252667000,
        "link": "https://www.sec.gov/Archives/edgar/data/36966/000093041312001162/0000930413-12-001162-index.htm",
        "finalLink": "https://www.sec.gov/Archives/edgar/data/36966/000093041312001162/c68390_10k.htm"
    },
    {
        "date": "2011-09-30",
        "symbol": "FHN",
        "reportedCurrency": "USD",
        "cik": "0000036966",
        "fillingDate": "2011-11-08",
        "acceptedDate": "2011-11-08 06:03:35",
        "calendarYear": "2011",
        "period": "Q3",
        "revenue": 429247000,
        "costOfRevenue": 64020000,
        "grossProfit": 365227000,
        "grossProfitRatio": 0.8508551021,
        "researchAndDevelopmentExpenses": 0,
        "generalAndAdministrativeExpenses": 184539000,
        "sellingAndMarketingExpenses": 0,
        "sellingGeneralAndAdministrativeExpenses": 184539000,
        "otherExpenses": 138169000,
        "operatingExpenses": 322708000,
        "costAndExpenses": 386728000,
        "interestIncome": 208360000,
        "interestExpense": 32020000,
        "depreciationAndAmortization": 21200000,
        "ebitda": 63719000,
        "ebitdaratio": 0.14844367,
        "operatingIncome": 42519000,
        "operatingIncomeRatio": 0.0990548565,
        "totalOtherIncomeExpensesNet": 0,
        "incomeBeforeTax": 42519000,
        "incomeBeforeTaxRatio": 0.0990548565,
        "incomeTaxExpense": 8367000,
        "netIncome": 36105000,
        "netIncomeRatio": 0.0841124108,
        "eps": 0.14,
        "epsdiluted": 0.14,
        "weightedAverageShsOut": 261284000,
        "weightedAverageShsOutDil": 262803000,
        "link": "https://www.sec.gov/Archives/edgar/data/36966/000119312511300547/0001193125-11-300547-index.htm",
        "finalLink": "https://www.sec.gov/Archives/edgar/data/36966/000119312511300547/d246762d10q.htm"
    },
    {
        "date": "2011-06-30",
        "symbol": "FHN",
        "reportedCurrency": "USD",
        "cik": "0000036966",
        "fillingDate": "2011-08-05",
        "acceptedDate": "2011-08-05 16:57:41",
        "calendarYear": "2011",
        "period": "Q2",
        "revenue": 394350000,
        "costOfRevenue": 34897000,
        "grossProfit": 359453000,
        "grossProfitRatio": 0.9115075441,
        "researchAndDevelopmentExpenses": 0,
        "generalAndAdministrativeExpenses": 187350000,
        "sellingAndMarketingExpenses": 0,
        "sellingGeneralAndAdministrativeExpenses": 187350000,
        "otherExpenses": 157105000,
        "operatingExpenses": 344455000,
        "costAndExpenses": 379352000,
        "interestIncome": 206757000,
        "interestExpense": 33897000,
        "depreciationAndAmortization": 21619000,
        "ebitda": 36617000,
        "ebitdaratio": 0.0928540636,
        "operatingIncome": 14998000,
        "operatingIncomeRatio": 0.0380322049,
        "totalOtherIncomeExpensesNet": 0,
        "incomeBeforeTax": 14998000,
        "incomeBeforeTaxRatio": 0.0380322049,
        "incomeTaxExpense": -4167000,
        "netIncome": 19992000,
        "netIncomeRatio": 0.0506960822,
        "eps": 0.08,
        "epsdiluted": 0.08,
        "weightedAverageShsOut": 261289000,
        "weightedAverageShsOutDil": 262756000,
        "link": "https://www.sec.gov/Archives/edgar/data/36966/000095012311073758/0000950123-11-073758-index.htm",
        "finalLink": "https://www.sec.gov/Archives/edgar/data/36966/000095012311073758/g27473e10vq.htm"
    },
    {
        "date": "2011-03-31",
        "symbol": "FHN",
        "reportedCurrency": "USD",
        "cik": "0000036966",
        "fillingDate": "2011-05-06",
        "acceptedDate": "2011-05-06 16:18:38",
        "calendarYear": "2011",
        "period": "Q1",
        "revenue": 403940000,
        "costOfRevenue": 35850000,
        "grossProfit": 368090000,
        "grossProfitRatio": 0.9112491954,
        "researchAndDevelopmentExpenses": 0,
        "generalAndAdministrativeExpenses": 191732000,
        "sellingAndMarketingExpenses": 0,
        "sellingGeneralAndAdministrativeExpenses": 191732000,
        "otherExpenses": 122064000,
        "operatingExpenses": 313796000,
        "costAndExpenses": 349646000,
        "interestIncome": 207605000,
        "interestExpense": 34850000,
        "depreciationAndAmortization": 22936000,
        "ebitda": 77230000,
        "ebitdaratio": 0.1911917612,
        "operatingIncome": 54294000,
        "operatingIncomeRatio": 0.1344110511,
        "totalOtherIncomeExpensesNet": 0,
        "incomeBeforeTax": 54294000,
        "incomeBeforeTaxRatio": 0.1344110511,
        "incomeTaxExpense": 12162000,
        "netIncome": 40159000,
        "netIncomeRatio": 0.0994182304,
        "eps": 0.15,
        "epsdiluted": 0.15,
        "weightedAverageShsOut": 261174000,
        "weightedAverageShsOutDil": 265556000,
        "link": "https://www.sec.gov/Archives/edgar/data/36966/000095012311046631/0000950123-11-046631-index.htm",
        "finalLink": "https://www.sec.gov/Archives/edgar/data/36966/000095012311046631/g26849e10vq.htm"
    },
    {
        "date": "2010-12-31",
        "symbol": "FHN",
        "reportedCurrency": "USD",
        "cik": "0000036966",
        "fillingDate": "2011-02-25",
        "acceptedDate": "2011-02-25 17:24:28",
        "calendarYear": "2010",
        "period": "Q4",
        "revenue": 428210000,
        "costOfRevenue": 80024000,
        "grossProfit": 348186000,
        "grossProfitRatio": 0.813119731,
        "researchAndDevelopmentExpenses": 0,
        "generalAndAdministrativeExpenses": 206138000,
        "sellingAndMarketingExpenses": 0,
        "sellingGeneralAndAdministrativeExpenses": 206138000,
        "otherExpenses": 128699000,
        "operatingExpenses": 334837000,
        "costAndExpenses": 414861000,
        "interestIncome": 217260000,
        "interestExpense": 35024000,
        "depreciationAndAmortization": 23045000,
        "ebitda": 36394000,
        "ebitdaratio": 0.0849910091,
        "operatingIncome": 13349000,
        "operatingIncomeRatio": 0.0311739567,
        "totalOtherIncomeExpensesNet": 0,
        "incomeBeforeTax": 13349000,
        "incomeBeforeTaxRatio": 0.0311739567,
        "incomeTaxExpense": -3958000,
        "netIncome": 14468000,
        "netIncomeRatio": 0.0337871605,
        "eps": 0.0554,
        "epsdiluted": 0.0554,
        "weightedAverageShsOut": 261174000,
        "weightedAverageShsOutDil": 261174000,
        "link": "https://www.sec.gov/Archives/edgar/data/36966/000093041311001273/0000930413-11-001273-index.htm",
        "finalLink": "https://www.sec.gov/Archives/edgar/data/36966/000093041311001273/c64260_10-k.htm"
    },
    {
        "date": "2010-09-30",
        "symbol": "FHN",
        "reportedCurrency": "USD",
        "cik": "0000036966",
        "fillingDate": "2010-11-01",
        "acceptedDate": "2010-11-01 12:49:09",
        "calendarYear": "2010",
        "period": "Q3",
        "revenue": 465870000,
        "costOfRevenue": 87022000,
        "grossProfit": 378848000,
        "grossProfitRatio": 0.8132054006,
        "researchAndDevelopmentExpenses": 0,
        "generalAndAdministrativeExpenses": 208017000,
        "sellingAndMarketingExpenses": 0,
        "sellingGeneralAndAdministrativeExpenses": 208017000,
        "otherExpenses": 133473000,
        "operatingExpenses": 341490000,
        "costAndExpenses": 428512000,
        "interestIncome": 223165000,
        "interestExpense": 37022000,
        "depreciationAndAmortization": 21199000,
        "ebitda": 58557000,
        "ebitdaratio": 0.1256938631,
        "operatingIncome": 37358000,
        "operatingIncomeRatio": 0.0801897525,
        "totalOtherIncomeExpensesNet": 0,
        "incomeBeforeTax": 37358000,
        "incomeBeforeTaxRatio": 0.0801897525,
        "incomeTaxExpense": 3290000,
        "netIncome": 30835000,
        "netIncomeRatio": 0.0661879924,
        "eps": 0.067,
        "epsdiluted": 0.067,
        "weightedAverageShsOut": 237060000,
        "weightedAverageShsOutDil": 237060000,
        "link": "https://www.sec.gov/Archives/edgar/data/36966/000095012310098639/0000950123-10-098639-index.htm",
        "finalLink": "https://www.sec.gov/Archives/edgar/data/36966/000095012310098639/g24773e10vq.htm"
    },
    {
        "date": "2010-06-30",
        "symbol": "FHN",
        "reportedCurrency": "USD",
        "cik": "0000036966",
        "fillingDate": "2010-08-05",
        "acceptedDate": "2010-08-05 14:18:32",
        "calendarYear": "2010",
        "period": "Q2",
        "revenue": 464302000,
        "costOfRevenue": 108301000,
        "grossProfit": 356001000,
        "grossProfitRatio": 0.7667444896,
        "researchAndDevelopmentExpenses": 0,
        "generalAndAdministrativeExpenses": 198996000,
        "sellingAndMarketingExpenses": 0,
        "sellingGeneralAndAdministrativeExpenses": 198996000,
        "otherExpenses": 138315000,
        "operatingExpenses": 337311000,
        "costAndExpenses": 445612000,
        "interestIncome": 220365000,
        "interestExpense": 38301000,
        "depreciationAndAmortization": 19690000,
        "ebitda": 38380000,
        "ebitdaratio": 0.0826617159,
        "operatingIncome": 18690000,
        "operatingIncomeRatio": 0.0402539726,
        "totalOtherIncomeExpensesNet": 0,
        "incomeBeforeTax": 18690000,
        "incomeBeforeTaxRatio": 0.0402539726,
        "incomeTaxExpense": -1659000,
        "netIncome": 17634000,
        "netIncomeRatio": 0.0379795909,
        "eps": 0.0114,
        "epsdiluted": 0.0097,
        "weightedAverageShsOut": 234470000,
        "weightedAverageShsOutDil": 240977000,
        "link": "https://www.sec.gov/Archives/edgar/data/36966/000095012310073226/0000950123-10-073226-index.htm",
        "finalLink": "https://www.sec.gov/Archives/edgar/data/36966/000095012310073226/g23956e10vq.htm"
    },
    {
        "date": "2010-03-31",
        "symbol": "FHN",
        "reportedCurrency": "USD",
        "cik": "0000036966",
        "fillingDate": "2010-05-06",
        "acceptedDate": "2010-05-06 12:22:22",
        "calendarYear": "2010",
        "period": "Q1",
        "revenue": 462745000,
        "costOfRevenue": 144101000,
        "grossProfit": 318644000,
        "grossProfitRatio": 0.6885952306,
        "researchAndDevelopmentExpenses": 0,
        "generalAndAdministrativeExpenses": 219528000,
        "sellingAndMarketingExpenses": 0,
        "sellingGeneralAndAdministrativeExpenses": 219528000,
        "otherExpenses": 118450000,
        "operatingExpenses": 337978000,
        "costAndExpenses": 482079000,
        "interestIncome": 219496000,
        "interestExpense": 39101000,
        "depreciationAndAmortization": 19358000,
        "ebitda": 24000,
        "ebitdaratio": 5.18644e-05,
        "operatingIncome": -19334000,
        "operatingIncomeRatio": -0.0417811105,
        "totalOtherIncomeExpensesNet": 0,
        "incomeBeforeTax": -19334000,
        "incomeBeforeTaxRatio": -0.0417811105,
        "incomeTaxExpense": -16518000,
        "netIncome": -12737000,
        "netIncomeRatio": -0.0275248787,
        "eps": -0.12,
        "epsdiluted": -0.12,
        "weightedAverageShsOut": 236586000,
        "weightedAverageShsOutDil": 236586000,
        "link": "https://www.sec.gov/Archives/edgar/data/36966/000095012310045252/0000950123-10-045252-index.htm",
        "finalLink": "https://www.sec.gov/Archives/edgar/data/36966/000095012310045252/g23166e10vq.htm"
    },
    {
        "date": "2009-12-31",
        "symbol": "FHN",
        "reportedCurrency": "USD",
        "cik": "0000036966",
        "fillingDate": "2010-02-26",
        "acceptedDate": "2010-02-26 16:16:50",
        "calendarYear": "2009",
        "period": "Q4",
        "revenue": 477175000,
        "costOfRevenue": 176097000,
        "grossProfit": 301078000,
        "grossProfitRatio": 0.6309592917,
        "researchAndDevelopmentExpenses": 0,
        "generalAndAdministrativeExpenses": 267087000,
        "sellingAndMarketingExpenses": 0,
        "sellingGeneralAndAdministrativeExpenses": 267087000,
        "otherExpenses": 123256000,
        "operatingExpenses": 390343000,
        "costAndExpenses": 566440000,
        "interestIncome": 230991000,
        "interestExpense": 41097000,
        "depreciationAndAmortization": 19295000,
        "ebitda": -69970000,
        "ebitdaratio": -0.1466338345,
        "operatingIncome": -89265000,
        "operatingIncomeRatio": -0.1870697333,
        "totalOtherIncomeExpensesNet": 0,
        "incomeBeforeTax": -89265000,
        "incomeBeforeTaxRatio": -0.1870697333,
        "incomeTaxExpense": -38111000,
        "netIncome": -55683000,
        "netIncomeRatio": -0.1166930371,
        "eps": -0.24,
        "epsdiluted": -0.24,
        "weightedAverageShsOut": 234464000,
        "weightedAverageShsOutDil": 236586000,
        "link": "https://www.sec.gov/Archives/edgar/data/36966/000093041310001073/0000930413-10-001073-index.htm",
        "finalLink": "https://www.sec.gov/Archives/edgar/data/36966/000093041310001073/c60287_10k.htm"
    },
    {
        "date": "2009-09-30",
        "symbol": "FHN",
        "reportedCurrency": "USD",
        "cik": "0000036966",
        "fillingDate": "2009-11-05",
        "acceptedDate": "2009-11-05 11:16:28",
        "calendarYear": "2009",
        "period": "Q3",
        "revenue": 538500000,
        "costOfRevenue": 230459000,
        "grossProfit": 308041000,
        "grossProfitRatio": 0.5720352832,
        "researchAndDevelopmentExpenses": 0,
        "generalAndAdministrativeExpenses": 217715000,
        "sellingAndMarketingExpenses": 0,
        "sellingGeneralAndAdministrativeExpenses": 217715000,
        "otherExpenses": 130508000,
        "operatingExpenses": 348223000,
        "costAndExpenses": 578682000,
        "interestIncome": 236360000,
        "interestExpense": 45459000,
        "depreciationAndAmortization": 18841000,
        "ebitda": -21341000,
        "ebitdaratio": -0.039630455,
        "operatingIncome": -40182000,
        "operatingIncomeRatio": -0.0746183844,
        "totalOtherIncomeExpensesNet": 0,
        "incomeBeforeTax": -40182000,
        "incomeBeforeTaxRatio": -0.0746183844,
        "incomeTaxExpense": -15368000,
        "netIncome": -37983000,
        "netIncomeRatio": -0.0705348189,
        "eps": -0.23,
        "epsdiluted": -0.23,
        "weightedAverageShsOut": 234458000,
        "weightedAverageShsOutDil": 234458000,
        "link": "https://www.sec.gov/Archives/edgar/data/36966/000095012309058124/0000950123-09-058124-index.htm",
        "finalLink": "https://www.sec.gov/Archives/edgar/data/36966/000095012309058124/g21002e10vq.htm"
    },
    {
        "date": "2009-06-30",
        "symbol": "FHN",
        "reportedCurrency": "USD",
        "cik": "0000036966",
        "fillingDate": "2009-08-06",
        "acceptedDate": "2009-08-06 10:28:09",
        "calendarYear": "2009",
        "period": "Q2",
        "revenue": 539678000,
        "costOfRevenue": 316409000,
        "grossProfit": 223269000,
        "grossProfitRatio": 0.4137078035,
        "researchAndDevelopmentExpenses": 0,
        "generalAndAdministrativeExpenses": 247350000,
        "sellingAndMarketingExpenses": 0,
        "sellingGeneralAndAdministrativeExpenses": 247350000,
        "otherExpenses": 155136000,
        "operatingExpenses": 402486000,
        "costAndExpenses": 718895000,
        "interestIncome": 255495000,
        "interestExpense": 56409000,
        "depreciationAndAmortization": 22037000,
        "ebitda": -157180000,
        "ebitdaratio": -0.291247744,
        "operatingIncome": -179217000,
        "operatingIncomeRatio": -0.3320813522,
        "totalOtherIncomeExpensesNet": 0,
        "incomeBeforeTax": -179217000,
        "incomeBeforeTaxRatio": -0.3320813522,
        "incomeTaxExpense": -74043000,
        "netIncome": -108326000,
        "netIncomeRatio": -0.2007233943,
        "eps": -0.52,
        "epsdiluted": -0.52,
        "weightedAverageShsOut": 234400000,
        "weightedAverageShsOutDil": 234400000,
        "link": "https://www.sec.gov/Archives/edgar/data/36966/000095012309030800/0000950123-09-030800-index.htm",
        "finalLink": "https://www.sec.gov/Archives/edgar/data/36966/000095012309030800/g19449e10vq.htm"
    },
    {
        "date": "2009-03-31",
        "symbol": "FHN",
        "reportedCurrency": "USD",
        "cik": "0000036966",
        "fillingDate": "2009-05-07",
        "acceptedDate": "2009-05-07 12:16:56",
        "calendarYear": "2009",
        "period": "Q1",
        "revenue": 669439000,
        "costOfRevenue": 373506000,
        "grossProfit": 295933000,
        "grossProfitRatio": 0.4420611885,
        "researchAndDevelopmentExpenses": 0,
        "generalAndAdministrativeExpenses": 282223000,
        "sellingAndMarketingExpenses": 0,
        "sellingGeneralAndAdministrativeExpenses": 282223000,
        "otherExpenses": 125580000,
        "operatingExpenses": 407803000,
        "costAndExpenses": 781309000,
        "interestIncome": 270093000,
        "interestExpense": 73506000,
        "depreciationAndAmortization": 21558000,
        "ebitda": -90312000,
        "ebitdaratio": -0.1349069893,
        "operatingIncome": -111870000,
        "operatingIncomeRatio": -0.1671100728,
        "totalOtherIncomeExpensesNet": 0,
        "incomeBeforeTax": -111870000,
        "incomeBeforeTaxRatio": -0.1671100728,
        "incomeTaxExpense": -47423000,
        "netIncome": -67845000,
        "netIncomeRatio": -0.1013460524,
        "eps": -0.35,
        "epsdiluted": -0.35,
        "weightedAverageShsOut": 234403000,
        "weightedAverageShsOutDil": 234403000,
        "link": "https://www.sec.gov/Archives/edgar/data/36966/000095014409004016/0000950144-09-004016-index.htm",
        "finalLink": "https://www.sec.gov/Archives/edgar/data/36966/000095014409004016/g18886e10vq.htm"
    },
    {
        "date": "2008-12-31",
        "symbol": "FHN",
        "reportedCurrency": "USD",
        "cik": "0000036966",
        "fillingDate": "2009-02-26",
        "acceptedDate": "2009-02-26 17:14:28",
        "calendarYear": "2008",
        "period": "Q4",
        "revenue": 669572000,
        "costOfRevenue": 406606000,
        "grossProfit": 262966000,
        "grossProfitRatio": 0.3927374502,
        "researchAndDevelopmentExpenses": 0,
        "generalAndAdministrativeExpenses": -519129000,
        "sellingAndMarketingExpenses": 0,
        "sellingGeneralAndAdministrativeExpenses": -486115000,
        "otherExpenses": 835773000,
        "operatingExpenses": 349658000,
        "costAndExpenses": 756264000,
        "interestIncome": 331554000,
        "interestExpense": 126606000,
        "depreciationAndAmortization": -23148000,
        "ebitda": -109840000,
        "ebitdaratio": -0.1640450915,
        "operatingIncome": -86692000,
        "operatingIncomeRatio": -0.1294737534,
        "totalOtherIncomeExpensesNet": 0,
        "incomeBeforeTax": -86692000,
        "incomeBeforeTaxRatio": -0.1294737534,
        "incomeTaxExpense": -30988000,
        "netIncome": -55704000,
        "netIncomeRatio": -0.083193443,
        "eps": -0.24,
        "epsdiluted": -0.24,
        "weightedAverageShsOut": 234400000,
        "weightedAverageShsOutDil": 234400000,
        "link": "https://www.sec.gov/Archives/edgar/data/36966/000093041309001040/0000930413-09-001040-index.htm",
        "finalLink": "https://www.sec.gov/Archives/edgar/data/36966/000093041309001040/c56619_form10-k.htm"
    },
    {
        "date": "2008-09-30",
        "symbol": "FHN",
        "reportedCurrency": "USD",
        "cik": "0000036966",
        "fillingDate": "2008-11-06",
        "acceptedDate": "2008-11-06 15:40:01",
        "calendarYear": "2008",
        "period": "Q3",
        "revenue": 696805000,
        "costOfRevenue": 500096000,
        "grossProfit": 196709000,
        "grossProfitRatio": 0.2823013612,
        "researchAndDevelopmentExpenses": 0,
        "generalAndAdministrativeExpenses": 235547000,
        "sellingAndMarketingExpenses": 0,
        "sellingGeneralAndAdministrativeExpenses": 235547000,
        "otherExpenses": 169457000,
        "operatingExpenses": 405004000,
        "costAndExpenses": 905100000,
        "interestIncome": 383243000,
        "interestExpense": 160096000,
        "depreciationAndAmortization": 21057000,
        "ebitda": -187238000,
        "ebitdaratio": -0.2687093233,
        "operatingIncome": -208295000,
        "operatingIncomeRatio": -0.2989286816,
        "totalOtherIncomeExpensesNet": 0,
        "incomeBeforeTax": -208295000,
        "incomeBeforeTaxRatio": -0.2989286816,
        "incomeTaxExpense": -87824000,
        "netIncome": -125095000,
        "netIncomeRatio": -0.1795265533,
        "eps": -0.54,
        "epsdiluted": -0.54,
        "weightedAverageShsOut": 234324000,
        "weightedAverageShsOutDil": 234324000,
        "link": "https://www.sec.gov/Archives/edgar/data/36966/000117184308000909/0001171843-08-000909-index.htm",
        "finalLink": "https://www.sec.gov/Archives/edgar/data/36966/000117184308000909/f10q_110608.htm"
    },
    {
        "date": "2008-06-30",
        "symbol": "FHN",
        "reportedCurrency": "USD",
        "cik": "0000036966",
        "fillingDate": "2008-08-08",
        "acceptedDate": "2008-08-08 16:24:22",
        "calendarYear": "2008",
        "period": "Q2",
        "revenue": 814960000,
        "costOfRevenue": 396590000,
        "grossProfit": 418370000,
        "grossProfitRatio": 0.513362619,
        "researchAndDevelopmentExpenses": 0,
        "generalAndAdministrativeExpenses": 307679000,
        "sellingAndMarketingExpenses": 0,
        "sellingGeneralAndAdministrativeExpenses": 307679000,
        "otherExpenses": 155749000,
        "operatingExpenses": 463428000,
        "costAndExpenses": 860018000,
        "interestIncome": 415485000,
        "interestExpense": 176590000,
        "depreciationAndAmortization": 24534000,
        "ebitda": -20524000,
        "ebitdaratio": -0.0251840581,
        "operatingIncome": -45058000,
        "operatingIncomeRatio": -0.0552886031,
        "totalOtherIncomeExpensesNet": 0,
        "incomeBeforeTax": -45058000,
        "incomeBeforeTaxRatio": -0.0552886031,
        "incomeTaxExpense": -28821000,
        "netIncome": -19081000,
        "netIncomeRatio": -0.0234134191,
        "eps": -0.0912,
        "epsdiluted": -0.0912,
        "weightedAverageShsOut": 206081000,
        "weightedAverageShsOutDil": 206081000,
        "link": "https://www.sec.gov/Archives/edgar/data/36966/000117184308000603/0001171843-08-000603-index.htm",
        "finalLink": "https://www.sec.gov/Archives/edgar/data/36966/000117184308000603/f10q_080808.htm"
    },
    {
        "date": "2008-03-31",
        "symbol": "FHN",
        "reportedCurrency": "USD",
        "cik": "0000036966",
        "fillingDate": "2008-05-08",
        "acceptedDate": "2008-05-08 12:27:21",
        "calendarYear": "2008",
        "period": "Q1",
        "revenue": 926514000,
        "costOfRevenue": 488351000,
        "grossProfit": 438163000,
        "grossProfitRatio": 0.4729156818,
        "researchAndDevelopmentExpenses": 0,
        "generalAndAdministrativeExpenses": 317438000,
        "sellingAndMarketingExpenses": 0,
        "sellingGeneralAndAdministrativeExpenses": 317438000,
        "otherExpenses": 117773000,
        "operatingExpenses": 435211000,
        "costAndExpenses": 923562000,
        "interestIncome": 476443000,
        "interestExpense": 248351000,
        "depreciationAndAmortization": 27064000,
        "ebitda": 30016000,
        "ebitdaratio": 0.0323967042,
        "operatingIncome": 2952000,
        "operatingIncomeRatio": 0.0031861364,
        "totalOtherIncomeExpensesNet": 0,
        "incomeBeforeTax": 2952000,
        "incomeBeforeTaxRatio": 0.0031861364,
        "incomeTaxExpense": -8146000,
        "netIncome": 7920000,
        "netIncomeRatio": 0.0085481709,
        "eps": 0.0539,
        "epsdiluted": 0.0539,
        "weightedAverageShsOut": 151388000,
        "weightedAverageShsOutDil": 152056000,
        "link": "https://www.sec.gov/Archives/edgar/data/36966/000117184308000348/0001171843-08-000348-index.htm",
        "finalLink": "https://www.sec.gov/Archives/edgar/data/36966/000117184308000348/f10q_050808.htm"
    },
    {
        "date": "2007-12-31",
        "symbol": "FHN",
        "reportedCurrency": "USD",
        "cik": "0000036966",
        "fillingDate": "2008-02-27",
        "acceptedDate": "2008-02-27 17:28:01",
        "calendarYear": "2007",
        "period": "Q4",
        "revenue": 638123000,
        "costOfRevenue": 475668000,
        "grossProfit": 162455000,
        "grossProfitRatio": 0.2545825805,
        "researchAndDevelopmentExpenses": 0,
        "generalAndAdministrativeExpenses": 226905000,
        "sellingAndMarketingExpenses": 42346000,
        "sellingGeneralAndAdministrativeExpenses": 269251000,
        "otherExpenses": 292308000,
        "operatingExpenses": 561559000,
        "costAndExpenses": 1037227000,
        "interestIncome": 545136000,
        "interestExpense": 319149000,
        "depreciationAndAmortization": 30275000,
        "ebitda": -368829000,
        "ebitdaratio": -0.5779904501,
        "operatingIncome": -399104000,
        "operatingIncomeRatio": -0.6254342815,
        "totalOtherIncomeExpensesNet": 0,
        "incomeBeforeTax": -399104000,
        "incomeBeforeTaxRatio": -0.6254342815,
        "incomeTaxExpense": -146342000,
        "netIncome": -248625000,
        "netIncomeRatio": -0.3896192427,
        "eps": -1.64,
        "epsdiluted": -1.64,
        "weightedAverageShsOut": 151357000,
        "weightedAverageShsOutDil": 151386000,
        "link": "https://www.sec.gov/Archives/edgar/data/36966/000093041308001253/0000930413-08-001253-index.htm",
        "finalLink": "https://www.sec.gov/Archives/edgar/data/36966/000093041308001253/c52298_10-k.htm"
    },
    {
        "date": "2007-09-30",
        "symbol": "FHN",
        "reportedCurrency": "USD",
        "cik": "0000036966",
        "fillingDate": "2007-11-07",
        "acceptedDate": "2007-11-07 12:30:08",
        "calendarYear": "2007",
        "period": "Q3",
        "revenue": 786210000,
        "costOfRevenue": 388283000,
        "grossProfit": 397927000,
        "grossProfitRatio": 0.5061332214,
        "researchAndDevelopmentExpenses": 0,
        "generalAndAdministrativeExpenses": 236683000,
        "sellingAndMarketingExpenses": 0,
        "sellingGeneralAndAdministrativeExpenses": 236683000,
        "otherExpenses": 184939000,
        "operatingExpenses": 421622000,
        "costAndExpenses": 809905000,
        "interestIncome": 582735000,
        "interestExpense": 344931000,
        "depreciationAndAmortization": 26294000,
        "ebitda": 2599000,
        "ebitdaratio": 0.0033057326,
        "operatingIncome": -23695000,
        "operatingIncomeRatio": -0.0301382582,
        "totalOtherIncomeExpensesNet": 0,
        "incomeBeforeTax": -23695000,
        "incomeBeforeTaxRatio": -0.0301382582,
        "incomeTaxExpense": -9330000,
        "netIncome": -14156000,
        "netIncomeRatio": -0.0180053675,
        "eps": -0.0916,
        "epsdiluted": -0.0916,
        "weightedAverageShsOut": 151316000,
        "weightedAverageShsOutDil": 151316000,
        "link": "https://www.sec.gov/Archives/edgar/data/36966/000117184307000661/0001171843-07-000661-index.htm",
        "finalLink": "https://www.sec.gov/Archives/edgar/data/36966/000117184307000661/f10q_103107.htm"
    },
    {
        "date": "2007-06-30",
        "symbol": "FHN",
        "reportedCurrency": "USD",
        "cik": "0000036966",
        "fillingDate": "2007-08-07",
        "acceptedDate": "2007-08-07 12:43:15",
        "calendarYear": "2007",
        "period": "Q2",
        "revenue": 875202000,
        "costOfRevenue": 399879000,
        "grossProfit": 475323000,
        "grossProfitRatio": 0.543100907,
        "researchAndDevelopmentExpenses": 0,
        "generalAndAdministrativeExpenses": 258191000,
        "sellingAndMarketingExpenses": 0,
        "sellingGeneralAndAdministrativeExpenses": 258191000,
        "otherExpenses": 199049000,
        "operatingExpenses": 457240000,
        "costAndExpenses": 857119000,
        "interestIncome": 594903000,
        "interestExpense": 355471000,
        "depreciationAndAmortization": 40434000,
        "ebitda": 58517000,
        "ebitdaratio": 0.0668611361,
        "operatingIncome": 18083000,
        "operatingIncomeRatio": 0.0206615159,
        "totalOtherIncomeExpensesNet": 0,
        "incomeBeforeTax": 18083000,
        "incomeBeforeTaxRatio": 0.0206615159,
        "incomeTaxExpense": -3861000,
        "netIncome": 22123000,
        "netIncomeRatio": 0.0252775931,
        "eps": 0.15,
        "epsdiluted": 0.14,
        "weightedAverageShsOut": 151094000,
        "weightedAverageShsOutDil": 154532000,
        "link": "https://www.sec.gov/Archives/edgar/data/36966/000117184307000439/0001171843-07-000439-index.htm",
        "finalLink": "https://www.sec.gov/Archives/edgar/data/36966/000117184307000439/f10q_080707.htm"
    },
    {
        "date": "2007-03-31",
        "symbol": "FHN",
        "reportedCurrency": "USD",
        "cik": "0000036966",
        "fillingDate": "2007-05-08",
        "acceptedDate": "2007-05-08 12:22:13",
        "calendarYear": "2007",
        "period": "Q1",
        "revenue": 866373000,
        "costOfRevenue": 374252000,
        "grossProfit": 492121000,
        "grossProfitRatio": 0.568024396,
        "researchAndDevelopmentExpenses": 0,
        "generalAndAdministrativeExpenses": 246343000,
        "sellingAndMarketingExpenses": 0,
        "sellingGeneralAndAdministrativeExpenses": 246343000,
        "otherExpenses": 156669000,
        "operatingExpenses": 403012000,
        "costAndExpenses": 777264000,
        "interestIncome": 583185000,
        "interestExpense": 345766000,
        "depreciationAndAmortization": 34631000,
        "ebitda": 123740000,
        "ebitdaratio": 0.1428253189,
        "operatingIncome": 89109000,
        "operatingIncomeRatio": 0.1028529282,
        "totalOtherIncomeExpensesNet": 0,
        "incomeBeforeTax": 89109000,
        "incomeBeforeTaxRatio": 0.1028529282,
        "incomeTaxExpense": 18802000,
        "netIncome": 70547000,
        "netIncomeRatio": 0.0814279762,
        "eps": 0.47,
        "epsdiluted": 0.46,
        "weightedAverageShsOut": 150457000,
        "weightedAverageShsOutDil": 154492000,
        "link": "https://www.sec.gov/Archives/edgar/data/36966/000117184307000228/0001171843-07-000228-index.htm",
        "finalLink": "https://www.sec.gov/Archives/edgar/data/36966/000117184307000228/f10q_050807.htm"
    },
    {
        "date": "2006-12-31",
        "symbol": "FHN",
        "reportedCurrency": "USD",
        "cik": "0000036966",
        "fillingDate": "2007-02-28",
        "acceptedDate": "2007-02-28 14:54:39",
        "calendarYear": "2006",
        "period": "Q4",
        "revenue": 912339000,
        "costOfRevenue": 381548000,
        "grossProfit": 530791000,
        "grossProfitRatio": 0.5817914174,
        "researchAndDevelopmentExpenses": 0,
        "generalAndAdministrativeExpenses": 257397000,
        "sellingAndMarketingExpenses": 47427000,
        "sellingGeneralAndAdministrativeExpenses": 304824000,
        "otherExpenses": 118239000,
        "operatingExpenses": 423063000,
        "costAndExpenses": 804611000,
        "interestIncome": 604562000,
        "interestExpense": 358565000,
        "depreciationAndAmortization": 34655000,
        "ebitda": 142383000,
        "ebitdaratio": 0.1560637,
        "operatingIncome": 107728000,
        "operatingIncomeRatio": 0.1180789158,
        "totalOtherIncomeExpensesNet": 0,
        "incomeBeforeTax": 107728000,
        "incomeBeforeTaxRatio": 0.1180789158,
        "incomeTaxExpense": 31448000,
        "netIncome": 76467000,
        "netIncomeRatio": 0.0838142401,
        "eps": 0.51,
        "epsdiluted": 0.51,
        "weightedAverageShsOut": 149469000,
        "weightedAverageShsOutDil": 150457000,
        "link": "https://www.sec.gov/Archives/edgar/data/36966/000093041307001767/0000930413-07-001767-index.htm",
        "finalLink": "https://www.sec.gov/Archives/edgar/data/36966/000093041307001767/c46655_10-k.htm"
    },
    {
        "date": "2006-09-30",
        "symbol": "FHN",
        "reportedCurrency": "USD",
        "cik": "0000036966",
        "fillingDate": "2006-11-08",
        "acceptedDate": "2006-11-08 12:09:07",
        "calendarYear": "2006",
        "period": "Q3",
        "revenue": 930525000,
        "costOfRevenue": 384671000,
        "grossProfit": 545854000,
        "grossProfitRatio": 0.5866086349,
        "researchAndDevelopmentExpenses": 0,
        "generalAndAdministrativeExpenses": 260351000,
        "sellingAndMarketingExpenses": 0,
        "sellingGeneralAndAdministrativeExpenses": 260351000,
        "otherExpenses": 192548000,
        "operatingExpenses": 452899000,
        "costAndExpenses": 837570000,
        "interestIncome": 612598000,
        "interestExpense": 360977000,
        "depreciationAndAmortization": 34757000,
        "ebitda": 127712000,
        "ebitdaratio": 0.1372472529,
        "operatingIncome": 92955000,
        "operatingIncomeRatio": 0.0998952204,
        "totalOtherIncomeExpensesNet": 0,
        "incomeBeforeTax": 92955000,
        "incomeBeforeTaxRatio": 0.0998952204,
        "incomeTaxExpense": 25776000,
        "netIncome": 67110000,
        "netIncomeRatio": 0.0721205771,
        "eps": 0.45,
        "epsdiluted": 0.44,
        "weightedAverageShsOut": 149026000,
        "weightedAverageShsOutDil": 153075000,
        "link": "https://www.sec.gov/Archives/edgar/data/36966/000117184306000196/0001171843-06-000196-index.htm",
        "finalLink": "https://www.sec.gov/Archives/edgar/data/36966/000117184306000196/f10q_11012006.htm"
    },
    {
        "date": "2006-06-30",
        "symbol": "FHN",
        "reportedCurrency": "USD",
        "cik": "0000036966",
        "fillingDate": "2006-08-04",
        "acceptedDate": "2006-08-04 12:13:53",
        "calendarYear": "2006",
        "period": "Q2",
        "revenue": 910569000,
        "costOfRevenue": 343637000,
        "grossProfit": 566932000,
        "grossProfitRatio": 0.6226128937,
        "researchAndDevelopmentExpenses": 0,
        "generalAndAdministrativeExpenses": 245796000,
        "sellingAndMarketingExpenses": 0,
        "sellingGeneralAndAdministrativeExpenses": 245796000,
        "otherExpenses": 174190000,
        "operatingExpenses": 419986000,
        "costAndExpenses": 763623000,
        "interestIncome": 578582000,
        "interestExpense": 324984000,
        "depreciationAndAmortization": 33673000,
        "ebitda": 180619000,
        "ebitdaratio": 0.1983583891,
        "operatingIncome": 146946000,
        "operatingIncomeRatio": 0.1613782152,
        "totalOtherIncomeExpensesNet": 0,
        "incomeBeforeTax": 146946000,
        "incomeBeforeTaxRatio": 0.1613782152,
        "incomeTaxExpense": 43013000,
        "netIncome": 104309000,
        "netIncomeRatio": 0.1145536472,
        "eps": 0.7,
        "epsdiluted": 0.68,
        "weightedAverageShsOut": 148446000,
        "weightedAverageShsOutDil": 152783000,
        "link": "https://www.sec.gov/Archives/edgar/data/36966/000117184306000149/0001171843-06-000149-index.htm",
        "finalLink": "https://www.sec.gov/Archives/edgar/data/36966/000117184306000149/f10q_08042006.htm"
    },
    {
        "date": "2006-03-31",
        "symbol": "FHN",
        "reportedCurrency": "USD",
        "cik": "0000036966",
        "fillingDate": "2006-05-09",
        "acceptedDate": "2006-05-09 16:05:11",
        "calendarYear": "2006",
        "period": "Q1",
        "revenue": 730979000,
        "costOfRevenue": 305447000,
        "grossProfit": 425532000,
        "grossProfitRatio": 0.5821398426,
        "researchAndDevelopmentExpenses": 0,
        "generalAndAdministrativeExpenses": 260141000,
        "sellingAndMarketingExpenses": 0,
        "sellingGeneralAndAdministrativeExpenses": 260141000,
        "otherExpenses": 174940000,
        "operatingExpenses": 435081000,
        "costAndExpenses": 740528000,
        "interestIncome": 533369000,
        "interestExpense": 287648000,
        "depreciationAndAmortization": 41721000,
        "ebitda": 32172000,
        "ebitdaratio": 0.0440122083,
        "operatingIncome": -9549000,
        "operatingIncomeRatio": -0.0130633028,
        "totalOtherIncomeExpensesNet": 0,
        "incomeBeforeTax": -9549000,
        "incomeBeforeTaxRatio": -0.0130633028,
        "incomeTaxExpense": -12959000,
        "netIncome": 215028000,
        "netIncomeRatio": 0.2941644014,
        "eps": 1.42,
        "epsdiluted": 1.39,
        "weightedAverageShsOut": 150633000,
        "weightedAverageShsOutDil": 154968000,
        "link": "https://www.sec.gov/Archives/edgar/data/36966/000117184306000098/0001171843-06-000098-index.htm",
        "finalLink": "https://www.sec.gov/Archives/edgar/data/36966/000117184306000098/f10q_05042006.htm"
    },
    {
        "date": "2005-12-31",
        "symbol": "FHN",
        "reportedCurrency": "USD",
        "cik": "0000036966",
        "fillingDate": "2006-03-08",
        "acceptedDate": "2006-03-08 17:26:52",
        "calendarYear": "2005",
        "period": "Q4",
        "revenue": 862908000,
        "costOfRevenue": 280838000,
        "grossProfit": 582070000,
        "grossProfitRatio": 0.6745446792,
        "researchAndDevelopmentExpenses": 0,
        "generalAndAdministrativeExpenses": 245224000,
        "sellingAndMarketingExpenses": 46389000,
        "sellingGeneralAndAdministrativeExpenses": 291613000,
        "otherExpenses": 129214000,
        "operatingExpenses": 420827000,
        "costAndExpenses": 701665000,
        "interestIncome": 519474000,
        "interestExpense": 264663000,
        "depreciationAndAmortization": 90197000,
        "ebitda": 251440000,
        "ebitdaratio": 0.2913867991,
        "operatingIncome": 161243000,
        "operatingIncomeRatio": 0.1868600129,
        "totalOtherIncomeExpensesNet": 0,
        "incomeBeforeTax": 161243000,
        "incomeBeforeTaxRatio": 0.1868600129,
        "incomeTaxExpense": 48256000,
        "netIncome": 109889000,
        "netIncomeRatio": 0.1273472954,
        "eps": 0.73,
        "epsdiluted": 0.73,
        "weightedAverageShsOut": 150633000,
        "weightedAverageShsOutDil": 150633000,
        "link": "https://www.sec.gov/Archives/edgar/data/36966/000095011706001090/0000950117-06-001090-index.htm",
        "finalLink": "https://www.sec.gov/Archives/edgar/data/36966/000095011706001090/a41409.htm"
    },
    {
        "date": "2005-09-30",
        "symbol": "FHN",
        "reportedCurrency": "USD",
        "cik": "0000036966",
        "fillingDate": "2005-11-09",
        "acceptedDate": "2005-11-09 14:48:31",
        "calendarYear": "2005",
        "period": "Q3",
        "revenue": 844038000,
        "costOfRevenue": 259886000,
        "grossProfit": 584152000,
        "grossProfitRatio": 0.6920920622,
        "researchAndDevelopmentExpenses": 0,
        "generalAndAdministrativeExpenses": 259583000,
        "sellingAndMarketingExpenses": 0,
        "sellingGeneralAndAdministrativeExpenses": 259583000,
        "otherExpenses": 166593000,
        "operatingExpenses": 426176000,
        "costAndExpenses": 686062000,
        "interestIncome": 497439000,
        "interestExpense": 237278000,
        "depreciationAndAmortization": 86490000,
        "ebitda": 244466000,
        "ebitdaratio": 0.2896386182,
        "operatingIncome": 157976000,
        "operatingIncomeRatio": 0.1871669285,
        "totalOtherIncomeExpensesNet": 0,
        "incomeBeforeTax": 157976000,
        "incomeBeforeTaxRatio": 0.1871669285,
        "incomeTaxExpense": 49862000,
        "netIncome": 112944000,
        "netIncomeRatio": 0.1338138804,
        "eps": 0.75,
        "epsdiluted": 0.72,
        "weightedAverageShsOut": 151052000,
        "weightedAverageShsOutDil": 155957000,
        "link": "https://www.sec.gov/Archives/edgar/data/36966/000117184305000338/0001171843-05-000338-index.htm",
        "finalLink": "https://www.sec.gov/Archives/edgar/data/36966/000117184305000338/f10q_10312005.htm"
    },
    {
        "date": "2005-06-30",
        "symbol": "FHN",
        "reportedCurrency": "USD",
        "cik": "0000036966",
        "fillingDate": "2005-08-05",
        "acceptedDate": "2005-08-05 17:24:40",
        "calendarYear": "2005",
        "period": "Q2",
        "revenue": 758498000,
        "costOfRevenue": 212563000,
        "grossProfit": 545935000,
        "grossProfitRatio": 0.7197579954,
        "researchAndDevelopmentExpenses": 0,
        "generalAndAdministrativeExpenses": 244123000,
        "sellingAndMarketingExpenses": 0,
        "sellingGeneralAndAdministrativeExpenses": 244123000,
        "otherExpenses": 162099000,
        "operatingExpenses": 406222000,
        "costAndExpenses": 618785000,
        "interestIncome": 438385000,
        "interestExpense": 196777000,
        "depreciationAndAmortization": 108458000,
        "ebitda": 248171000,
        "ebitdaratio": 0.3271874151,
        "operatingIncome": 139713000,
        "operatingIncomeRatio": 0.184196926,
        "totalOtherIncomeExpensesNet": 0,
        "incomeBeforeTax": 139713000,
        "incomeBeforeTaxRatio": 0.184196926,
        "incomeTaxExpense": 43567000,
        "netIncome": 100004000,
        "netIncomeRatio": 0.1318447774,
        "eps": 0.67,
        "epsdiluted": 0.64,
        "weightedAverageShsOut": 149981000,
        "weightedAverageShsOutDil": 155362000,
        "link": "https://www.sec.gov/Archives/edgar/data/36966/000117184305000239/0001171843-05-000239-index.htm",
        "finalLink": "https://www.sec.gov/Archives/edgar/data/36966/000117184305000239/f10q_08012005.htm"
    },
    {
        "date": "2005-03-31",
        "symbol": "FHN",
        "reportedCurrency": "USD",
        "cik": "0000036966",
        "fillingDate": "2005-05-10",
        "acceptedDate": "2005-05-09 18:23:41",
        "calendarYear": "2005",
        "period": "Q1",
        "revenue": 707754000,
        "costOfRevenue": 170538000,
        "grossProfit": 537216000,
        "grossProfitRatio": 0.7590433964,
        "researchAndDevelopmentExpenses": 0,
        "generalAndAdministrativeExpenses": 240297000,
        "sellingAndMarketingExpenses": 0,
        "sellingGeneralAndAdministrativeExpenses": 240297000,
        "otherExpenses": 144240000,
        "operatingExpenses": 384537000,
        "costAndExpenses": 555075000,
        "interestIncome": 384876000,
        "interestExpense": 157429000,
        "depreciationAndAmortization": 95011000,
        "ebitda": 247690000,
        "ebitdaratio": 0.3499662312,
        "operatingIncome": 152679000,
        "operatingIncomeRatio": 0.2157232598,
        "totalOtherIncomeExpensesNet": 0,
        "incomeBeforeTax": 152679000,
        "incomeBeforeTaxRatio": 0.2157232598,
        "incomeTaxExpense": 49864000,
        "netIncome": 105830000,
        "netIncomeRatio": 0.1495293562,
        "eps": 0.71,
        "epsdiluted": 0.69,
        "weightedAverageShsOut": 149707000,
        "weightedAverageShsOutDil": 153686000,
        "link": "https://www.sec.gov/Archives/edgar/data/36966/000117184305000166/0001171843-05-000166-index.htm",
        "finalLink": "https://www.sec.gov/Archives/edgar/data/36966/000117184305000166/f10q_04292005.htm"
    },
    {
        "date": "2004-12-31",
        "symbol": "FHN",
        "reportedCurrency": "USD",
        "cik": "0000036966",
        "fillingDate": "2005-03-14",
        "acceptedDate": "2005-03-14 16:27:51",
        "calendarYear": "2004",
        "period": "Q4",
        "revenue": 647940000,
        "costOfRevenue": 118126000,
        "grossProfit": 529814000,
        "grossProfitRatio": 0.8176899096,
        "researchAndDevelopmentExpenses": 0,
        "generalAndAdministrativeExpenses": 228206000,
        "sellingAndMarketingExpenses": 39961000,
        "sellingGeneralAndAdministrativeExpenses": 268167000,
        "otherExpenses": 114523000,
        "operatingExpenses": 382690000,
        "costAndExpenses": 500816000,
        "interestIncome": 334789000,
        "interestExpense": 106343000,
        "depreciationAndAmortization": 57337000,
        "ebitda": 204461000,
        "ebitdaratio": 0.3155554527,
        "operatingIncome": 147124000,
        "operatingIncomeRatio": 0.2270642343,
        "totalOtherIncomeExpensesNet": 0,
        "incomeBeforeTax": 147124000,
        "incomeBeforeTaxRatio": 0.2270642343,
        "incomeTaxExpense": 43971000,
        "netIncome": 103153000,
        "netIncomeRatio": 0.1592014693,
        "eps": 0.69,
        "epsdiluted": 0.69,
        "weightedAverageShsOut": 149302000,
        "weightedAverageShsOutDil": 149706000,
        "link": "https://www.sec.gov/Archives/edgar/data/36966/000095011705000949/0000950117-05-000949-index.htm",
        "finalLink": "https://www.sec.gov/Archives/edgar/data/36966/000095011705000949/a39355.txt"
    },
    {
        "date": "2004-09-30",
        "symbol": "FHN",
        "reportedCurrency": "USD",
        "cik": "0000036966",
        "fillingDate": "2004-11-05",
        "acceptedDate": "2004-11-05 13:58:10",
        "calendarYear": "2004",
        "period": "Q3",
        "revenue": 627797000,
        "costOfRevenue": 91977000,
        "grossProfit": 535820000,
        "grossProfitRatio": 0.8534924506,
        "researchAndDevelopmentExpenses": 0,
        "generalAndAdministrativeExpenses": 210089000,
        "sellingAndMarketingExpenses": 0,
        "sellingGeneralAndAdministrativeExpenses": 210089000,
        "otherExpenses": 155507000,
        "operatingExpenses": 365596000,
        "costAndExpenses": 457573000,
        "interestIncome": 300183000,
        "interestExpense": 81933000,
        "depreciationAndAmortization": 85464000,
        "ebitda": 255688000,
        "ebitdaratio": 0.4072781488,
        "operatingIncome": 170224000,
        "operatingIncomeRatio": 0.271144972,
        "totalOtherIncomeExpensesNet": 0,
        "incomeBeforeTax": 170224000,
        "incomeBeforeTaxRatio": 0.271144972,
        "incomeTaxExpense": 56623000,
        "netIncome": 113601000,
        "netIncomeRatio": 0.1809518045,
        "eps": 0.76,
        "epsdiluted": 0.74,
        "weightedAverageShsOut": 149185000,
        "weightedAverageShsOutDil": 153462000,
        "link": "https://www.sec.gov/Archives/edgar/data/36966/000117184304000325/0001171843-04-000325-index.htm",
        "finalLink": "https://www.sec.gov/Archives/edgar/data/36966/000117184304000325/f10q_10292004.htm"
    },
    {
        "date": "2004-06-30",
        "symbol": "FHN",
        "reportedCurrency": "USD",
        "cik": "0000036966",
        "fillingDate": "2004-08-06",
        "acceptedDate": "2004-08-06 16:48:28",
        "calendarYear": "2004",
        "period": "Q2",
        "revenue": 630114000,
        "costOfRevenue": 76501000,
        "grossProfit": 553613000,
        "grossProfitRatio": 0.8785918104,
        "researchAndDevelopmentExpenses": 0,
        "generalAndAdministrativeExpenses": 238402000,
        "sellingAndMarketingExpenses": 0,
        "sellingGeneralAndAdministrativeExpenses": 238402000,
        "otherExpenses": 145678000,
        "operatingExpenses": 384080000,
        "costAndExpenses": 460581000,
        "interestIncome": 277815000,
        "interestExpense": 64209000,
        "depreciationAndAmortization": 72232000,
        "ebitda": 241765000,
        "ebitdaratio": 0.3836845396,
        "operatingIncome": 169533000,
        "operatingIncomeRatio": 0.2690513145,
        "totalOtherIncomeExpensesNet": 0,
        "incomeBeforeTax": 169533000,
        "incomeBeforeTaxRatio": 0.2690513145,
        "incomeTaxExpense": 51149000,
        "netIncome": 118384000,
        "netIncomeRatio": 0.1878771143,
        "eps": 0.79,
        "epsdiluted": 0.77,
        "weightedAverageShsOut": 149720000,
        "weightedAverageShsOutDil": 154244000,
        "link": "https://www.sec.gov/Archives/edgar/data/36966/000115752304007474/0001157523-04-007474-index.htm",
        "finalLink": "https://www.sec.gov/Archives/edgar/data/36966/000115752304007474/d60245_10-q.htm"
    },
    {
        "date": "2004-03-31",
        "symbol": "FHN",
        "reportedCurrency": "USD",
        "cik": "0000036966",
        "fillingDate": "2004-05-07",
        "acceptedDate": "2004-05-07 15:12:51",
        "calendarYear": "2004",
        "period": "Q1",
        "revenue": 624140000,
        "costOfRevenue": 72235000,
        "grossProfit": 551905000,
        "grossProfitRatio": 0.8842647483,
        "researchAndDevelopmentExpenses": 0,
        "generalAndAdministrativeExpenses": 238250000,
        "sellingAndMarketingExpenses": 0,
        "sellingGeneralAndAdministrativeExpenses": 238250000,
        "otherExpenses": 133726000,
        "operatingExpenses": 371976000,
        "costAndExpenses": 444211000,
        "interestIncome": 254015000,
        "interestExpense": 58006000,
        "depreciationAndAmortization": 80734000,
        "ebitda": 260663000,
        "ebitdaratio": 0.4176354664,
        "operatingIncome": 179929000,
        "operatingIncomeRatio": 0.2882830775,
        "totalOtherIncomeExpensesNet": 0,
        "incomeBeforeTax": 179929000,
        "incomeBeforeTaxRatio": 0.2882830775,
        "incomeTaxExpense": 60658000,
        "netIncome": 119271000,
        "netIncomeRatio": 0.1910965489,
        "eps": 0.79,
        "epsdiluted": 0.77,
        "weightedAverageShsOut": 150689000,
        "weightedAverageShsOutDil": 155619000,
        "link": "https://www.sec.gov/Archives/edgar/data/36966/000117184304000116/0001171843-04-000116-index.htm",
        "finalLink": "https://www.sec.gov/Archives/edgar/data/36966/000117184304000116/f10q_043004.htm"
    },
    {
        "date": "2003-12-31",
        "symbol": "FHN",
        "reportedCurrency": "USD",
        "cik": "0000036966",
        "fillingDate": "2004-03-10",
        "acceptedDate": "2004-03-10 16:20:29",
        "calendarYear": "2003",
        "period": "Q4",
        "revenue": 304115000,
        "costOfRevenue": 72134000,
        "grossProfit": 231981000,
        "grossProfitRatio": 0.7628068329,
        "researchAndDevelopmentExpenses": 0,
        "generalAndAdministrativeExpenses": -49990000,
        "sellingAndMarketingExpenses": 0,
        "sellingGeneralAndAdministrativeExpenses": -49990000,
        "otherExpenses": 96367000,
        "operatingExpenses": 46377000,
        "costAndExpenses": 118511000,
        "interestIncome": 256374000,
        "interestExpense": 56742000,
        "depreciationAndAmortization": 61647000,
        "ebitda": 247251000,
        "ebitdaratio": 0.8130181017,
        "operatingIncome": 185604000,
        "operatingIncomeRatio": 0.6103086004,
        "totalOtherIncomeExpensesNet": 0,
        "incomeBeforeTax": 185604000,
        "incomeBeforeTaxRatio": 0.6103086004,
        "incomeTaxExpense": 67959000,
        "netIncome": 117645000,
        "netIncomeRatio": 0.3868437926,
        "eps": 0.78,
        "epsdiluted": 0.78,
        "weightedAverageShsOut": 150689000,
        "weightedAverageShsOutDil": 150689000,
        "link": "https://www.sec.gov/Archives/edgar/data/36966/000095011704000935/0000950117-04-000935-index.htm",
        "finalLink": "https://www.sec.gov/Archives/edgar/data/36966/000095011704000935/a37190.txt"
    },
    {
        "date": "2003-09-30",
        "symbol": "FHN",
        "reportedCurrency": "USD",
        "cik": "0000036966",
        "fillingDate": "2003-11-14",
        "acceptedDate": "2003-11-14 13:14:10",
        "calendarYear": "2003",
        "period": "Q3",
        "revenue": 669785000,
        "costOfRevenue": 79635000,
        "grossProfit": 590150000,
        "grossProfitRatio": 0.8811036377,
        "researchAndDevelopmentExpenses": 0,
        "generalAndAdministrativeExpenses": 235495000,
        "sellingAndMarketingExpenses": 0,
        "sellingGeneralAndAdministrativeExpenses": 235495000,
        "otherExpenses": 174439000,
        "operatingExpenses": 409934000,
        "costAndExpenses": 489569000,
        "interestIncome": 277436000,
        "interestExpense": 63280000,
        "depreciationAndAmortization": 153641000,
        "ebitda": 333857000,
        "ebitdaratio": 0.4984539815,
        "operatingIncome": 180216000,
        "operatingIncomeRatio": 0.2690654464,
        "totalOtherIncomeExpensesNet": 0,
        "incomeBeforeTax": 180216000,
        "incomeBeforeTaxRatio": 0.2690654464,
        "incomeTaxExpense": 61933000,
        "netIncome": 118283000,
        "netIncomeRatio": 0.1765984607,
        "eps": 0.77,
        "epsdiluted": 0.76,
        "weightedAverageShsOut": 152011000,
        "weightedAverageShsOutDil": 156761000,
        "link": "https://www.sec.gov/Archives/edgar/data/36966/000115752303006717/0001157523-03-006717-index.htm",
        "finalLink": "https://www.sec.gov/Archives/edgar/data/36966/000115752303006717/a4506410.htm"
    },
    {
        "date": "2003-06-30",
        "symbol": "FHN",
        "reportedCurrency": "USD",
        "cik": "0000036966",
        "fillingDate": "2003-08-12",
        "acceptedDate": "2003-08-11 19:18:15",
        "calendarYear": "2003",
        "period": "Q2",
        "revenue": 713453000,
        "costOfRevenue": 93549000,
        "grossProfit": 619904000,
        "grossProfitRatio": 0.8688785386,
        "researchAndDevelopmentExpenses": 0,
        "generalAndAdministrativeExpenses": 279306000,
        "sellingAndMarketingExpenses": 0,
        "sellingGeneralAndAdministrativeExpenses": 279306000,
        "otherExpenses": 169064000,
        "operatingExpenses": 448370000,
        "costAndExpenses": 541919000,
        "interestIncome": 266954000,
        "interestExpense": 66048000,
        "depreciationAndAmortization": 109092000,
        "ebitda": 280626000,
        "ebitdaratio": 0.3933349499,
        "operatingIncome": 171534000,
        "operatingIncomeRatio": 0.2404278908,
        "totalOtherIncomeExpensesNet": 0,
        "incomeBeforeTax": 171534000,
        "incomeBeforeTaxRatio": 0.2404278908,
        "incomeTaxExpense": 53182000,
        "netIncome": 118352000,
        "netIncomeRatio": 0.1658861901,
        "eps": 0.77,
        "epsdiluted": 0.75,
        "weightedAverageShsOut": 152640000,
        "weightedAverageShsOutDil": 158286000,
        "link": "https://www.sec.gov/Archives/edgar/data/36966/000115752303004073/0001157523-03-004073-index.htm",
        "finalLink": "https://www.sec.gov/Archives/edgar/data/36966/000115752303004073/a4447741_10q.htm"
    },
    {
        "date": "2003-03-31",
        "symbol": "FHN",
        "reportedCurrency": "USD",
        "cik": "0000036966",
        "fillingDate": "2003-05-12",
        "acceptedDate": "2003-05-12 16:32:48",
        "calendarYear": "2003",
        "period": "Q1",
        "revenue": 773089000,
        "costOfRevenue": 88966000,
        "grossProfit": 684123000,
        "grossProfitRatio": 0.8849213997,
        "researchAndDevelopmentExpenses": 0,
        "generalAndAdministrativeExpenses": 318982000,
        "sellingAndMarketingExpenses": 0,
        "sellingGeneralAndAdministrativeExpenses": 318982000,
        "otherExpenses": 183497000,
        "operatingExpenses": 502479000,
        "costAndExpenses": 591445000,
        "interestIncome": 254939000,
        "interestExpense": 61516000,
        "depreciationAndAmortization": 100851000,
        "ebitda": 282495000,
        "ebitdaratio": 0.3654107095,
        "operatingIncome": 181644000,
        "operatingIncomeRatio": 0.2349587176,
        "totalOtherIncomeExpensesNet": 0,
        "incomeBeforeTax": 181644000,
        "incomeBeforeTaxRatio": 0.2349587176,
        "incomeTaxExpense": 62615000,
        "netIncome": 119029000,
        "netIncomeRatio": 0.1539654555,
        "eps": 0.78,
        "epsdiluted": 0.76,
        "weightedAverageShsOut": 152164000,
        "weightedAverageShsOutDil": 157010000,
        "link": "https://www.sec.gov/Archives/edgar/data/36966/000115752303001825/0001157523-03-001825-index.htm",
        "finalLink": "https://www.sec.gov/Archives/edgar/data/36966/000115752303001825/d55475_10-q.htm"
    },
    {
        "date": "2002-12-31",
        "symbol": "FHN",
        "reportedCurrency": "USD",
        "cik": "0000036966",
        "fillingDate": "2003-03-19",
        "acceptedDate": "2003-03-19 14:36:29",
        "calendarYear": "2002",
        "period": "Q4",
        "revenue": 759443000,
        "costOfRevenue": 92384000,
        "grossProfit": 667059000,
        "grossProfitRatio": 0.8783529508,
        "researchAndDevelopmentExpenses": 0,
        "generalAndAdministrativeExpenses": 300344000,
        "sellingAndMarketingExpenses": 0,
        "sellingGeneralAndAdministrativeExpenses": 300344000,
        "otherExpenses": 214234000,
        "operatingExpenses": 514578000,
        "costAndExpenses": 606962000,
        "interestIncome": 271836000,
        "interestExpense": 69483000,
        "depreciationAndAmortization": 104801000,
        "ebitda": 257282000,
        "ebitdaratio": 0.3387772354,
        "operatingIncome": 152481000,
        "operatingIncomeRatio": 0.2007800454,
        "totalOtherIncomeExpensesNet": 0,
        "incomeBeforeTax": 152481000,
        "incomeBeforeTaxRatio": 0.2007800454,
        "incomeTaxExpense": 49147000,
        "netIncome": 103334000,
        "netIncomeRatio": 0.1360655112,
        "eps": 0.68,
        "epsdiluted": 0.68,
        "weightedAverageShsOut": 152078000,
        "weightedAverageShsOutDil": 152164000,
        "link": "https://www.sec.gov/Archives/edgar/data/36966/000095014403003353/0000950144-03-003353-index.htm",
        "finalLink": "https://www.sec.gov/Archives/edgar/data/36966/000095014403003353/g81115e10vk.htm"
    },
    {
        "date": "2002-09-30",
        "symbol": "FHN",
        "reportedCurrency": "USD",
        "cik": "0000036966",
        "fillingDate": "2002-11-12",
        "acceptedDate": "2002-11-12 17:04:39",
        "calendarYear": "2002",
        "period": "Q3",
        "revenue": 652522000,
        "costOfRevenue": 92383000,
        "grossProfit": 560139000,
        "grossProfitRatio": 0.8584216318,
        "researchAndDevelopmentExpenses": 0,
        "generalAndAdministrativeExpenses": 258061000,
        "sellingAndMarketingExpenses": 0,
        "sellingGeneralAndAdministrativeExpenses": 258061000,
        "otherExpenses": 163050000,
        "operatingExpenses": 421111000,
        "costAndExpenses": 513494000,
        "interestIncome": 260577000,
        "interestExpense": 71936000,
        "depreciationAndAmortization": 92512000,
        "ebitda": 231540000,
        "ebitdaratio": 0.3548386108,
        "operatingIncome": 139028000,
        "operatingIncomeRatio": 0.2130625481,
        "totalOtherIncomeExpensesNet": 0,
        "incomeBeforeTax": 139028000,
        "incomeBeforeTaxRatio": 0.2130625481,
        "incomeTaxExpense": 43457000,
        "netIncome": 95571000,
        "netIncomeRatio": 0.1464640273,
        "eps": 0.62,
        "epsdiluted": 0.61,
        "weightedAverageShsOut": 152085000,
        "weightedAverageShsOutDil": 156320000,
        "link": "https://www.sec.gov/Archives/edgar/data/36966/000095014402011545/0000950144-02-011545-index.htm",
        "finalLink": "https://www.sec.gov/Archives/edgar/data/36966/000095014402011545/g79009e10vq.htm"
    },
    {
        "date": "2002-06-30",
        "symbol": "FHN",
        "reportedCurrency": "USD",
        "cik": "0000036966",
        "fillingDate": "2002-08-12",
        "acceptedDate": "2002-08-12 11:12:11",
        "calendarYear": "2002",
        "period": "Q2",
        "revenue": 585281000,
        "costOfRevenue": 94642000,
        "grossProfit": 490639000,
        "grossProfitRatio": 0.8382964764,
        "researchAndDevelopmentExpenses": 0,
        "generalAndAdministrativeExpenses": 222558000,
        "sellingAndMarketingExpenses": 0,
        "sellingGeneralAndAdministrativeExpenses": 222558000,
        "otherExpenses": 132217000,
        "operatingExpenses": 354775000,
        "costAndExpenses": 449417000,
        "interestIncome": 248700000,
        "interestExpense": 71534000,
        "depreciationAndAmortization": 75666000,
        "ebitda": 211530000,
        "ebitdaratio": 0.3614161403,
        "operatingIncome": 135864000,
        "operatingIncomeRatio": 0.2321346499,
        "totalOtherIncomeExpensesNet": 0,
        "incomeBeforeTax": 135864000,
        "incomeBeforeTaxRatio": 0.2321346499,
        "incomeTaxExpense": 45399000,
        "netIncome": 90465000,
        "netIncomeRatio": 0.1545667807,
        "eps": 0.59,
        "epsdiluted": 0.57,
        "weightedAverageShsOut": 152064000,
        "weightedAverageShsOutDil": 157379000,
        "link": "https://www.sec.gov/Archives/edgar/data/36966/000095014402008218/0000950144-02-008218-index.htm",
        "finalLink": "https://www.sec.gov/Archives/edgar/data/36966/000095014402008218/g77606e10vq.htm"
    },
    {
        "date": "2002-03-31",
        "symbol": "FHN",
        "reportedCurrency": "USD",
        "cik": "0000036966",
        "fillingDate": "2002-05-13",
        "acceptedDate": "2002-05-13 14:17:47",
        "calendarYear": "2002",
        "period": "Q1",
        "revenue": 582912000,
        "costOfRevenue": 99356000,
        "grossProfit": 483556000,
        "grossProfitRatio": 0.8295523166,
        "researchAndDevelopmentExpenses": 0,
        "generalAndAdministrativeExpenses": 217599000,
        "sellingAndMarketingExpenses": 0,
        "sellingGeneralAndAdministrativeExpenses": 217599000,
        "otherExpenses": 135271000,
        "operatingExpenses": 352870000,
        "costAndExpenses": 452226000,
        "interestIncome": 257980000,
        "interestExpense": 73628000,
        "depreciationAndAmortization": 80693000,
        "ebitda": 211379000,
        "ebitdaratio": 0.3626259195,
        "operatingIncome": 130686000,
        "operatingIncomeRatio": 0.2241950758,
        "totalOtherIncomeExpensesNet": 0,
        "incomeBeforeTax": 130686000,
        "incomeBeforeTaxRatio": 0.2241950758,
        "incomeTaxExpense": 43605000,
        "netIncome": 87081000,
        "netIncomeRatio": 0.1493896163,
        "eps": 0.57,
        "epsdiluted": 0.56,
        "weightedAverageShsOut": 152189000,
        "weightedAverageShsOutDil": 156445000,
        "link": "https://www.sec.gov/Archives/edgar/data/36966/000095014402005193/0000950144-02-005193-index.htm",
        "finalLink": "https://www.sec.gov/Archives/edgar/data/36966/000095014402005193/g76098e10-q.htm"
    },
    {
        "date": "2001-12-31",
        "symbol": "FHN",
        "reportedCurrency": "USD",
        "cik": "0000036966",
        "fillingDate": "2001-12-31",
        "acceptedDate": "2001-12-31 00:00:00",
        "calendarYear": "2001",
        "period": "Q4",
        "revenue": 463298000,
        "costOfRevenue": 121571000,
        "grossProfit": 341727000,
        "grossProfitRatio": 0.7375965361,
        "researchAndDevelopmentExpenses": 0,
        "generalAndAdministrativeExpenses": 228876000,
        "sellingAndMarketingExpenses": 59635000,
        "sellingGeneralAndAdministrativeExpenses": 288511000,
        "otherExpenses": -76784000,
        "operatingExpenses": 211727000,
        "costAndExpenses": 333298000,
        "interestIncome": 282432000,
        "interestExpense": 87281000,
        "depreciationAndAmortization": 76058000,
        "ebitda": 206058000,
        "ebitdaratio": 0.4447634136,
        "operatingIncome": 130000000,
        "operatingIncomeRatio": 0.2805969376,
        "totalOtherIncomeExpensesNet": 0,
        "incomeBeforeTax": 130000000,
        "incomeBeforeTaxRatio": 0.2805969376,
        "incomeTaxExpense": 40793000,
        "netIncome": 89207000,
        "netIncomeRatio": 0.192547777,
        "eps": 0.59,
        "epsdiluted": 0.59,
        "weightedAverageShsOut": 152185000,
        "weightedAverageShsOutDil": 152189000,
        "link": null,
        "finalLink": null
    },
    {
        "date": "2001-09-30",
        "symbol": "FHN",
        "reportedCurrency": "USD",
        "cik": "0000036966",
        "fillingDate": "2001-11-13",
        "acceptedDate": "2001-11-13 00:00:00",
        "calendarYear": "2001",
        "period": "Q3",
        "revenue": 664507000,
        "costOfRevenue": 138019000,
        "grossProfit": 526488000,
        "grossProfitRatio": 0.7922986515,
        "researchAndDevelopmentExpenses": 0,
        "generalAndAdministrativeExpenses": 199911000,
        "sellingAndMarketingExpenses": 0,
        "sellingGeneralAndAdministrativeExpenses": 199911000,
        "otherExpenses": 195328000,
        "operatingExpenses": 395239000,
        "costAndExpenses": 533258000,
        "interestIncome": 288180000,
        "interestExpense": 115241000,
        "depreciationAndAmortization": 100939000,
        "ebitda": 232188000,
        "ebitdaratio": 0.3494139264,
        "operatingIncome": 131249000,
        "operatingIncomeRatio": 0.1975133445,
        "totalOtherIncomeExpensesNet": 0,
        "incomeBeforeTax": 131249000,
        "incomeBeforeTaxRatio": 0.1975133445,
        "incomeTaxExpense": 42240000,
        "netIncome": 89009000,
        "netIncomeRatio": 0.1339474227,
        "eps": 0.58,
        "epsdiluted": 0.57,
        "weightedAverageShsOut": 152635000,
        "weightedAverageShsOutDil": 157123000,
        "link": "https://www.sec.gov/Archives/edgar/data/36966/000095014401508929/0000950144-01-508929-index.htm",
        "finalLink": "https://www.sec.gov/Archives/edgar/data/36966/000095014401508929/g72558e10-q.txt"
    },
    {
        "date": "2001-06-30",
        "symbol": "FHN",
        "reportedCurrency": "USD",
        "cik": "0000036966",
        "fillingDate": "2001-08-10",
        "acceptedDate": "2001-08-10 00:00:00",
        "calendarYear": "2001",
        "period": "Q2",
        "revenue": 693107000,
        "costOfRevenue": 157674000,
        "grossProfit": 535433000,
        "grossProfitRatio": 0.772511315,
        "researchAndDevelopmentExpenses": 0,
        "generalAndAdministrativeExpenses": 190400000,
        "sellingAndMarketingExpenses": 0,
        "sellingGeneralAndAdministrativeExpenses": 190400000,
        "otherExpenses": 210594000,
        "operatingExpenses": 400994000,
        "costAndExpenses": 558668000,
        "interestIncome": 307106000,
        "interestExpense": 140238000,
        "depreciationAndAmortization": 77990000,
        "ebitda": 212429000,
        "ebitdaratio": 0.3064880314,
        "operatingIncome": 134439000,
        "operatingIncomeRatio": 0.1939657225,
        "totalOtherIncomeExpensesNet": 0,
        "incomeBeforeTax": 134439000,
        "incomeBeforeTaxRatio": 0.1939657225,
        "incomeTaxExpense": 48650000,
        "netIncome": 85789000,
        "netIncomeRatio": 0.1237745399,
        "eps": 0.56,
        "epsdiluted": 0.54,
        "weightedAverageShsOut": 153515000,
        "weightedAverageShsOutDil": 158429000,
        "link": "https://www.sec.gov/Archives/edgar/data/36966/000095014401505448/0000950144-01-505448-index.htm",
        "finalLink": "https://www.sec.gov/Archives/edgar/data/36966/000095014401505448/g70959e10-q.txt"
    },
    {
        "date": "2001-03-31",
        "symbol": "FHN",
        "reportedCurrency": "USD",
        "cik": "0000036966",
        "fillingDate": "2002-03-25",
        "acceptedDate": "2002-03-25 00:00:00",
        "calendarYear": "2001",
        "period": "Q1",
        "revenue": 643252000,
        "costOfRevenue": 188825000,
        "grossProfit": 454427000,
        "grossProfitRatio": 0.7064525256,
        "researchAndDevelopmentExpenses": 0,
        "generalAndAdministrativeExpenses": 178654000,
        "sellingAndMarketingExpenses": 0,
        "sellingGeneralAndAdministrativeExpenses": 178654000,
        "otherExpenses": 181016000,
        "operatingExpenses": 359670000,
        "costAndExpenses": 548495000,
        "interestIncome": 321153000,
        "interestExpense": 169836000,
        "depreciationAndAmortization": 51979000,
        "ebitda": 146736000,
        "ebitdaratio": 0.2281158862,
        "operatingIncome": 94757000,
        "operatingIncomeRatio": 0.1473092971,
        "totalOtherIncomeExpensesNet": 0,
        "incomeBeforeTax": 94757000,
        "incomeBeforeTaxRatio": 0.1473092971,
        "incomeTaxExpense": 32385000,
        "netIncome": 54204000,
        "netIncomeRatio": 0.0842655755,
        "eps": 0.35,
        "epsdiluted": 0.34,
        "weightedAverageShsOut": 155214000,
        "weightedAverageShsOutDil": 158695000,
        "link": "https://www.sec.gov/Archives/edgar/data/36966/000095014402002671/0000950144-02-002671-index.htm",
        "finalLink": "https://www.sec.gov/Archives/edgar/data/36966/000095014402002671/g74861e10-k405.txt"
    },
    {
        "date": "2000-12-31",
        "symbol": "FHN",
        "reportedCurrency": "USD",
        "cik": "0000036966",
        "fillingDate": "2001-03-28",
        "acceptedDate": "2001-03-28 00:00:00",
        "calendarYear": "2000",
        "period": "Q4",
        "revenue": 676041000,
        "costOfRevenue": 214380000,
        "grossProfit": 461661000,
        "grossProfitRatio": 0.6828890555,
        "researchAndDevelopmentExpenses": 0,
        "generalAndAdministrativeExpenses": 155517000,
        "sellingAndMarketingExpenses": 26693000,
        "sellingGeneralAndAdministrativeExpenses": 182210000,
        "otherExpenses": 170438000,
        "operatingExpenses": 352648000,
        "costAndExpenses": 567028000,
        "interestIncome": 347046000,
        "interestExpense": 196194000,
        "depreciationAndAmortization": 50569000,
        "ebitda": 159582000,
        "ebitdaratio": 0.2360537305,
        "operatingIncome": 109013000,
        "operatingIncomeRatio": 0.1612520542,
        "totalOtherIncomeExpensesNet": 0,
        "incomeBeforeTax": 109013000,
        "incomeBeforeTaxRatio": 0.1612520542,
        "incomeTaxExpense": 37325000,
        "netIncome": 71688000,
        "netIncomeRatio": 0.1060409058,
        "eps": 0.46,
        "epsdiluted": 0.46,
        "weightedAverageShsOut": 154808000,
        "weightedAverageShsOutDil": 155214000,
        "link": "https://www.sec.gov/Archives/edgar/data/36966/000095014401004077/0000950144-01-004077-index.htm",
        "finalLink": "https://www.sec.gov/Archives/edgar/data/36966/000095014401004077/g67684e10-k.txt"
    },
    {
        "date": "2000-09-30",
        "symbol": "FHN",
        "reportedCurrency": "USD",
        "cik": "0000036966",
        "fillingDate": "2000-11-13",
        "acceptedDate": "2000-11-13 00:00:00",
        "calendarYear": "2000",
        "period": "Q3",
        "revenue": 613784000,
        "costOfRevenue": 219026000,
        "grossProfit": 394758000,
        "grossProfitRatio": 0.6431545951,
        "researchAndDevelopmentExpenses": 0,
        "generalAndAdministrativeExpenses": 156305000,
        "sellingAndMarketingExpenses": 0,
        "sellingGeneralAndAdministrativeExpenses": 156305000,
        "otherExpenses": 153931000,
        "operatingExpenses": 310236000,
        "costAndExpenses": 529262000,
        "interestIncome": 352582000,
        "interestExpense": 202433000,
        "depreciationAndAmortization": 48060000,
        "ebitda": 132582000,
        "ebitdaratio": 0.2160075857,
        "operatingIncome": 84522000,
        "operatingIncomeRatio": 0.1377064244,
        "totalOtherIncomeExpensesNet": 0,
        "incomeBeforeTax": 84522000,
        "incomeBeforeTaxRatio": 0.1377064244,
        "incomeTaxExpense": 18575000,
        "netIncome": 65947000,
        "netIncomeRatio": 0.1074433351,
        "eps": 0.42,
        "epsdiluted": 0.42,
        "weightedAverageShsOut": 155441000,
        "weightedAverageShsOutDil": 158322000,
        "link": "https://www.sec.gov/Archives/edgar/data/36966/000095014400013525/0000950144-00-013525-index.htm",
        "finalLink": "https://www.sec.gov/Archives/edgar/data/36966/000095014400013525/g65148e10-q.txt"
    },
    {
        "date": "2000-06-30",
        "symbol": "FHN",
        "reportedCurrency": "USD",
        "cik": "0000036966",
        "fillingDate": "2000-08-11",
        "acceptedDate": "2000-08-11 00:00:00",
        "calendarYear": "2000",
        "period": "Q2",
        "revenue": 594945000,
        "costOfRevenue": 209340000,
        "grossProfit": 385605000,
        "grossProfitRatio": 0.6481355419,
        "researchAndDevelopmentExpenses": 0,
        "generalAndAdministrativeExpenses": 146201000,
        "sellingAndMarketingExpenses": 0,
        "sellingGeneralAndAdministrativeExpenses": 146201000,
        "otherExpenses": 155452000,
        "operatingExpenses": 301653000,
        "costAndExpenses": 510993000,
        "interestIncome": 344119000,
        "interestExpense": 192263000,
        "depreciationAndAmortization": 45607000,
        "ebitda": 129559000,
        "ebitdaratio": 0.2177663481,
        "operatingIncome": 83952000,
        "operatingIncomeRatio": 0.141108842,
        "totalOtherIncomeExpensesNet": 0,
        "incomeBeforeTax": 83952000,
        "incomeBeforeTaxRatio": 0.141108842,
        "incomeTaxExpense": 28529000,
        "netIncome": 55423000,
        "netIncomeRatio": 0.0931565103,
        "eps": 0.35,
        "epsdiluted": 0.35,
        "weightedAverageShsOut": 156783000,
        "weightedAverageShsOutDil": 156783000,
        "link": "https://www.sec.gov/Archives/edgar/data/36966/000095014400009945/0000950144-00-009945-index.htm",
        "finalLink": "https://www.sec.gov/Archives/edgar/data/36966/000095014400009945/e10-q.txt"
    },
    {
        "date": "2000-03-31",
        "symbol": "FHN",
        "reportedCurrency": "USD",
        "cik": "0000036966",
        "fillingDate": "2000-05-12",
        "acceptedDate": "2000-05-12 00:00:00",
        "calendarYear": "2000",
        "period": "Q1",
        "revenue": 541696000,
        "costOfRevenue": 189302000,
        "grossProfit": 352394000,
        "grossProfitRatio": 0.6505383093,
        "researchAndDevelopmentExpenses": 0,
        "generalAndAdministrativeExpenses": 139994000,
        "sellingAndMarketingExpenses": 0,
        "sellingGeneralAndAdministrativeExpenses": 139994000,
        "otherExpenses": 152885000,
        "operatingExpenses": 292879000,
        "costAndExpenses": 482181000,
        "interestIncome": 319299000,
        "interestExpense": 173805000,
        "depreciationAndAmortization": 47294000,
        "ebitda": 106809000,
        "ebitdaratio": 0.1971751684,
        "operatingIncome": 59515000,
        "operatingIncomeRatio": 0.1098678964,
        "totalOtherIncomeExpensesNet": 0,
        "incomeBeforeTax": 59515000,
        "incomeBeforeTaxRatio": 0.1098678964,
        "incomeTaxExpense": 19992000,
        "netIncome": 39523000,
        "netIncomeRatio": 0.0729615873,
        "eps": 0.25,
        "epsdiluted": 0.25,
        "weightedAverageShsOut": 155948000,
        "weightedAverageShsOutDil": 156522000,
        "link": "https://www.sec.gov/Archives/edgar/data/36966/000095014400006439/0000950144-00-006439-index.html",
        "finalLink": "https://www.sec.gov/Archives/edgar/data/36966/000095014400006439/0000950144-00-006439.txt"
    },
    {
        "date": "1999-12-31",
        "symbol": "FHN",
        "reportedCurrency": "USD",
        "cik": "0000036966",
        "fillingDate": "2000-03-24",
        "acceptedDate": "2000-03-24 00:00:00",
        "calendarYear": "1999",
        "period": "Q4",
        "revenue": 566500000,
        "costOfRevenue": 176900000,
        "grossProfit": 389600000,
        "grossProfitRatio": 0.6877316858,
        "researchAndDevelopmentExpenses": 0,
        "generalAndAdministrativeExpenses": 143100000,
        "sellingAndMarketingExpenses": 6900000,
        "sellingGeneralAndAdministrativeExpenses": 150000000,
        "otherExpenses": 143300000,
        "operatingExpenses": 293300000,
        "costAndExpenses": 470200000,
        "interestIncome": 310500000,
        "interestExpense": 162900000,
        "depreciationAndAmortization": -4600000,
        "ebitda": 91700000,
        "ebitdaratio": 0.1618711386,
        "operatingIncome": 96300000,
        "operatingIncomeRatio": 0.1699911739,
        "totalOtherIncomeExpensesNet": 0,
        "incomeBeforeTax": 96300000,
        "incomeBeforeTaxRatio": 0.1699911739,
        "incomeTaxExpense": 32200000,
        "netIncome": 64100000,
        "netIncomeRatio": 0.1131509267,
        "eps": 0.41,
        "epsdiluted": 0.41,
        "weightedAverageShsOut": 156522000,
        "weightedAverageShsOutDil": 156522000,
        "link": "https://www.sec.gov/Archives/edgar/data/36966/000095014400003638/0000950144-00-003638-index.htm",
        "finalLink": "https://www.sec.gov/Archives/edgar/data/36966/000095014400003638/"
    },
    {
        "date": "1999-09-30",
        "symbol": "FHN",
        "reportedCurrency": "USD",
        "cik": "0000036966",
        "fillingDate": "1999-11-12",
        "acceptedDate": "1999-11-12 00:00:00",
        "calendarYear": "1999",
        "period": "Q3",
        "revenue": 589500000,
        "costOfRevenue": 170000000,
        "grossProfit": 419500000,
        "grossProfitRatio": 0.711620017,
        "researchAndDevelopmentExpenses": 0,
        "generalAndAdministrativeExpenses": 154200000,
        "sellingAndMarketingExpenses": 6700000,
        "sellingGeneralAndAdministrativeExpenses": 160900000,
        "otherExpenses": 153500000,
        "operatingExpenses": 314400000,
        "costAndExpenses": 484400000,
        "interestIncome": 303200000,
        "interestExpense": 155900000,
        "depreciationAndAmortization": 54000000,
        "ebitda": 159100000,
        "ebitdaratio": 0.2698897371,
        "operatingIncome": 105100000,
        "operatingIncomeRatio": 0.1782866836,
        "totalOtherIncomeExpensesNet": 0,
        "incomeBeforeTax": 105100000,
        "incomeBeforeTaxRatio": 0.1782866836,
        "incomeTaxExpense": 35700000,
        "netIncome": 69400000,
        "netIncomeRatio": 0.1177268872,
        "eps": 0.44,
        "epsdiluted": 0.43,
        "weightedAverageShsOut": 157181000,
        "weightedAverageShsOutDil": 160203000,
        "link": "https://www.sec.gov/Archives/edgar/data/36966/000095014499012945/0000950144-99-012945-index.html",
        "finalLink": "https://www.sec.gov/Archives/edgar/data/36966/000095014499012945/0000950144-99-012945.txt"
    },
    {
        "date": "1999-06-30",
        "symbol": "FHN",
        "reportedCurrency": "USD",
        "cik": "0000036966",
        "fillingDate": "1999-08-13",
        "acceptedDate": "1999-08-13 00:00:00",
        "calendarYear": "1999",
        "period": "Q2",
        "revenue": 587421000,
        "costOfRevenue": 161800000,
        "grossProfit": 425621000,
        "grossProfitRatio": 0.7245587066,
        "researchAndDevelopmentExpenses": 0,
        "generalAndAdministrativeExpenses": 162400000,
        "sellingAndMarketingExpenses": 10200000,
        "sellingGeneralAndAdministrativeExpenses": 172600000,
        "otherExpenses": 158121000,
        "operatingExpenses": 330721000,
        "costAndExpenses": 492521000,
        "interestIncome": 293200000,
        "interestExpense": 146800000,
        "depreciationAndAmortization": 61400000,
        "ebitda": 156300000,
        "ebitdaratio": 0.2660783322,
        "operatingIncome": 94900000,
        "operatingIncomeRatio": 0.1615536387,
        "totalOtherIncomeExpensesNet": 0,
        "incomeBeforeTax": 94900000,
        "incomeBeforeTaxRatio": 0.1615536387,
        "incomeTaxExpense": 33900000,
        "netIncome": 61000000,
        "netIncomeRatio": 0.1038437509,
        "eps": 0.39,
        "epsdiluted": 0.37,
        "weightedAverageShsOut": 155793000,
        "weightedAverageShsOutDil": 162717000,
        "link": "https://www.sec.gov/Archives/edgar/data/36966/000095014499010120/0000950144-99-010120-index.html",
        "finalLink": "https://www.sec.gov/Archives/edgar/data/36966/000095014499010120/0000950144-99-010120.txt"
    },
    {
        "date": "1999-03-31",
        "symbol": "FHN",
        "reportedCurrency": "USD",
        "cik": "0000036966",
        "fillingDate": "1999-05-14",
        "acceptedDate": "1999-05-14 00:00:00",
        "calendarYear": "1999",
        "period": "Q1",
        "revenue": 586863000,
        "costOfRevenue": 166900000,
        "grossProfit": 419963000,
        "grossProfitRatio": 0.7156065385,
        "researchAndDevelopmentExpenses": 0,
        "generalAndAdministrativeExpenses": 173900000,
        "sellingAndMarketingExpenses": 6400000,
        "sellingGeneralAndAdministrativeExpenses": 180300000,
        "otherExpenses": 156563000,
        "operatingExpenses": 336863000,
        "costAndExpenses": 503763000,
        "interestIncome": 300300000,
        "interestExpense": 152100000,
        "depreciationAndAmortization": 56900000,
        "ebitda": 140000000,
        "ebitdaratio": 0.2385565285,
        "operatingIncome": 83100000,
        "operatingIncomeRatio": 0.1416003394,
        "totalOtherIncomeExpensesNet": 0,
        "incomeBeforeTax": 83100000,
        "incomeBeforeTaxRatio": 0.1416003394,
        "incomeTaxExpense": 30100000,
        "netIncome": 53000000,
        "netIncomeRatio": 0.0903106858,
        "eps": 0.34,
        "epsdiluted": 0.33,
        "weightedAverageShsOut": 155170000,
        "weightedAverageShsOutDil": 159049000,
        "link": "https://www.sec.gov/Archives/edgar/data/36966/000095014499005935/0000950144-99-005935-index.html",
        "finalLink": "https://www.sec.gov/Archives/edgar/data/36966/0000950144-99-005935.txt"
    },
    {
        "date": "1998-12-31",
        "symbol": "FHN",
        "reportedCurrency": "USD",
        "cik": "0000036966",
        "fillingDate": "1999-03-23",
        "acceptedDate": "1999-03-23 00:00:00",
        "calendarYear": "1998",
        "period": "Q4",
        "revenue": 620100000,
        "costOfRevenue": 177900000,
        "grossProfit": 442200000,
        "grossProfitRatio": 0.7131107886,
        "researchAndDevelopmentExpenses": 0,
        "generalAndAdministrativeExpenses": 172100000,
        "sellingAndMarketingExpenses": 6600000,
        "sellingGeneralAndAdministrativeExpenses": 178700000,
        "otherExpenses": 161000000,
        "operatingExpenses": 339700000,
        "costAndExpenses": 517600000,
        "interestIncome": 312400000,
        "interestExpense": 165900000,
        "depreciationAndAmortization": 46200000,
        "ebitda": 148700000,
        "ebitdaratio": 0.2398000323,
        "operatingIncome": 102500000,
        "operatingIncomeRatio": 0.16529592,
        "totalOtherIncomeExpensesNet": 0,
        "incomeBeforeTax": 102500000,
        "incomeBeforeTaxRatio": 0.16529592,
        "incomeTaxExpense": 37000000,
        "netIncome": 65500000,
        "netIncomeRatio": 0.1056281245,
        "eps": 0.42,
        "epsdiluted": 0.42,
        "weightedAverageShsOut": 155170000,
        "weightedAverageShsOutDil": 155170000,
        "link": "https://www.sec.gov/Archives/edgar/data/36966/000095014499003029/0000950144-99-003029-index.html",
        "finalLink": "https://www.sec.gov/Archives/edgar/data/36966/0000950144-99-003029.txt"
    },
    {
        "date": "1998-09-30",
        "symbol": "FHN",
        "reportedCurrency": "USD",
        "cik": "0000036966",
        "fillingDate": "1998-11-12",
        "acceptedDate": "1998-11-12 00:00:00",
        "calendarYear": "1998",
        "period": "Q3",
        "revenue": 556200000,
        "costOfRevenue": 166700000,
        "grossProfit": 389500000,
        "grossProfitRatio": 0.7002876663,
        "researchAndDevelopmentExpenses": 0,
        "generalAndAdministrativeExpenses": 145000000,
        "sellingAndMarketingExpenses": 7400000,
        "sellingGeneralAndAdministrativeExpenses": 152400000,
        "otherExpenses": 140400000,
        "operatingExpenses": 292800000,
        "costAndExpenses": 459500000,
        "interestIncome": 288300000,
        "interestExpense": 153600000,
        "depreciationAndAmortization": 45500000,
        "ebitda": 142200000,
        "ebitdaratio": 0.2556634304,
        "operatingIncome": 96700000,
        "operatingIncomeRatio": 0.1738583243,
        "totalOtherIncomeExpensesNet": 0,
        "incomeBeforeTax": 96700000,
        "incomeBeforeTaxRatio": 0.1738583243,
        "incomeTaxExpense": 34900000,
        "netIncome": 61800000,
        "netIncomeRatio": 0.1111111111,
        "eps": 0.4,
        "epsdiluted": 0.39,
        "weightedAverageShsOut": 154548000,
        "weightedAverageShsOutDil": 157836000,
        "link": "https://www.sec.gov/Archives/edgar/data/36966/000095014498012457/0000950144-98-012457-index.html",
        "finalLink": "https://www.sec.gov/Archives/edgar/data/36966/0000950144-98-012457.txt"
    },
    {
        "date": "1998-06-30",
        "symbol": "FHN",
        "reportedCurrency": "USD",
        "cik": "0000036966",
        "fillingDate": "1998-08-13",
        "acceptedDate": "1998-08-13 00:00:00",
        "calendarYear": "1998",
        "period": "Q2",
        "revenue": 496000000,
        "costOfRevenue": 156700000,
        "grossProfit": 339300000,
        "grossProfitRatio": 0.6840725806,
        "researchAndDevelopmentExpenses": 0,
        "generalAndAdministrativeExpenses": 132800000,
        "sellingAndMarketingExpenses": 5500000,
        "sellingGeneralAndAdministrativeExpenses": 138300000,
        "otherExpenses": 120100000,
        "operatingExpenses": 258400000,
        "costAndExpenses": 415100000,
        "interestIncome": 276100000,
        "interestExpense": 143900000,
        "depreciationAndAmortization": 39700000,
        "ebitda": 120600000,
        "ebitdaratio": 0.2431451613,
        "operatingIncome": 80900000,
        "operatingIncomeRatio": 0.1631048387,
        "totalOtherIncomeExpensesNet": 0,
        "incomeBeforeTax": 80900000,
        "incomeBeforeTaxRatio": 0.1631048387,
        "incomeTaxExpense": 28200000,
        "netIncome": 52700000,
        "netIncomeRatio": 0.10625,
        "eps": 0.34,
        "epsdiluted": 0.33,
        "weightedAverageShsOut": 154291000,
        "weightedAverageShsOutDil": 158149000,
        "link": "https://www.sec.gov/Archives/edgar/data/36966/000095014498009612/0000950144-98-009612-index.html",
        "finalLink": "https://www.sec.gov/Archives/edgar/data/36966/0000950144-98-009612.txt"
    },
    {
        "date": "1998-03-31",
        "symbol": "FHN",
        "reportedCurrency": "USD",
        "cik": "0000036966",
        "fillingDate": "1998-05-14",
        "acceptedDate": "1998-05-14 00:00:00",
        "calendarYear": "1998",
        "period": "Q1",
        "revenue": 447000000,
        "costOfRevenue": 143400000,
        "grossProfit": 303600000,
        "grossProfitRatio": 0.6791946309,
        "researchAndDevelopmentExpenses": 0,
        "generalAndAdministrativeExpenses": 113600000,
        "sellingAndMarketingExpenses": 5700000,
        "sellingGeneralAndAdministrativeExpenses": 119300000,
        "otherExpenses": 111600000,
        "operatingExpenses": 230900000,
        "costAndExpenses": 374300000,
        "interestIncome": 257000000,
        "interestExpense": 129900000,
        "depreciationAndAmortization": 30900000,
        "ebitda": 103600000,
        "ebitdaratio": 0.2317673378,
        "operatingIncome": 72700000,
        "operatingIncomeRatio": 0.162639821,
        "totalOtherIncomeExpensesNet": 0,
        "incomeBeforeTax": 72700000,
        "incomeBeforeTaxRatio": 0.162639821,
        "incomeTaxExpense": 26300000,
        "netIncome": 46400000,
        "netIncomeRatio": 0.103803132,
        "eps": 0.3,
        "epsdiluted": 0.29,
        "weightedAverageShsOut": 154714000,
        "weightedAverageShsOutDil": 159135000,
        "link": "https://www.sec.gov/Archives/edgar/data/36966/000095014498006059/0000950144-98-006059-index.html",
        "finalLink": "https://www.sec.gov/Archives/edgar/data/36966/0000950144-98-006059.txt"
    },
    {
        "date": "1997-12-31",
        "symbol": "FHN",
        "reportedCurrency": "USD",
        "cik": "0000036966",
        "fillingDate": "1998-03-23",
        "acceptedDate": "1998-03-23 00:00:00",
        "calendarYear": "1997",
        "period": "Q4",
        "revenue": 441800000,
        "costOfRevenue": 134600000,
        "grossProfit": 307200000,
        "grossProfitRatio": 0.6953372567,
        "researchAndDevelopmentExpenses": 0,
        "generalAndAdministrativeExpenses": 109600000,
        "sellingAndMarketingExpenses": 5000000,
        "sellingGeneralAndAdministrativeExpenses": 114600000,
        "otherExpenses": 100000000,
        "operatingExpenses": 214600000,
        "costAndExpenses": 349200000,
        "interestIncome": 246300000,
        "interestExpense": 121300000,
        "depreciationAndAmortization": 23900000,
        "ebitda": 116500000,
        "ebitdaratio": 0.2636939792,
        "operatingIncome": 92600000,
        "operatingIncomeRatio": 0.2095971028,
        "totalOtherIncomeExpensesNet": 0,
        "incomeBeforeTax": 92600000,
        "incomeBeforeTaxRatio": 0.2095971028,
        "incomeTaxExpense": 34700000,
        "netIncome": 57900000,
        "netIncomeRatio": 0.1310547759,
        "eps": 0.37,
        "epsdiluted": 0.37,
        "weightedAverageShsOut": 154714000,
        "weightedAverageShsOutDil": 154714000,
        "link": "https://www.sec.gov/Archives/edgar/data/36966/000095014498003103/0000950144-98-003103-index.htm",
        "finalLink": "https://www.sec.gov/Archives/edgar/data/36966/000095014498003103/"
    },
    {
        "date": "1997-09-30",
        "symbol": "FHN",
        "reportedCurrency": "USD",
        "cik": "0000036966",
        "fillingDate": "1997-11-13",
        "acceptedDate": "1997-11-13 00:00:00",
        "calendarYear": "1997",
        "period": "Q3",
        "revenue": 422000000,
        "costOfRevenue": 130900000,
        "grossProfit": 291100000,
        "grossProfitRatio": 0.6898104265,
        "researchAndDevelopmentExpenses": 0,
        "generalAndAdministrativeExpenses": 109500000,
        "sellingAndMarketingExpenses": 4400000,
        "sellingGeneralAndAdministrativeExpenses": 113900000,
        "otherExpenses": 90100000,
        "operatingExpenses": 204000000,
        "costAndExpenses": 334900000,
        "interestIncome": 241700000,
        "interestExpense": 118100000,
        "depreciationAndAmortization": 21000000,
        "ebitda": 108100000,
        "ebitdaratio": 0.2561611374,
        "operatingIncome": 87100000,
        "operatingIncomeRatio": 0.2063981043,
        "totalOtherIncomeExpensesNet": 0,
        "incomeBeforeTax": 87100000,
        "incomeBeforeTaxRatio": 0.2063981043,
        "incomeTaxExpense": 32400000,
        "netIncome": 54700000,
        "netIncomeRatio": 0.1296208531,
        "eps": 0.36,
        "epsdiluted": 0.36,
        "weightedAverageShsOut": 152698000,
        "weightedAverageShsOutDil": 152698000,
        "link": "https://www.sec.gov/Archives/edgar/data/36966/000095014497012110/0000950144-97-012110-index.html",
        "finalLink": "https://www.sec.gov/Archives/edgar/data/36966/0000950144-97-012110.txt"
    },
    {
        "date": "1997-06-30",
        "symbol": "FHN",
        "reportedCurrency": "USD",
        "cik": "0000036966",
        "fillingDate": "1997-08-13",
        "acceptedDate": "1997-08-13 00:00:00",
        "calendarYear": "1997",
        "period": "Q2",
        "revenue": 384100000,
        "costOfRevenue": 124400000,
        "grossProfit": 259700000,
        "grossProfitRatio": 0.6761260089,
        "researchAndDevelopmentExpenses": 0,
        "generalAndAdministrativeExpenses": 96800000,
        "sellingAndMarketingExpenses": 4400000,
        "sellingGeneralAndAdministrativeExpenses": 101200000,
        "otherExpenses": 84800000,
        "operatingExpenses": 186000000,
        "costAndExpenses": 310400000,
        "interestIncome": 230900000,
        "interestExpense": 111900000,
        "depreciationAndAmortization": 20700000,
        "ebitda": 94400000,
        "ebitdaratio": 0.2457693309,
        "operatingIncome": 73700000,
        "operatingIncomeRatio": 0.1918771153,
        "totalOtherIncomeExpensesNet": 0,
        "incomeBeforeTax": 73700000,
        "incomeBeforeTaxRatio": 0.1918771153,
        "incomeTaxExpense": 27300000,
        "netIncome": 46400000,
        "netIncomeRatio": 0.1208018745,
        "eps": 0.3,
        "epsdiluted": 0.3,
        "weightedAverageShsOut": 154714000,
        "weightedAverageShsOutDil": 154714000,
        "link": "https://www.sec.gov/Archives/edgar/data/36966/000095014497009030/0000950144-97-009030-index.html",
        "finalLink": "https://www.sec.gov/Archives/edgar/data/36966/0000950144-97-009030.txt"
    },
    {
        "date": "1997-03-31",
        "symbol": "FHN",
        "reportedCurrency": "USD",
        "cik": "0000036966",
        "fillingDate": "1997-05-12",
        "acceptedDate": "1997-05-12 00:00:00",
        "calendarYear": "1997",
        "period": "Q1",
        "revenue": 361400000,
        "costOfRevenue": 119300000,
        "grossProfit": 242100000,
        "grossProfitRatio": 0.6698948533,
        "researchAndDevelopmentExpenses": 0,
        "generalAndAdministrativeExpenses": 93900000,
        "sellingAndMarketingExpenses": 4900000,
        "sellingGeneralAndAdministrativeExpenses": 98800000,
        "otherExpenses": 81500000,
        "operatingExpenses": 180300000,
        "costAndExpenses": 299600000,
        "interestIncome": 222300000,
        "interestExpense": 106800000,
        "depreciationAndAmortization": 20200000,
        "ebitda": 82000000,
        "ebitdaratio": 0.2268954068,
        "operatingIncome": 61800000,
        "operatingIncomeRatio": 0.1710016602,
        "totalOtherIncomeExpensesNet": 0,
        "incomeBeforeTax": 61800000,
        "incomeBeforeTaxRatio": 0.1710016602,
        "incomeTaxExpense": 23200000,
        "netIncome": 38600000,
        "netIncomeRatio": 0.1068068622,
        "eps": 0.25,
        "epsdiluted": 0.25,
        "weightedAverageShsOut": 154448000,
        "weightedAverageShsOutDil": 154448000,
        "link": "https://www.sec.gov/Archives/edgar/data/36966/000095014497005475/0000950144-97-005475-index.html",
        "finalLink": "https://www.sec.gov/Archives/edgar/data/36966/0000950144-97-005475.txt"
    },
    {
        "date": "1996-12-31",
        "symbol": "FHN",
        "reportedCurrency": "USD",
        "cik": "0000036966",
        "fillingDate": "1997-03-27",
        "acceptedDate": "1997-03-27 00:00:00",
        "calendarYear": "1996",
        "period": "Q4",
        "revenue": 389500000,
        "costOfRevenue": 120600000,
        "grossProfit": 268900000,
        "grossProfitRatio": 0.6903722721,
        "researchAndDevelopmentExpenses": 0,
        "generalAndAdministrativeExpenses": 99400000,
        "sellingAndMarketingExpenses": 4700000,
        "sellingGeneralAndAdministrativeExpenses": 104100000,
        "otherExpenses": 81800000,
        "operatingExpenses": 185900000,
        "costAndExpenses": 306500000,
        "interestIncome": 227100000,
        "interestExpense": 109300000,
        "depreciationAndAmortization": 29600000,
        "ebitda": 112600000,
        "ebitdaratio": 0.2890885751,
        "operatingIncome": 83000000,
        "operatingIncomeRatio": 0.2130937099,
        "totalOtherIncomeExpensesNet": 0,
        "incomeBeforeTax": 83000000,
        "incomeBeforeTaxRatio": 0.2130937099,
        "incomeTaxExpense": 29700000,
        "netIncome": 53300000,
        "netIncomeRatio": 0.1368421053,
        "eps": 0.35,
        "epsdiluted": 0.35,
        "weightedAverageShsOut": 154448000,
        "weightedAverageShsOutDil": 154448000,
        "link": "https://www.sec.gov/Archives/edgar/data/36966/000095014497003050/0000950144-97-003050-index.html",
        "finalLink": "https://www.sec.gov/Archives/edgar/data/36966/0000950144-97-003050.txt"
    },
    {
        "date": "1996-09-30",
        "symbol": "FHN",
        "reportedCurrency": "USD",
        "cik": "0000036966",
        "fillingDate": "1996-11-13",
        "acceptedDate": "1996-11-13 00:00:00",
        "calendarYear": "1996",
        "period": "Q3",
        "revenue": 368200000,
        "costOfRevenue": 119700000,
        "grossProfit": 248500000,
        "grossProfitRatio": 0.674904943,
        "researchAndDevelopmentExpenses": 0,
        "generalAndAdministrativeExpenses": 94000000,
        "sellingAndMarketingExpenses": 3500000,
        "sellingGeneralAndAdministrativeExpenses": 97500000,
        "otherExpenses": 77300000,
        "operatingExpenses": 174800000,
        "costAndExpenses": 294500000,
        "interestIncome": 225800000,
        "interestExpense": 110800000,
        "depreciationAndAmortization": -2400000,
        "ebitda": 71300000,
        "ebitdaratio": 0.1936447583,
        "operatingIncome": 73700000,
        "operatingIncomeRatio": 0.2001629549,
        "totalOtherIncomeExpensesNet": 0,
        "incomeBeforeTax": 73700000,
        "incomeBeforeTaxRatio": 0.2001629549,
        "incomeTaxExpense": 26900000,
        "netIncome": 46800000,
        "netIncomeRatio": 0.1271048343,
        "eps": 0.29,
        "epsdiluted": 0.29,
        "weightedAverageShsOut": 160507000,
        "weightedAverageShsOutDil": 160507000,
        "link": "https://www.sec.gov/Archives/edgar/data/36966/000095014496008068/0000950144-96-008068-index.html",
        "finalLink": "https://www.sec.gov/Archives/edgar/data/36966/0000950144-96-008068.txt"
    },
    {
        "date": "1996-06-30",
        "symbol": "FHN",
        "reportedCurrency": "USD",
        "cik": "0000036966",
        "fillingDate": "1996-08-13",
        "acceptedDate": "1996-08-13 00:00:00",
        "calendarYear": "1996",
        "period": "Q2",
        "revenue": 355700000,
        "costOfRevenue": 120600000,
        "grossProfit": 235100000,
        "grossProfitRatio": 0.660950239,
        "researchAndDevelopmentExpenses": 0,
        "generalAndAdministrativeExpenses": 93100000,
        "sellingAndMarketingExpenses": 4500000,
        "sellingGeneralAndAdministrativeExpenses": 97600000,
        "otherExpenses": 70400000,
        "operatingExpenses": 168000000,
        "costAndExpenses": 288600000,
        "interestIncome": 226000000,
        "interestExpense": 113000000,
        "depreciationAndAmortization": 24600000,
        "ebitda": 91700000,
        "ebitdaratio": 0.2578015181,
        "operatingIncome": 67100000,
        "operatingIncomeRatio": 0.1886421141,
        "totalOtherIncomeExpensesNet": 0,
        "incomeBeforeTax": 67100000,
        "incomeBeforeTaxRatio": 0.1886421141,
        "incomeTaxExpense": 24800000,
        "netIncome": 42300000,
        "netIncomeRatio": 0.1189204386,
        "eps": 0.27,
        "epsdiluted": 0.27,
        "weightedAverageShsOut": 158674000,
        "weightedAverageShsOutDil": 158674000,
        "link": "https://www.sec.gov/Archives/edgar/data/36966/000095014496005353/0000950144-96-005353-index.html",
        "finalLink": "https://www.sec.gov/Archives/edgar/data/36966/0000950144-96-005353.txt"
    },
    {
        "date": "1996-03-31",
        "symbol": "FHN",
        "reportedCurrency": "USD",
        "cik": "0000036966",
        "fillingDate": "1996-05-15",
        "acceptedDate": "1996-05-15 00:00:00",
        "calendarYear": "1996",
        "period": "Q1",
        "revenue": 354300000,
        "costOfRevenue": 120300000,
        "grossProfit": 234000000,
        "grossProfitRatio": 0.6604572396,
        "researchAndDevelopmentExpenses": 0,
        "generalAndAdministrativeExpenses": 98900000,
        "sellingAndMarketingExpenses": 4900000,
        "sellingGeneralAndAdministrativeExpenses": 103800000,
        "otherExpenses": 71900000,
        "operatingExpenses": 175700000,
        "costAndExpenses": 296000000,
        "interestIncome": 217700000,
        "interestExpense": 112300000,
        "depreciationAndAmortization": 23700000,
        "ebitda": 82000000,
        "ebitdaratio": 0.2314422806,
        "operatingIncome": 58300000,
        "operatingIncomeRatio": 0.1645498165,
        "totalOtherIncomeExpensesNet": 0,
        "incomeBeforeTax": 58300000,
        "incomeBeforeTaxRatio": 0.1645498165,
        "incomeTaxExpense": 20900000,
        "netIncome": 37400000,
        "netIncomeRatio": 0.1055602597,
        "eps": 0.23,
        "epsdiluted": 0.23,
        "weightedAverageShsOut": 160335000,
        "weightedAverageShsOutDil": 160335000,
        "link": "https://www.sec.gov/Archives/edgar/data/36966/000095014496002417/0000950144-96-002417-index.html",
        "finalLink": "https://www.sec.gov/Archives/edgar/data/36966/0000950144-96-002417.txt"
    },
    {
        "date": "1995-12-31",
        "symbol": "FHN",
        "reportedCurrency": "USD",
        "cik": "0000036966",
        "fillingDate": "1996-03-25",
        "acceptedDate": "1996-03-25 00:00:00",
        "calendarYear": "1995",
        "period": "Q4",
        "revenue": 358100000,
        "costOfRevenue": 119800000,
        "grossProfit": 238300000,
        "grossProfitRatio": 0.6654565764,
        "researchAndDevelopmentExpenses": 0,
        "generalAndAdministrativeExpenses": 92600000,
        "sellingAndMarketingExpenses": 12900000,
        "sellingGeneralAndAdministrativeExpenses": 105500000,
        "otherExpenses": 63700000,
        "operatingExpenses": 169200000,
        "costAndExpenses": 289000000,
        "interestIncome": 216800000,
        "interestExpense": 112500000,
        "depreciationAndAmortization": 20800000,
        "ebitda": 89900000,
        "ebitdaratio": 0.2510471935,
        "operatingIncome": 69100000,
        "operatingIncomeRatio": 0.1929628595,
        "totalOtherIncomeExpensesNet": 0,
        "incomeBeforeTax": 69100000,
        "incomeBeforeTaxRatio": 0.1929628595,
        "incomeTaxExpense": 23400000,
        "netIncome": 45700000,
        "netIncomeRatio": 0.1276179838,
        "eps": 0.29,
        "epsdiluted": 0.29,
        "weightedAverageShsOut": 160335000,
        "weightedAverageShsOutDil": 160335000,
        "link": "https://www.sec.gov/Archives/edgar/data/36966/000095014496001142/0000950144-96-001142-index.html",
        "finalLink": "https://www.sec.gov/Archives/edgar/data/36966/0000950144-96-001142.txt"
    },
    {
        "date": "1995-09-30",
        "symbol": "FHN",
        "reportedCurrency": "USD",
        "cik": "0000036966",
        "fillingDate": "1995-11-13",
        "acceptedDate": "1995-11-13 00:00:00",
        "calendarYear": "1995",
        "period": "Q3",
        "revenue": 337900000,
        "costOfRevenue": 118800000,
        "grossProfit": 219100000,
        "grossProfitRatio": 0.6484166913,
        "researchAndDevelopmentExpenses": 0,
        "generalAndAdministrativeExpenses": 86900000,
        "sellingAndMarketingExpenses": 0,
        "sellingGeneralAndAdministrativeExpenses": 86900000,
        "otherExpenses": 64200000,
        "operatingExpenses": 151100000,
        "costAndExpenses": 269900000,
        "interestIncome": 211500000,
        "interestExpense": 112900000,
        "depreciationAndAmortization": 17900000,
        "ebitda": 85900000,
        "ebitdaratio": 0.254217224,
        "operatingIncome": 68000000,
        "operatingIncomeRatio": 0.2012429713,
        "totalOtherIncomeExpensesNet": 0,
        "incomeBeforeTax": 68000000,
        "incomeBeforeTaxRatio": 0.2012429713,
        "incomeTaxExpense": 24200000,
        "netIncome": 43800000,
        "netIncomeRatio": 0.1296241492,
        "eps": 0.27,
        "epsdiluted": 0.27,
        "weightedAverageShsOut": 159322000,
        "weightedAverageShsOutDil": 159322000,
        "link": "https://www.sec.gov/Archives/edgar/data/36966/000095014495003153/0000950144-95-003153-index.html",
        "finalLink": "https://www.sec.gov/Archives/edgar/data/36966/0000950144-95-003153.txt"
    },
    {
        "date": "1995-06-30",
        "symbol": "FHN",
        "reportedCurrency": "USD",
        "cik": "0000036966",
        "fillingDate": "1995-08-14",
        "acceptedDate": "1995-08-14 00:00:00",
        "calendarYear": "1995",
        "period": "Q2",
        "revenue": 317600000,
        "costOfRevenue": 110600000,
        "grossProfit": 207000000,
        "grossProfitRatio": 0.6517632242,
        "researchAndDevelopmentExpenses": 0,
        "generalAndAdministrativeExpenses": 81600000,
        "sellingAndMarketingExpenses": 0,
        "sellingGeneralAndAdministrativeExpenses": 81600000,
        "otherExpenses": 63900000,
        "operatingExpenses": 145500000,
        "costAndExpenses": 256100000,
        "interestIncome": 202800000,
        "interestExpense": 107400000,
        "depreciationAndAmortization": 15800000,
        "ebitda": 77300000,
        "ebitdaratio": 0.2433879093,
        "operatingIncome": 61500000,
        "operatingIncomeRatio": 0.1936397985,
        "totalOtherIncomeExpensesNet": 0,
        "incomeBeforeTax": 61500000,
        "incomeBeforeTaxRatio": 0.1936397985,
        "incomeTaxExpense": 20700000,
        "netIncome": 40800000,
        "netIncomeRatio": 0.1284634761,
        "eps": 0.25,
        "epsdiluted": 0.25,
        "weightedAverageShsOut": 163250000,
        "weightedAverageShsOutDil": 163250000,
        "link": "https://www.sec.gov/Archives/edgar/data/36966/000095014495002318/0000950144-95-002318-index.html",
        "finalLink": "https://www.sec.gov/Archives/edgar/data/36966/0000950144-95-002318.txt"
    },
    {
        "date": "1995-03-31",
        "symbol": "FHN",
        "reportedCurrency": "USD",
        "cik": "0000036966",
        "fillingDate": "1995-05-15",
        "acceptedDate": "1995-05-15 00:00:00",
        "calendarYear": "1995",
        "period": "Q1",
        "revenue": 300600000,
        "costOfRevenue": 103200000,
        "grossProfit": 197400000,
        "grossProfitRatio": 0.6566866267,
        "researchAndDevelopmentExpenses": 0,
        "generalAndAdministrativeExpenses": 79300000,
        "sellingAndMarketingExpenses": 0,
        "sellingGeneralAndAdministrativeExpenses": 79300000,
        "otherExpenses": 68500000,
        "operatingExpenses": 147800000,
        "costAndExpenses": 251000000,
        "interestIncome": 191400000,
        "interestExpense": 99100000,
        "depreciationAndAmortization": 14400000,
        "ebitda": 64000000,
        "ebitdaratio": 0.2129075183,
        "operatingIncome": 49600000,
        "operatingIncomeRatio": 0.1650033267,
        "totalOtherIncomeExpensesNet": 0,
        "incomeBeforeTax": 49600000,
        "incomeBeforeTaxRatio": 0.1650033267,
        "incomeTaxExpense": 18000000,
        "netIncome": 31600000,
        "netIncomeRatio": 0.1051230872,
        "eps": 0.2,
        "epsdiluted": 0.2,
        "weightedAverageShsOut": 158049000,
        "weightedAverageShsOutDil": 158049000,
        "link": "https://www.sec.gov/Archives/edgar/data/36966/000095014495001373/0000950144-95-001373-index.html",
        "finalLink": "https://www.sec.gov/Archives/edgar/data/36966/0000950144-95-001373.txt"
    },
    {
        "date": "1994-12-31",
        "symbol": "FHN",
        "reportedCurrency": "USD",
        "cik": "0000036966",
        "fillingDate": "1995-03-24",
        "acceptedDate": "1995-03-24 00:00:00",
        "calendarYear": "1994",
        "period": "Q4",
        "revenue": 267600000,
        "costOfRevenue": 89500000,
        "grossProfit": 178100000,
        "grossProfitRatio": 0.6655455904,
        "researchAndDevelopmentExpenses": 0,
        "generalAndAdministrativeExpenses": 68200000,
        "sellingAndMarketingExpenses": 0,
        "sellingGeneralAndAdministrativeExpenses": 68200000,
        "otherExpenses": 60200000,
        "operatingExpenses": 128400000,
        "costAndExpenses": 217900000,
        "interestIncome": 178100000,
        "interestExpense": 85400000,
        "depreciationAndAmortization": 11900000,
        "ebitda": 61600000,
        "ebitdaratio": 0.2301943199,
        "operatingIncome": 49700000,
        "operatingIncomeRatio": 0.1857249626,
        "totalOtherIncomeExpensesNet": 0,
        "incomeBeforeTax": 49700000,
        "incomeBeforeTaxRatio": 0.1857249626,
        "incomeTaxExpense": 12600000,
        "netIncome": 37100000,
        "netIncomeRatio": 0.1386397608,
        "eps": 0.23,
        "epsdiluted": 0.23,
        "weightedAverageShsOut": 154144000,
        "weightedAverageShsOutDil": 158049000,
        "link": "https://www.sec.gov/Archives/edgar/data/36966/000095014495000745/0000950144-95-000745-index.html",
        "finalLink": "https://www.sec.gov/Archives/edgar/data/36966/0000950144-95-000745.txt"
    },
    {
        "date": "1994-09-30",
        "symbol": "FHN",
        "reportedCurrency": "USD",
        "cik": "0000036966",
        "fillingDate": "1994-11-14",
        "acceptedDate": "1994-11-14 00:00:00",
        "calendarYear": "1994",
        "period": "Q3",
        "revenue": 261600000,
        "costOfRevenue": 79400000,
        "grossProfit": 182200000,
        "grossProfitRatio": 0.6964831804,
        "researchAndDevelopmentExpenses": 0,
        "generalAndAdministrativeExpenses": 68800000,
        "sellingAndMarketingExpenses": 0,
        "sellingGeneralAndAdministrativeExpenses": 68800000,
        "otherExpenses": 59200000,
        "operatingExpenses": 128000000,
        "costAndExpenses": 207400000,
        "interestIncome": 170800000,
        "interestExpense": 75300000,
        "depreciationAndAmortization": 20700000,
        "ebitda": 74900000,
        "ebitdaratio": 0.2863149847,
        "operatingIncome": 54200000,
        "operatingIncomeRatio": 0.2071865443,
        "totalOtherIncomeExpensesNet": 0,
        "incomeBeforeTax": 54200000,
        "incomeBeforeTaxRatio": 0.2071865443,
        "incomeTaxExpense": 17400000,
        "netIncome": 36800000,
        "netIncomeRatio": 0.1406727829,
        "eps": 0.24,
        "epsdiluted": 0.24,
        "weightedAverageShsOut": 152323000,
        "weightedAverageShsOutDil": 152323000,
        "link": "https://www.sec.gov/Archives/edgar/data/36966/000095014494002001/0000950144-94-002001-index.html",
        "finalLink": "https://www.sec.gov/Archives/edgar/data/36966/0000950144-94-002001.txt"
    },
    {
        "date": "1994-06-30",
        "symbol": "FHN",
        "reportedCurrency": "USD",
        "cik": "0000036966",
        "fillingDate": "1994-08-12",
        "acceptedDate": "1994-08-12 00:00:00",
        "calendarYear": "1994",
        "period": "Q2",
        "revenue": 257000000,
        "costOfRevenue": 68300000,
        "grossProfit": 188700000,
        "grossProfitRatio": 0.7342412451,
        "researchAndDevelopmentExpenses": 0,
        "generalAndAdministrativeExpenses": 82700000,
        "sellingAndMarketingExpenses": 0,
        "sellingGeneralAndAdministrativeExpenses": 82700000,
        "otherExpenses": 58300000,
        "operatingExpenses": 141000000,
        "costAndExpenses": 209300000,
        "interestIncome": 161100000,
        "interestExpense": 65600000,
        "depreciationAndAmortization": 0,
        "ebitda": 47700000,
        "ebitdaratio": 0.1856031128,
        "operatingIncome": 47700000,
        "operatingIncomeRatio": 0.1856031128,
        "totalOtherIncomeExpensesNet": 0,
        "incomeBeforeTax": 47700000,
        "incomeBeforeTaxRatio": 0.1856031128,
        "incomeTaxExpense": 12100000,
        "netIncome": 35600000,
        "netIncomeRatio": 0.1385214008,
        "eps": 0.23,
        "epsdiluted": 0.23,
        "weightedAverageShsOut": 152618000,
        "weightedAverageShsOutDil": 152618000,
        "link": "https://www.sec.gov/Archives/edgar/data/36966/000095014494001485/0000950144-94-001485-index.html",
        "finalLink": "https://www.sec.gov/Archives/edgar/data/36966/0000950144-94-001485.txt"
    },
    {
        "date": "1994-03-31",
        "symbol": "FHN",
        "reportedCurrency": "USD",
        "cik": "0000036966",
        "fillingDate": "1994-05-16",
        "acceptedDate": "1994-05-16 00:00:00",
        "calendarYear": "1994",
        "period": "Q1",
        "revenue": 269600000,
        "costOfRevenue": 66800000,
        "grossProfit": 202800000,
        "grossProfitRatio": 0.7522255193,
        "researchAndDevelopmentExpenses": 0,
        "generalAndAdministrativeExpenses": 83000000,
        "sellingAndMarketingExpenses": 0,
        "sellingGeneralAndAdministrativeExpenses": 83000000,
        "otherExpenses": 64500000,
        "operatingExpenses": 147500000,
        "costAndExpenses": 214300000,
        "interestIncome": 156800000,
        "interestExpense": 61100000,
        "depreciationAndAmortization": 0,
        "ebitda": 55300000,
        "ebitdaratio": 0.2051186944,
        "operatingIncome": 55300000,
        "operatingIncomeRatio": 0.2051186944,
        "totalOtherIncomeExpensesNet": 0,
        "incomeBeforeTax": 55300000,
        "incomeBeforeTaxRatio": 0.2051186944,
        "incomeTaxExpense": 18700000,
        "netIncome": 36600000,
        "netIncomeRatio": 0.1357566766,
        "eps": 0.24,
        "epsdiluted": 0.24,
        "weightedAverageShsOut": 151495000,
        "weightedAverageShsOutDil": 151495000,
        "link": "https://www.sec.gov/Archives/edgar/data/36966/000095014494001100/0000950144-94-001100-index.html",
        "finalLink": "https://www.sec.gov/Archives/edgar/data/36966/0000950144-94-001100.txt"
    },
    {
        "date": "1993-12-31",
        "symbol": "FHN",
        "reportedCurrency": "USD",
        "cik": "0000036966",
        "fillingDate": "1994-03-08",
        "acceptedDate": "1994-03-08 00:00:00",
        "calendarYear": "1993",
        "period": "Q4",
        "revenue": 234900000,
        "costOfRevenue": 68000000,
        "grossProfit": 166900000,
        "grossProfitRatio": 0.7105151128,
        "researchAndDevelopmentExpenses": 0,
        "generalAndAdministrativeExpenses": 46700000,
        "sellingAndMarketingExpenses": 0,
        "sellingGeneralAndAdministrativeExpenses": 46700000,
        "otherExpenses": 72700000,
        "operatingExpenses": 119400000,
        "costAndExpenses": 187400000,
        "interestIncome": 151700000,
        "interestExpense": 60600000,
        "depreciationAndAmortization": 13100000,
        "ebitda": 60600000,
        "ebitdaratio": 0.2579821201,
        "operatingIncome": 47500000,
        "operatingIncomeRatio": 0.202213708,
        "totalOtherIncomeExpensesNet": 0,
        "incomeBeforeTax": 47500000,
        "incomeBeforeTaxRatio": 0.202213708,
        "incomeTaxExpense": 16800000,
        "netIncome": 30700000,
        "netIncomeRatio": 0.1306939123,
        "eps": 0.23,
        "epsdiluted": 0.23,
        "weightedAverageShsOut": 131152000,
        "weightedAverageShsOutDil": 131152000,
        "link": "https://www.sec.gov/Archives/edgar/data/36966/000095014494000569/0000950144-94-000569-index.html",
        "finalLink": "https://www.sec.gov/Archives/edgar/data/36966/0000950144-94-000569.txt"
    },
    {
        "date": "1993-09-30",
        "symbol": "FHN",
        "reportedCurrency": "USD",
        "cik": "0000036966",
        "fillingDate": "1993-09-30",
        "acceptedDate": "1993-09-30 00:00:00",
        "calendarYear": "1993",
        "period": "Q3",
        "revenue": 210700000,
        "costOfRevenue": 69200000,
        "grossProfit": 141500000,
        "grossProfitRatio": 0.671570954,
        "researchAndDevelopmentExpenses": 0,
        "generalAndAdministrativeExpenses": 60000000,
        "sellingAndMarketingExpenses": 0,
        "sellingGeneralAndAdministrativeExpenses": 60000000,
        "otherExpenses": 35500000,
        "operatingExpenses": 95500000,
        "costAndExpenses": 164700000,
        "interestIncome": 145800000,
        "interestExpense": 60200000,
        "depreciationAndAmortization": 14100000,
        "ebitda": 60100000,
        "ebitdaratio": 0.2852396773,
        "operatingIncome": 46000000,
        "operatingIncomeRatio": 0.2183198861,
        "totalOtherIncomeExpensesNet": 0,
        "incomeBeforeTax": 46000000,
        "incomeBeforeTaxRatio": 0.2183198861,
        "incomeTaxExpense": 16500000,
        "netIncome": 29500000,
        "netIncomeRatio": 0.1400094922,
        "eps": 0.22,
        "epsdiluted": 0.22,
        "weightedAverageShsOut": 131152000,
        "weightedAverageShsOutDil": 131152000,
        "link": null,
        "finalLink": null
    },
    {
        "date": "1993-06-30",
        "symbol": "FHN",
        "reportedCurrency": "USD",
        "cik": "0000036966",
        "fillingDate": "1993-06-30",
        "acceptedDate": "1993-06-30 00:00:00",
        "calendarYear": "1993",
        "period": "Q2",
        "revenue": 204500000,
        "costOfRevenue": 67800000,
        "grossProfit": 136700000,
        "grossProfitRatio": 0.6684596577,
        "researchAndDevelopmentExpenses": 0,
        "generalAndAdministrativeExpenses": 56200000,
        "sellingAndMarketingExpenses": 0,
        "sellingGeneralAndAdministrativeExpenses": 56200000,
        "otherExpenses": 35100000,
        "operatingExpenses": 91300000,
        "costAndExpenses": 159100000,
        "interestIncome": 143700000,
        "interestExpense": 58800000,
        "depreciationAndAmortization": 12300000,
        "ebitda": 57700000,
        "ebitdaratio": 0.2821515892,
        "operatingIncome": 45400000,
        "operatingIncomeRatio": 0.22200489,
        "totalOtherIncomeExpensesNet": 0,
        "incomeBeforeTax": 45400000,
        "incomeBeforeTaxRatio": 0.22200489,
        "incomeTaxExpense": 15100000,
        "netIncome": 30300000,
        "netIncomeRatio": 0.1481662592,
        "eps": 0.22,
        "epsdiluted": 0.22,
        "weightedAverageShsOut": 134708000,
        "weightedAverageShsOutDil": 134708000,
        "link": null,
        "finalLink": null
    },
    {
        "date": "1993-03-31",
        "symbol": "FHN",
        "reportedCurrency": "USD",
        "cik": "0000036966",
        "fillingDate": "1993-03-31",
        "acceptedDate": "1993-03-31 00:00:00",
        "calendarYear": "1993",
        "period": "Q1",
        "revenue": 206900000,
        "costOfRevenue": 69300000,
        "grossProfit": 137600000,
        "grossProfitRatio": 0.6650555824,
        "researchAndDevelopmentExpenses": 0,
        "generalAndAdministrativeExpenses": 50100000,
        "sellingAndMarketingExpenses": 0,
        "sellingGeneralAndAdministrativeExpenses": 50100000,
        "otherExpenses": 42100000,
        "operatingExpenses": 92200000,
        "costAndExpenses": 161500000,
        "interestIncome": 145300000,
        "interestExpense": 60300000,
        "depreciationAndAmortization": 11900000,
        "ebitda": 57300000,
        "ebitdaratio": 0.2769453842,
        "operatingIncome": 45400000,
        "operatingIncomeRatio": 0.2194296762,
        "totalOtherIncomeExpensesNet": 0,
        "incomeBeforeTax": 45400000,
        "incomeBeforeTaxRatio": 0.2194296762,
        "incomeTaxExpense": 15100000,
        "netIncome": 30300000,
        "netIncomeRatio": 0.1464475592,
        "eps": 0.22,
        "epsdiluted": 0.22,
        "weightedAverageShsOut": 134708000,
        "weightedAverageShsOutDil": 134708000,
        "link": null,
        "finalLink": null
    },
    {
        "date": "1992-12-31",
        "symbol": "FHN",
        "reportedCurrency": "USD",
        "cik": "0000036966",
        "fillingDate": "1992-12-31",
        "acceptedDate": "1992-12-31 00:00:00",
        "calendarYear": "1992",
        "period": "Q4",
        "revenue": 254700000,
        "costOfRevenue": 102700000,
        "grossProfit": 152000000,
        "grossProfitRatio": 0.5967805261,
        "researchAndDevelopmentExpenses": 0,
        "generalAndAdministrativeExpenses": 51200000,
        "sellingAndMarketingExpenses": 0,
        "sellingGeneralAndAdministrativeExpenses": 51200000,
        "otherExpenses": 58200000,
        "operatingExpenses": 109400000,
        "costAndExpenses": 212100000,
        "interestIncome": 186600000,
        "interestExpense": 91600000,
        "depreciationAndAmortization": 30900000,
        "ebitda": 73500000,
        "ebitdaratio": 0.2885747939,
        "operatingIncome": 42600000,
        "operatingIncomeRatio": 0.1672555948,
        "totalOtherIncomeExpensesNet": 0,
        "incomeBeforeTax": 42600000,
        "incomeBeforeTaxRatio": 0.1672555948,
        "incomeTaxExpense": 22400000,
        "netIncome": 20200000,
        "netIncomeRatio": 0.079308991,
        "eps": 0.18,
        "epsdiluted": 0.18,
        "weightedAverageShsOut": 112835000,
        "weightedAverageShsOutDil": 112835000,
        "link": null,
        "finalLink": null
    },
    {
        "date": "1992-09-30",
        "symbol": "FHN",
        "reportedCurrency": "USD",
        "cik": "0000036966",
        "fillingDate": "1992-09-30",
        "acceptedDate": "1992-09-30 00:00:00",
        "calendarYear": "1992",
        "period": "Q3",
        "revenue": 188200000,
        "costOfRevenue": 66400000,
        "grossProfit": 121800000,
        "grossProfitRatio": 0.647183847,
        "researchAndDevelopmentExpenses": 0,
        "generalAndAdministrativeExpenses": 48000000,
        "sellingAndMarketingExpenses": 0,
        "sellingGeneralAndAdministrativeExpenses": 48000000,
        "otherExpenses": 39000000,
        "operatingExpenses": 87000000,
        "costAndExpenses": 153400000,
        "interestIncome": 133900000,
        "interestExpense": 56000000,
        "depreciationAndAmortization": 3300000,
        "ebitda": 38100000,
        "ebitdaratio": 0.2024442083,
        "operatingIncome": 34800000,
        "operatingIncomeRatio": 0.1849096706,
        "totalOtherIncomeExpensesNet": 0,
        "incomeBeforeTax": 34800000,
        "incomeBeforeTaxRatio": 0.1849096706,
        "incomeTaxExpense": 11300000,
        "netIncome": 23500000,
        "netIncomeRatio": 0.1248671626,
        "eps": 0.21,
        "epsdiluted": 0.21,
        "weightedAverageShsOut": 112835000,
        "weightedAverageShsOutDil": 112835000,
        "link": null,
        "finalLink": null
    },
    {
        "date": "1992-06-30",
        "symbol": "FHN",
        "reportedCurrency": "USD",
        "cik": "0000036966",
        "fillingDate": "1992-06-30",
        "acceptedDate": "1992-06-30 00:00:00",
        "calendarYear": "1992",
        "period": "Q2",
        "revenue": 192100000,
        "costOfRevenue": 72400000,
        "grossProfit": 119700000,
        "grossProfitRatio": 0.623112962,
        "researchAndDevelopmentExpenses": 0,
        "generalAndAdministrativeExpenses": 45500000,
        "sellingAndMarketingExpenses": 0,
        "sellingGeneralAndAdministrativeExpenses": 45500000,
        "otherExpenses": 39700000,
        "operatingExpenses": 85200000,
        "costAndExpenses": 157600000,
        "interestIncome": 138600000,
        "interestExpense": 62000000,
        "depreciationAndAmortization": 3000000,
        "ebitda": 37500000,
        "ebitdaratio": 0.1952108277,
        "operatingIncome": 34500000,
        "operatingIncomeRatio": 0.1795939615,
        "totalOtherIncomeExpensesNet": 0,
        "incomeBeforeTax": 34500000,
        "incomeBeforeTaxRatio": 0.1795939615,
        "incomeTaxExpense": 11100000,
        "netIncome": 23400000,
        "netIncomeRatio": 0.1218115565,
        "eps": 0.21,
        "epsdiluted": 0.21,
        "weightedAverageShsOut": 112355000,
        "weightedAverageShsOutDil": 112355000,
        "link": null,
        "finalLink": null
    },
    {
        "date": "1992-03-31",
        "symbol": "FHN",
        "reportedCurrency": "USD",
        "cik": "0000036966",
        "fillingDate": "1992-03-31",
        "acceptedDate": "1992-03-31 00:00:00",
        "calendarYear": "1992",
        "period": "Q1",
        "revenue": 207500000,
        "costOfRevenue": 88600000,
        "grossProfit": 118900000,
        "grossProfitRatio": 0.5730120482,
        "researchAndDevelopmentExpenses": 0,
        "generalAndAdministrativeExpenses": 44300000,
        "sellingAndMarketingExpenses": 0,
        "sellingGeneralAndAdministrativeExpenses": 44300000,
        "otherExpenses": 37800000,
        "operatingExpenses": 82100000,
        "costAndExpenses": 170700000,
        "interestIncome": 154600000,
        "interestExpense": 77200000,
        "depreciationAndAmortization": 3300000,
        "ebitda": 40100000,
        "ebitdaratio": 0.193253012,
        "operatingIncome": 36800000,
        "operatingIncomeRatio": 0.1773493976,
        "totalOtherIncomeExpensesNet": 0,
        "incomeBeforeTax": 36800000,
        "incomeBeforeTaxRatio": 0.1773493976,
        "incomeTaxExpense": 12000000,
        "netIncome": 24800000,
        "netIncomeRatio": 0.1195180723,
        "eps": 0.22,
        "epsdiluted": 0.22,
        "weightedAverageShsOut": 111194500,
        "weightedAverageShsOutDil": 111194500,
        "link": null,
        "finalLink": null
    },
    {
        "date": "1991-12-31",
        "symbol": "FHN",
        "reportedCurrency": "USD",
        "cik": "0000036966",
        "fillingDate": "1991-12-31",
        "acceptedDate": "1991-12-31 00:00:00",
        "calendarYear": "1991",
        "period": "Q4",
        "revenue": 200500000,
        "costOfRevenue": 89700000,
        "grossProfit": 110800000,
        "grossProfitRatio": 0.5526184539,
        "researchAndDevelopmentExpenses": 0,
        "generalAndAdministrativeExpenses": 46100000,
        "sellingAndMarketingExpenses": 0,
        "sellingGeneralAndAdministrativeExpenses": 46100000,
        "otherExpenses": 41900000,
        "operatingExpenses": 88000000,
        "costAndExpenses": 177700000,
        "interestIncome": 147800000,
        "interestExpense": 77100000,
        "depreciationAndAmortization": -11200000,
        "ebitda": 11600000,
        "ebitdaratio": 0.0578553616,
        "operatingIncome": 22800000,
        "operatingIncomeRatio": 0.1137157107,
        "totalOtherIncomeExpensesNet": 0,
        "incomeBeforeTax": 22800000,
        "incomeBeforeTaxRatio": 0.1137157107,
        "incomeTaxExpense": 5200000,
        "netIncome": 17600000,
        "netIncomeRatio": 0.0877805486,
        "eps": 0.16,
        "epsdiluted": 0.16,
        "weightedAverageShsOut": 110034000,
        "weightedAverageShsOutDil": 110034000,
        "link": null,
        "finalLink": null
    },
    {
        "date": "1991-09-30",
        "symbol": "FHN",
        "reportedCurrency": "USD",
        "cik": "0000036966",
        "fillingDate": "1991-09-30",
        "acceptedDate": "1991-09-30 00:00:00",
        "calendarYear": "1991",
        "period": "Q3",
        "revenue": 190700000,
        "costOfRevenue": 90700000,
        "grossProfit": 100000000,
        "grossProfitRatio": 0.524383849,
        "researchAndDevelopmentExpenses": 0,
        "generalAndAdministrativeExpenses": 40200000,
        "sellingAndMarketingExpenses": 0,
        "sellingGeneralAndAdministrativeExpenses": 40200000,
        "otherExpenses": 38100000,
        "operatingExpenses": 78300000,
        "costAndExpenses": 169000000,
        "interestIncome": 144700000,
        "interestExpense": 78200000,
        "depreciationAndAmortization": 9100000,
        "ebitda": 30800000,
        "ebitdaratio": 0.1615102255,
        "operatingIncome": 21700000,
        "operatingIncomeRatio": 0.1137912952,
        "totalOtherIncomeExpensesNet": 0,
        "incomeBeforeTax": 21700000,
        "incomeBeforeTaxRatio": 0.1137912952,
        "incomeTaxExpense": 5200000,
        "netIncome": 16500000,
        "netIncomeRatio": 0.0865233351,
        "eps": 0.15,
        "epsdiluted": 0.15,
        "weightedAverageShsOut": 110034000,
        "weightedAverageShsOutDil": 110034000,
        "link": null,
        "finalLink": null
    },
    {
        "date": "1991-06-30",
        "symbol": "FHN",
        "reportedCurrency": "USD",
        "cik": "0000036966",
        "fillingDate": "1991-06-30",
        "acceptedDate": "1991-06-30 00:00:00",
        "calendarYear": "1991",
        "period": "Q2",
        "revenue": 183200000,
        "costOfRevenue": 92000000,
        "grossProfit": 91200000,
        "grossProfitRatio": 0.4978165939,
        "researchAndDevelopmentExpenses": 0,
        "generalAndAdministrativeExpenses": 36300000,
        "sellingAndMarketingExpenses": 0,
        "sellingGeneralAndAdministrativeExpenses": 36300000,
        "otherExpenses": 35100000,
        "operatingExpenses": 71400000,
        "costAndExpenses": 163400000,
        "interestIncome": 142600000,
        "interestExpense": 78000000,
        "depreciationAndAmortization": 8200000,
        "ebitda": 28000000,
        "ebitdaratio": 0.1528384279,
        "operatingIncome": 19800000,
        "operatingIncomeRatio": 0.1080786026,
        "totalOtherIncomeExpensesNet": 0,
        "incomeBeforeTax": 19800000,
        "incomeBeforeTaxRatio": 0.1080786026,
        "incomeTaxExpense": 4200000,
        "netIncome": 15600000,
        "netIncomeRatio": 0.0851528384,
        "eps": 0.14,
        "epsdiluted": 0.14,
        "weightedAverageShsOut": 110152000,
        "weightedAverageShsOutDil": 110152000,
        "link": null,
        "finalLink": null
    },
    {
        "date": "1991-03-31",
        "symbol": "FHN",
        "reportedCurrency": "USD",
        "cik": "0000036966",
        "fillingDate": "1991-03-31",
        "acceptedDate": "1991-03-31 00:00:00",
        "calendarYear": "1991",
        "period": "Q1",
        "revenue": 181300000,
        "costOfRevenue": 96000000,
        "grossProfit": 85300000,
        "grossProfitRatio": 0.4704908991,
        "researchAndDevelopmentExpenses": 0,
        "generalAndAdministrativeExpenses": 34000000,
        "sellingAndMarketingExpenses": 0,
        "sellingGeneralAndAdministrativeExpenses": 34000000,
        "otherExpenses": 30800000,
        "operatingExpenses": 64800000,
        "costAndExpenses": 160800000,
        "interestIncome": 144500000,
        "interestExpense": 81500000,
        "depreciationAndAmortization": 5600000,
        "ebitda": 26100000,
        "ebitdaratio": 0.1439602868,
        "operatingIncome": 20500000,
        "operatingIncomeRatio": 0.1130722559,
        "totalOtherIncomeExpensesNet": 0,
        "incomeBeforeTax": 20500000,
        "incomeBeforeTaxRatio": 0.1130722559,
        "incomeTaxExpense": 6400000,
        "netIncome": 14100000,
        "netIncomeRatio": 0.0777716492,
        "eps": 0.12,
        "epsdiluted": 0.12,
        "weightedAverageShsOut": 112835000,
        "weightedAverageShsOutDil": 112835000,
        "link": null,
        "finalLink": null
    },
    {
        "date": "1990-12-31",
        "symbol": "FHN",
        "reportedCurrency": "USD",
        "cik": "0000036966",
        "fillingDate": "1990-12-31",
        "acceptedDate": "1990-12-31 00:00:00",
        "calendarYear": "1990",
        "period": "Q4",
        "revenue": 194400000,
        "costOfRevenue": 112100000,
        "grossProfit": 82300000,
        "grossProfitRatio": 0.4233539095,
        "researchAndDevelopmentExpenses": 0,
        "generalAndAdministrativeExpenses": 36600000,
        "sellingAndMarketingExpenses": 0,
        "sellingGeneralAndAdministrativeExpenses": 36600000,
        "otherExpenses": 32300000,
        "operatingExpenses": 68900000,
        "costAndExpenses": 181000000,
        "interestIncome": 154300000,
        "interestExpense": 91200000,
        "depreciationAndAmortization": 2800000,
        "ebitda": 16200000,
        "ebitdaratio": 0.0833333333,
        "operatingIncome": 13400000,
        "operatingIncomeRatio": 0.0689300412,
        "totalOtherIncomeExpensesNet": 0,
        "incomeBeforeTax": 13400000,
        "incomeBeforeTaxRatio": 0.0689300412,
        "incomeTaxExpense": 100000,
        "netIncome": 13300000,
        "netIncomeRatio": 0.0684156379,
        "eps": 0.12,
        "epsdiluted": 0.12,
        "weightedAverageShsOut": 111784000,
        "weightedAverageShsOutDil": 111784000,
        "link": null,
        "finalLink": null
    },
    {
        "date": "1990-09-30",
        "symbol": "FHN",
        "reportedCurrency": "USD",
        "cik": "0000036966",
        "fillingDate": "1990-09-30",
        "acceptedDate": "1990-09-30 00:00:00",
        "calendarYear": "1990",
        "period": "Q3",
        "revenue": 182400000,
        "costOfRevenue": 98300000,
        "grossProfit": 84100000,
        "grossProfitRatio": 0.4610745614,
        "researchAndDevelopmentExpenses": 0,
        "generalAndAdministrativeExpenses": 31800000,
        "sellingAndMarketingExpenses": 0,
        "sellingGeneralAndAdministrativeExpenses": 31800000,
        "otherExpenses": 31600000,
        "operatingExpenses": 63400000,
        "costAndExpenses": 161700000,
        "interestIncome": 150000000,
        "interestExpense": 88800000,
        "depreciationAndAmortization": 5700000,
        "ebitda": 26400000,
        "ebitdaratio": 0.1447368421,
        "operatingIncome": 20700000,
        "operatingIncomeRatio": 0.1134868421,
        "totalOtherIncomeExpensesNet": 0,
        "incomeBeforeTax": 20700000,
        "incomeBeforeTaxRatio": 0.1134868421,
        "incomeTaxExpense": 5800000,
        "netIncome": 14900000,
        "netIncomeRatio": 0.0816885965,
        "eps": 0.13,
        "epsdiluted": 0.13,
        "weightedAverageShsOut": 111784000,
        "weightedAverageShsOutDil": 111784000,
        "link": null,
        "finalLink": null
    },
    {
        "date": "1990-06-30",
        "symbol": "FHN",
        "reportedCurrency": "USD",
        "cik": "0000036966",
        "fillingDate": "1990-06-30",
        "acceptedDate": "1990-06-30 00:00:00",
        "calendarYear": "1990",
        "period": "Q2",
        "revenue": 185100000,
        "costOfRevenue": 98800000,
        "grossProfit": 86300000,
        "grossProfitRatio": 0.4662344679,
        "researchAndDevelopmentExpenses": 0,
        "generalAndAdministrativeExpenses": 33400000,
        "sellingAndMarketingExpenses": 0,
        "sellingGeneralAndAdministrativeExpenses": 33400000,
        "otherExpenses": 28800000,
        "operatingExpenses": 62200000,
        "costAndExpenses": 161000000,
        "interestIncome": 148500000,
        "interestExpense": 89500000,
        "depreciationAndAmortization": 6000000,
        "ebitda": 30100000,
        "ebitdaratio": 0.1626148028,
        "operatingIncome": 24100000,
        "operatingIncomeRatio": 0.130199892,
        "totalOtherIncomeExpensesNet": 0,
        "incomeBeforeTax": 24100000,
        "incomeBeforeTaxRatio": 0.130199892,
        "incomeTaxExpense": 7900000,
        "netIncome": 16200000,
        "netIncomeRatio": 0.0875202593,
        "eps": 0.14,
        "epsdiluted": 0.14,
        "weightedAverageShsOut": 114388000,
        "weightedAverageShsOutDil": 114388000,
        "link": null,
        "finalLink": null
    },
    {
        "date": "1990-03-31",
        "symbol": "FHN",
        "reportedCurrency": "USD",
        "cik": "0000036966",
        "fillingDate": "1990-03-31",
        "acceptedDate": "1990-03-31 00:00:00",
        "calendarYear": "1990",
        "period": "Q1",
        "revenue": 177800000,
        "costOfRevenue": 112100000,
        "grossProfit": 65700000,
        "grossProfitRatio": 0.3695163105,
        "researchAndDevelopmentExpenses": 0,
        "generalAndAdministrativeExpenses": 31500000,
        "sellingAndMarketingExpenses": 0,
        "sellingGeneralAndAdministrativeExpenses": 31500000,
        "otherExpenses": 29200000,
        "operatingExpenses": 60700000,
        "costAndExpenses": 172800000,
        "interestIncome": 147400000,
        "interestExpense": 88100000,
        "depreciationAndAmortization": 6700000,
        "ebitda": 11700000,
        "ebitdaratio": 0.0658042745,
        "operatingIncome": 5000000,
        "operatingIncomeRatio": 0.0281214848,
        "totalOtherIncomeExpensesNet": 0,
        "incomeBeforeTax": 5000000,
        "incomeBeforeTaxRatio": 0.0281214848,
        "incomeTaxExpense": 1500000,
        "netIncome": 3500000,
        "netIncomeRatio": 0.0196850394,
        "eps": 0.0333,
        "epsdiluted": 0.0333,
        "weightedAverageShsOut": 105032000,
        "weightedAverageShsOutDil": 105032000,
        "link": null,
        "finalLink": null
    },
    {
        "date": "1989-12-31",
        "symbol": "FHN",
        "reportedCurrency": "USD",
        "cik": "0000036966",
        "fillingDate": "1989-12-31",
        "acceptedDate": "1989-12-31 00:00:00",
        "calendarYear": "1989",
        "period": "Q4",
        "revenue": 186100000,
        "costOfRevenue": 104300000,
        "grossProfit": 81800000,
        "grossProfitRatio": 0.4395486298,
        "researchAndDevelopmentExpenses": 0,
        "generalAndAdministrativeExpenses": 33900000,
        "sellingAndMarketingExpenses": 0,
        "sellingGeneralAndAdministrativeExpenses": 33900000,
        "otherExpenses": 32200000,
        "operatingExpenses": 66100000,
        "costAndExpenses": 170400000,
        "interestIncome": 150800000,
        "interestExpense": 91800000,
        "depreciationAndAmortization": 6800000,
        "ebitda": 22500000,
        "ebitdaratio": 0.1209027405,
        "operatingIncome": 15700000,
        "operatingIncomeRatio": 0.0843632456,
        "totalOtherIncomeExpensesNet": 0,
        "incomeBeforeTax": 15700000,
        "incomeBeforeTaxRatio": 0.0843632456,
        "incomeTaxExpense": 2900000,
        "netIncome": 12800000,
        "netIncomeRatio": 0.0687802257,
        "eps": 0.11,
        "epsdiluted": 0.11,
        "weightedAverageShsOut": 112835000,
        "weightedAverageShsOutDil": 112835000,
        "link": null,
        "finalLink": null
    },
    {
        "date": "1989-09-30",
        "symbol": "FHN",
        "reportedCurrency": "USD",
        "cik": "0000036966",
        "fillingDate": "1989-09-30",
        "acceptedDate": "1989-09-30 00:00:00",
        "calendarYear": "1989",
        "period": "Q3",
        "revenue": 179300000,
        "costOfRevenue": 97900000,
        "grossProfit": 81400000,
        "grossProfitRatio": 0.4539877301,
        "researchAndDevelopmentExpenses": 0,
        "generalAndAdministrativeExpenses": 33900000,
        "sellingAndMarketingExpenses": 0,
        "sellingGeneralAndAdministrativeExpenses": 33900000,
        "otherExpenses": 28200000,
        "operatingExpenses": 62100000,
        "costAndExpenses": 160000000,
        "interestIncome": 146800000,
        "interestExpense": 91800000,
        "depreciationAndAmortization": 0,
        "ebitda": 19300000,
        "ebitdaratio": 0.1076408254,
        "operatingIncome": 19300000,
        "operatingIncomeRatio": 0.1076408254,
        "totalOtherIncomeExpensesNet": 0,
        "incomeBeforeTax": 19300000,
        "incomeBeforeTaxRatio": 0.1076408254,
        "incomeTaxExpense": 5200000,
        "netIncome": 14100000,
        "netIncomeRatio": 0.0786391523,
        "eps": 0.12,
        "epsdiluted": 0.12,
        "weightedAverageShsOut": 112835000,
        "weightedAverageShsOutDil": 112835000,
        "link": null,
        "finalLink": null
    },
    {
        "date": "1989-03-31",
        "symbol": "FHN",
        "reportedCurrency": "USD",
        "cik": "0000036966",
        "fillingDate": "1989-03-31",
        "acceptedDate": "1989-03-31 00:00:00",
        "calendarYear": "1989",
        "period": "Q1",
        "revenue": 0,
        "costOfRevenue": 0,
        "grossProfit": 0,
        "grossProfitRatio": 0,
        "researchAndDevelopmentExpenses": 0,
        "generalAndAdministrativeExpenses": 0,
        "sellingAndMarketingExpenses": 0,
        "sellingGeneralAndAdministrativeExpenses": 0,
        "otherExpenses": 0,
        "operatingExpenses": 0,
        "costAndExpenses": 0,
        "interestIncome": 0,
        "interestExpense": 0,
        "depreciationAndAmortization": 0,
        "ebitda": 0,
        "ebitdaratio": 0,
        "operatingIncome": 0,
        "operatingIncomeRatio": 0,
        "totalOtherIncomeExpensesNet": 0,
        "incomeBeforeTax": 0,
        "incomeBeforeTaxRatio": 0,
        "incomeTaxExpense": 0,
        "netIncome": 0,
        "netIncomeRatio": 0,
        "eps": 0.12,
        "epsdiluted": 0.12,
        "weightedAverageShsOut": 112835000,
        "weightedAverageShsOutDil": 112835000,
        "link": null,
        "finalLink": null
    },
    {
        "date": "1988-03-31",
        "symbol": "FHN",
        "reportedCurrency": "USD",
        "cik": "0000036966",
        "fillingDate": "1988-03-31",
        "acceptedDate": "1988-03-31 00:00:00",
        "calendarYear": "1988",
        "period": "Q1",
        "revenue": 0,
        "costOfRevenue": 0,
        "grossProfit": 0,
        "grossProfitRatio": 0,
        "researchAndDevelopmentExpenses": 0,
        "generalAndAdministrativeExpenses": 0,
        "sellingAndMarketingExpenses": 0,
        "sellingGeneralAndAdministrativeExpenses": 0,
        "otherExpenses": 0,
        "operatingExpenses": 0,
        "costAndExpenses": 0,
        "interestIncome": 0,
        "interestExpense": 0,
        "depreciationAndAmortization": 0,
        "ebitda": 0,
        "ebitdaratio": 0,
        "operatingIncome": 0,
        "operatingIncomeRatio": 0,
        "totalOtherIncomeExpensesNet": 0,
        "incomeBeforeTax": 0,
        "incomeBeforeTaxRatio": 0,
        "incomeTaxExpense": 0,
        "netIncome": 0,
        "netIncomeRatio": 0,
        "eps": 0.11,
        "epsdiluted": 0.11,
        "weightedAverageShsOut": 112835000,
        "weightedAverageShsOutDil": 112835000,
        "link": null,
        "finalLink": null
    },
    {
        "date": "1987-03-31",
        "symbol": "FHN",
        "reportedCurrency": "USD",
        "cik": "0000036966",
        "fillingDate": "1987-03-31",
        "acceptedDate": "1987-03-31 00:00:00",
        "calendarYear": "1987",
        "period": "Q1",
        "revenue": 0,
        "costOfRevenue": 0,
        "grossProfit": 0,
        "grossProfitRatio": 0,
        "researchAndDevelopmentExpenses": 0,
        "generalAndAdministrativeExpenses": 0,
        "sellingAndMarketingExpenses": 0,
        "sellingGeneralAndAdministrativeExpenses": 0,
        "otherExpenses": 0,
        "operatingExpenses": 0,
        "costAndExpenses": 0,
        "interestIncome": 0,
        "interestExpense": 0,
        "depreciationAndAmortization": 0,
        "ebitda": 0,
        "ebitdaratio": 0,
        "operatingIncome": 0,
        "operatingIncomeRatio": 0,
        "totalOtherIncomeExpensesNet": 0,
        "incomeBeforeTax": 0,
        "incomeBeforeTaxRatio": 0,
        "incomeTaxExpense": 0,
        "netIncome": 0,
        "netIncomeRatio": 0,
        "eps": 0.12,
        "epsdiluted": 0.12,
        "weightedAverageShsOut": 112835000,
        "weightedAverageShsOutDil": 112835000,
        "link": null,
        "finalLink": null
    },
    {
        "date": "1986-03-31",
        "symbol": "FHN",
        "reportedCurrency": "USD",
        "cik": "0000036966",
        "fillingDate": "1986-03-31",
        "acceptedDate": "1986-03-31 00:00:00",
        "calendarYear": "1986",
        "period": "Q1",
        "revenue": 0,
        "costOfRevenue": 0,
        "grossProfit": 0,
        "grossProfitRatio": 0,
        "researchAndDevelopmentExpenses": 0,
        "generalAndAdministrativeExpenses": 0,
        "sellingAndMarketingExpenses": 0,
        "sellingGeneralAndAdministrativeExpenses": 0,
        "otherExpenses": 0,
        "operatingExpenses": 0,
        "costAndExpenses": 0,
        "interestIncome": 0,
        "interestExpense": 0,
        "depreciationAndAmortization": 0,
        "ebitda": 0,
        "ebitdaratio": 0,
        "operatingIncome": 0,
        "operatingIncomeRatio": 0,
        "totalOtherIncomeExpensesNet": 0,
        "incomeBeforeTax": 0,
        "incomeBeforeTaxRatio": 0,
        "incomeTaxExpense": 0,
        "netIncome": 0,
        "netIncomeRatio": 0,
        "eps": 0.12,
        "epsdiluted": 0.12,
        "weightedAverageShsOut": 112835000,
        "weightedAverageShsOutDil": 112835000,
        "link": null,
        "finalLink": null
    }
]