[
    {
        "date": "2025-08-02",
        "symbol": "FL",
        "reportedCurrency": "USD",
        "cik": "0000850209",
        "fillingDate": "2025-09-02",
        "acceptedDate": "2025-09-02 16:18:21",
        "calendarYear": "2025",
        "period": "Q2",
        "revenue": 1857000000,
        "costOfRevenue": 1400000000,
        "grossProfit": 457000000,
        "grossProfitRatio": 0.2460958535,
        "researchAndDevelopmentExpenses": 0,
        "generalAndAdministrativeExpenses": 0,
        "sellingAndMarketingExpenses": 0,
        "sellingGeneralAndAdministrativeExpenses": 468000000,
        "otherExpenses": 0,
        "operatingExpenses": 468000000,
        "costAndExpenses": 1868000000,
        "interestIncome": 0,
        "interestExpense": 3000000,
        "depreciationAndAmortization": 51000000,
        "ebitda": 24000000,
        "ebitdaratio": 0.0129240711,
        "operatingIncome": -11000000,
        "operatingIncomeRatio": -0.0059235326,
        "totalOtherIncomeExpensesNet": -19000000,
        "incomeBeforeTax": -30000000,
        "incomeBeforeTaxRatio": -0.0161550889,
        "incomeTaxExpense": 8000000,
        "netIncome": -38000000,
        "netIncomeRatio": -0.0204631125,
        "eps": -0.4,
        "epsdiluted": -0.4,
        "weightedAverageShsOut": 95300000,
        "weightedAverageShsOutDil": 95600000,
        "link": "https://www.sec.gov/Archives/edgar/data/850209/000143774925028146/0001437749-25-028146-index.htm",
        "finalLink": "https://www.sec.gov/Archives/edgar/data/850209/000143774925028146/floc20250625_10q.htm"
    },
    {
        "date": "2025-05-03",
        "symbol": "FL",
        "reportedCurrency": "USD",
        "cik": "0000850209",
        "fillingDate": "2025-06-11",
        "acceptedDate": "2025-06-11 17:03:16",
        "calendarYear": "2025",
        "period": "Q1",
        "revenue": 1794000000,
        "costOfRevenue": 1280000000,
        "grossProfit": 514000000,
        "grossProfitRatio": 0.2865105909,
        "researchAndDevelopmentExpenses": 0,
        "generalAndAdministrativeExpenses": 458000000,
        "sellingAndMarketingExpenses": 0,
        "sellingGeneralAndAdministrativeExpenses": 458000000,
        "otherExpenses": 327000000,
        "operatingExpenses": 785000000,
        "costAndExpenses": 2065000000,
        "interestIncome": 0,
        "interestExpense": 2000000,
        "depreciationAndAmortization": 51000000,
        "ebitda": -217000000,
        "ebitdaratio": -0.1209587514,
        "operatingIncome": -271000000,
        "operatingIncomeRatio": -0.1510590858,
        "totalOtherIncomeExpensesNet": 1000000,
        "incomeBeforeTax": -270000000,
        "incomeBeforeTaxRatio": -0.1505016722,
        "incomeTaxExpense": 93000000,
        "netIncome": -363000000,
        "netIncomeRatio": -0.2023411371,
        "eps": -3.81,
        "epsdiluted": -3.81,
        "weightedAverageShsOut": 95300000,
        "weightedAverageShsOutDil": 95300000,
        "link": "https://www.sec.gov/Archives/edgar/data/850209/000143774925020093/0001437749-25-020093-index.htm",
        "finalLink": "https://www.sec.gov/Archives/edgar/data/850209/000143774925020093/floc20250306_10q.htm"
    },
    {
        "date": "2025-02-01",
        "symbol": "FL",
        "reportedCurrency": "USD",
        "cik": "0000850209",
        "fillingDate": "2025-03-27",
        "acceptedDate": "2025-03-27 16:19:13",
        "calendarYear": "2024",
        "period": "Q4",
        "revenue": 2248000000,
        "costOfRevenue": 1580000000,
        "grossProfit": 668000000,
        "grossProfitRatio": 0.2971530249,
        "researchAndDevelopmentExpenses": 0,
        "generalAndAdministrativeExpenses": 0,
        "sellingAndMarketingExpenses": 0,
        "sellingGeneralAndAdministrativeExpenses": 501000000,
        "otherExpenses": 85000000,
        "operatingExpenses": 586000000,
        "costAndExpenses": 2166000000,
        "interestIncome": 0,
        "interestExpense": 2000000,
        "depreciationAndAmortization": 49000000,
        "ebitda": 128000000,
        "ebitdaratio": 0.0569395018,
        "operatingIncome": 82000000,
        "operatingIncomeRatio": 0.0364768683,
        "totalOtherIncomeExpensesNet": -5000000,
        "incomeBeforeTax": 77000000,
        "incomeBeforeTaxRatio": 0.034252669,
        "incomeTaxExpense": 22000000,
        "netIncome": 49000000,
        "netIncomeRatio": 0.021797153,
        "eps": 0.64,
        "epsdiluted": 0.58,
        "weightedAverageShsOut": 94924000,
        "weightedAverageShsOutDil": 95600000,
        "link": "https://www.sec.gov/Archives/edgar/data/850209/000143774925009620/0001437749-25-009620-index.htm",
        "finalLink": "https://www.sec.gov/Archives/edgar/data/850209/000143774925009620/floc20241213_10k.htm"
    },
    {
        "date": "2024-11-02",
        "symbol": "FL",
        "reportedCurrency": "USD",
        "cik": "0000850209",
        "fillingDate": "2024-12-11",
        "acceptedDate": "2024-12-11 16:24:12",
        "calendarYear": "2024",
        "period": "Q3",
        "revenue": 1961000000,
        "costOfRevenue": 1378000000,
        "grossProfit": 583000000,
        "grossProfitRatio": 0.2972972973,
        "researchAndDevelopmentExpenses": 0,
        "generalAndAdministrativeExpenses": 0,
        "sellingAndMarketingExpenses": 0,
        "sellingGeneralAndAdministrativeExpenses": 482000000,
        "otherExpenses": 89000000,
        "operatingExpenses": 571000000,
        "costAndExpenses": 1949000000,
        "interestIncome": 0,
        "interestExpense": 2000000,
        "depreciationAndAmortization": 51000000,
        "ebitda": 28000000,
        "ebitdaratio": 0.0142784294,
        "operatingIncome": 12000000,
        "operatingIncomeRatio": 0.0061193269,
        "totalOtherIncomeExpensesNet": -37000000,
        "incomeBeforeTax": -25000000,
        "incomeBeforeTaxRatio": -0.0127485977,
        "incomeTaxExpense": 8000000,
        "netIncome": -33000000,
        "netIncomeRatio": -0.0168281489,
        "eps": -0.35,
        "epsdiluted": -0.35,
        "weightedAverageShsOut": 94881000,
        "weightedAverageShsOutDil": 95000000,
        "link": "https://www.sec.gov/Archives/edgar/data/850209/000143774924037241/0001437749-24-037241-index.htm",
        "finalLink": "https://www.sec.gov/Archives/edgar/data/850209/000143774924037241/floc20241102_10q.htm"
    },
    {
        "date": "2024-08-03",
        "symbol": "FL",
        "reportedCurrency": "USD",
        "cik": "0000850209",
        "fillingDate": "2024-09-11",
        "acceptedDate": "2024-09-11 16:11:08",
        "calendarYear": "2024",
        "period": "Q2",
        "revenue": 1900000000,
        "costOfRevenue": 1373000000,
        "grossProfit": 527000000,
        "grossProfitRatio": 0.2773684211,
        "researchAndDevelopmentExpenses": 0,
        "generalAndAdministrativeExpenses": 0,
        "sellingAndMarketingExpenses": 0,
        "sellingGeneralAndAdministrativeExpenses": 476000000,
        "otherExpenses": 60000000,
        "operatingExpenses": 536000000,
        "costAndExpenses": 1909000000,
        "interestIncome": 0,
        "interestExpense": 3000000,
        "depreciationAndAmortization": 51000000,
        "ebitda": 40000000,
        "ebitdaratio": 0.0210526316,
        "operatingIncome": -9000000,
        "operatingIncomeRatio": -0.0047368421,
        "totalOtherIncomeExpensesNet": -5000000,
        "incomeBeforeTax": -14000000,
        "incomeBeforeTaxRatio": -0.0073684211,
        "incomeTaxExpense": -2000000,
        "netIncome": -12000000,
        "netIncomeRatio": -0.0063157895,
        "eps": -0.13,
        "epsdiluted": -0.13,
        "weightedAverageShsOut": 95000000,
        "weightedAverageShsOutDil": 95000000,
        "link": "https://www.sec.gov/Archives/edgar/data/850209/000143774924028967/0001437749-24-028967-index.htm",
        "finalLink": "https://www.sec.gov/Archives/edgar/data/850209/000143774924028967/floc20240803_10q.htm"
    },
    {
        "date": "2024-05-04",
        "symbol": "FL",
        "reportedCurrency": "USD",
        "cik": "0000850209",
        "fillingDate": "2024-06-12",
        "acceptedDate": "2024-06-12 16:13:29",
        "calendarYear": "2024",
        "period": "Q1",
        "revenue": 1879000000,
        "costOfRevenue": 1335000000,
        "grossProfit": 544000000,
        "grossProfitRatio": 0.2895156998,
        "researchAndDevelopmentExpenses": 0,
        "generalAndAdministrativeExpenses": 461000000,
        "sellingAndMarketingExpenses": 0,
        "sellingGeneralAndAdministrativeExpenses": 461000000,
        "otherExpenses": 65000000,
        "operatingExpenses": 526000000,
        "costAndExpenses": 1861000000,
        "interestIncome": 0,
        "interestExpense": 1000000,
        "depreciationAndAmortization": 51000000,
        "ebitda": 65000000,
        "ebitdaratio": 0.0345928685,
        "operatingIncome": 18000000,
        "operatingIncomeRatio": 0.0095795636,
        "totalOtherIncomeExpensesNet": -5000000,
        "incomeBeforeTax": 13000000,
        "incomeBeforeTaxRatio": 0.0069185737,
        "incomeTaxExpense": 5000000,
        "netIncome": 8000000,
        "netIncomeRatio": 0.0042575838,
        "eps": 0.09,
        "epsdiluted": 0.09,
        "weightedAverageShsOut": 94700000,
        "weightedAverageShsOutDil": 95300000,
        "link": "https://www.sec.gov/Archives/edgar/data/850209/000143774924020080/0001437749-24-020080-index.htm",
        "finalLink": "https://www.sec.gov/Archives/edgar/data/850209/000143774924020080/floc20240421_10q.htm"
    },
    {
        "date": "2024-02-03",
        "symbol": "FL",
        "reportedCurrency": "USD",
        "cik": "0000850209",
        "fillingDate": "2024-03-28",
        "acceptedDate": "2024-03-28 17:03:41",
        "calendarYear": "2023",
        "period": "Q4",
        "revenue": 2384000000,
        "costOfRevenue": 1797000000,
        "grossProfit": 587000000,
        "grossProfitRatio": 0.2462248322,
        "researchAndDevelopmentExpenses": 0,
        "generalAndAdministrativeExpenses": 610000000,
        "sellingAndMarketingExpenses": -77000000,
        "sellingGeneralAndAdministrativeExpenses": 533000000,
        "otherExpenses": 1000000,
        "operatingExpenses": 533000000,
        "costAndExpenses": 2330000000,
        "interestIncome": 0,
        "interestExpense": 2000000,
        "depreciationAndAmortization": 51000000,
        "ebitda": -466000000,
        "ebitdaratio": -0.1954697987,
        "operatingIncome": 54000000,
        "operatingIncomeRatio": 0.0226510067,
        "totalOtherIncomeExpensesNet": -578000000,
        "incomeBeforeTax": -524000000,
        "incomeBeforeTaxRatio": -0.2197986577,
        "incomeTaxExpense": -135000000,
        "netIncome": -389000000,
        "netIncomeRatio": -0.1631711409,
        "eps": -4.13,
        "epsdiluted": -4.13,
        "weightedAverageShsOut": 94184819,
        "weightedAverageShsOutDil": 94184819,
        "link": "https://www.sec.gov/Archives/edgar/data/850209/000143774924009866/0001437749-24-009866-index.htm",
        "finalLink": "https://www.sec.gov/Archives/edgar/data/850209/000143774924009866/floc20240203_10k.htm"
    },
    {
        "date": "2023-10-28",
        "symbol": "FL",
        "reportedCurrency": "USD",
        "cik": "0000850209",
        "fillingDate": "2023-12-06",
        "acceptedDate": "2023-12-06 16:23:46",
        "calendarYear": "2023",
        "period": "Q3",
        "revenue": 1989000000,
        "costOfRevenue": 1443000000,
        "grossProfit": 546000000,
        "grossProfitRatio": 0.2745098039,
        "researchAndDevelopmentExpenses": 0,
        "generalAndAdministrativeExpenses": 448000000,
        "sellingAndMarketingExpenses": -2000000,
        "sellingGeneralAndAdministrativeExpenses": 446000000,
        "otherExpenses": 2000000,
        "operatingExpenses": 493000000,
        "costAndExpenses": 1936000000,
        "interestIncome": 4000000,
        "interestExpense": 2000000,
        "depreciationAndAmortization": 47000000,
        "ebitda": 99000000,
        "ebitdaratio": 0.0497737557,
        "operatingIncome": 47000000,
        "operatingIncomeRatio": 0.0236299648,
        "totalOtherIncomeExpensesNet": 0,
        "incomeBeforeTax": 47000000,
        "incomeBeforeTaxRatio": 0.0236299648,
        "incomeTaxExpense": 19000000,
        "netIncome": 28000000,
        "netIncomeRatio": 0.0140774258,
        "eps": 0.3,
        "epsdiluted": 0.3,
        "weightedAverageShsOut": 94300000,
        "weightedAverageShsOutDil": 94700000,
        "link": "https://www.sec.gov/Archives/edgar/data/850209/000143774923033771/0001437749-23-033771-index.htm",
        "finalLink": "https://www.sec.gov/Archives/edgar/data/850209/000143774923033771/floc20231028_10q.htm"
    },
    {
        "date": "2023-07-29",
        "symbol": "FL",
        "reportedCurrency": "USD",
        "cik": "0000850209",
        "fillingDate": "2023-09-06",
        "acceptedDate": "2023-09-06 16:16:21",
        "calendarYear": "2023",
        "period": "Q2",
        "revenue": 1864000000,
        "costOfRevenue": 1357000000,
        "grossProfit": 507000000,
        "grossProfitRatio": 0.2719957082,
        "researchAndDevelopmentExpenses": 0,
        "generalAndAdministrativeExpenses": 444000000,
        "sellingAndMarketingExpenses": -2000000,
        "sellingGeneralAndAdministrativeExpenses": 442000000,
        "otherExpenses": -9000000,
        "operatingExpenses": 492000000,
        "costAndExpenses": 1849000000,
        "interestIncome": 0,
        "interestExpense": 4000000,
        "depreciationAndAmortization": 50000000,
        "ebitda": 51000000,
        "ebitdaratio": 0.027360515,
        "operatingIncome": 1000000,
        "operatingIncomeRatio": 0.0005364807,
        "totalOtherIncomeExpensesNet": -4000000,
        "incomeBeforeTax": -3000000,
        "incomeBeforeTaxRatio": -0.0016094421,
        "incomeTaxExpense": 2000000,
        "netIncome": -5000000,
        "netIncomeRatio": -0.0026824034,
        "eps": -0.0531,
        "epsdiluted": -0.0531,
        "weightedAverageShsOut": 94200000,
        "weightedAverageShsOutDil": 94200000,
        "link": "https://www.sec.gov/Archives/edgar/data/850209/000143774923025308/0001437749-23-025308-index.htm",
        "finalLink": "https://www.sec.gov/Archives/edgar/data/850209/000143774923025308/floc20230729_10q.htm"
    },
    {
        "date": "2023-04-29",
        "symbol": "FL",
        "reportedCurrency": "USD",
        "cik": "0000850209",
        "fillingDate": "2023-06-07",
        "acceptedDate": "2023-06-07 16:17:42",
        "calendarYear": "2023",
        "period": "Q1",
        "revenue": 1931000000,
        "costOfRevenue": 1349000000,
        "grossProfit": 582000000,
        "grossProfitRatio": 0.3013982393,
        "researchAndDevelopmentExpenses": 0,
        "generalAndAdministrativeExpenses": 431000000,
        "sellingAndMarketingExpenses": 0,
        "sellingGeneralAndAdministrativeExpenses": 431000000,
        "otherExpenses": 90000000,
        "operatingExpenses": 521000000,
        "costAndExpenses": 1870000000,
        "interestIncome": 0,
        "interestExpense": 1000000,
        "depreciationAndAmortization": 51000000,
        "ebitda": 109000000,
        "ebitdaratio": 0.0564474366,
        "operatingIncome": 61000000,
        "operatingIncomeRatio": 0.0315898498,
        "totalOtherIncomeExpensesNet": -4000000,
        "incomeBeforeTax": 57000000,
        "incomeBeforeTaxRatio": 0.0295183843,
        "incomeTaxExpense": 21000000,
        "netIncome": 36000000,
        "netIncomeRatio": 0.0186431901,
        "eps": 0.39,
        "epsdiluted": 0.38,
        "weightedAverageShsOut": 93700000,
        "weightedAverageShsOutDil": 95100000,
        "link": "https://www.sec.gov/Archives/edgar/data/850209/000143774923016867/0001437749-23-016867-index.htm",
        "finalLink": "https://www.sec.gov/Archives/edgar/data/850209/000143774923016867/floc20230429c_10q.htm"
    },
    {
        "date": "2023-01-28",
        "symbol": "FL",
        "reportedCurrency": "USD",
        "cik": "0000850209",
        "fillingDate": "2023-03-27",
        "acceptedDate": "2023-03-27 17:00:26",
        "calendarYear": "2022",
        "period": "Q4",
        "revenue": 2346000000,
        "costOfRevenue": 1632000000,
        "grossProfit": 714000000,
        "grossProfitRatio": 0.3043478261,
        "researchAndDevelopmentExpenses": 0,
        "generalAndAdministrativeExpenses": 521000000,
        "sellingAndMarketingExpenses": 0,
        "sellingGeneralAndAdministrativeExpenses": 521000000,
        "otherExpenses": 125000000,
        "operatingExpenses": 646000000,
        "costAndExpenses": 2278000000,
        "interestIncome": 4000000,
        "interestExpense": 6000000,
        "depreciationAndAmortization": 51000000,
        "ebitda": 96000000,
        "ebitdaratio": 0.0409207161,
        "operatingIncome": 68000000,
        "operatingIncomeRatio": 0.0289855072,
        "totalOtherIncomeExpensesNet": -20000000,
        "incomeBeforeTax": 48000000,
        "incomeBeforeTaxRatio": 0.0204603581,
        "incomeTaxExpense": 26000000,
        "netIncome": 19000000,
        "netIncomeRatio": 0.0080988917,
        "eps": 0.2,
        "epsdiluted": 0.2,
        "weightedAverageShsOut": 95000000,
        "weightedAverageShsOutDil": 95000000,
        "link": "https://www.sec.gov/Archives/edgar/data/850209/000085020923000006/0000850209-23-000006-index.htm",
        "finalLink": "https://www.sec.gov/Archives/edgar/data/850209/000085020923000006/fl-20230128x10k.htm"
    },
    {
        "date": "2022-10-29",
        "symbol": "FL",
        "reportedCurrency": "USD",
        "cik": "0000850209",
        "fillingDate": "2022-12-07",
        "acceptedDate": "2022-12-07 16:12:59",
        "calendarYear": "2022",
        "period": "Q3",
        "revenue": 2176000000,
        "costOfRevenue": 1477000000,
        "grossProfit": 699000000,
        "grossProfitRatio": 0.3212316176,
        "researchAndDevelopmentExpenses": 0,
        "generalAndAdministrativeExpenses": 467000000,
        "sellingAndMarketingExpenses": 0,
        "sellingGeneralAndAdministrativeExpenses": 467000000,
        "otherExpenses": 52000000,
        "operatingExpenses": 519000000,
        "costAndExpenses": 1996000000,
        "interestIncome": 3000000,
        "interestExpense": 6000000,
        "depreciationAndAmortization": 52000000,
        "ebitda": 215000000,
        "ebitdaratio": 0.0988051471,
        "operatingIncome": 160000000,
        "operatingIncomeRatio": 0.0735294118,
        "totalOtherIncomeExpensesNet": -17000000,
        "incomeBeforeTax": 143000000,
        "incomeBeforeTaxRatio": 0.0657169118,
        "incomeTaxExpense": 47000000,
        "netIncome": 96000000,
        "netIncomeRatio": 0.0441176471,
        "eps": 1.03,
        "epsdiluted": 1.01,
        "weightedAverageShsOut": 93319721,
        "weightedAverageShsOutDil": 94700000,
        "link": "https://www.sec.gov/Archives/edgar/data/850209/000085020922000025/0000850209-22-000025-index.htm",
        "finalLink": "https://www.sec.gov/Archives/edgar/data/850209/000085020922000025/fl-20221029x10q.htm"
    },
    {
        "date": "2022-07-30",
        "symbol": "FL",
        "reportedCurrency": "USD",
        "cik": "0000850209",
        "fillingDate": "2022-09-07",
        "acceptedDate": "2022-09-07 16:11:49",
        "calendarYear": "2022",
        "period": "Q2",
        "revenue": 2065000000,
        "costOfRevenue": 1462000000,
        "grossProfit": 603000000,
        "grossProfitRatio": 0.2920096852,
        "researchAndDevelopmentExpenses": 0,
        "generalAndAdministrativeExpenses": 0,
        "sellingAndMarketingExpenses": 0,
        "sellingGeneralAndAdministrativeExpenses": 452000000,
        "otherExpenses": 0,
        "operatingExpenses": 452000000,
        "costAndExpenses": 1914000000,
        "interestIncome": 1000000,
        "interestExpense": 6000000,
        "depreciationAndAmortization": 51000000,
        "ebitda": 196000000,
        "ebitdaratio": 0.0949152542,
        "operatingIncome": 151000000,
        "operatingIncomeRatio": 0.0731234867,
        "totalOtherIncomeExpensesNet": -8000000,
        "incomeBeforeTax": 143000000,
        "incomeBeforeTaxRatio": 0.0692493947,
        "incomeTaxExpense": 49000000,
        "netIncome": 94000000,
        "netIncomeRatio": 0.0455205811,
        "eps": 1,
        "epsdiluted": 0.99,
        "weightedAverageShsOut": 94100000,
        "weightedAverageShsOutDil": 95100000,
        "link": "https://www.sec.gov/Archives/edgar/data/850209/000085020922000022/0000850209-22-000022-index.htm",
        "finalLink": "https://www.sec.gov/Archives/edgar/data/850209/000085020922000022/fl-20220730x10q.htm"
    },
    {
        "date": "2022-04-30",
        "symbol": "FL",
        "reportedCurrency": "USD",
        "cik": "0000850209",
        "fillingDate": "2022-06-08",
        "acceptedDate": "2022-06-08 16:59:18",
        "calendarYear": "2022",
        "period": "Q1",
        "revenue": 2175000000,
        "costOfRevenue": 1435000000,
        "grossProfit": 740000000,
        "grossProfitRatio": 0.3402298851,
        "researchAndDevelopmentExpenses": 0,
        "generalAndAdministrativeExpenses": 0,
        "sellingAndMarketingExpenses": 0,
        "sellingGeneralAndAdministrativeExpenses": 463000000,
        "otherExpenses": 54000000,
        "operatingExpenses": 517000000,
        "costAndExpenses": 1952000000,
        "interestIncome": 1000000,
        "interestExpense": 6000000,
        "depreciationAndAmortization": 54000000,
        "ebitda": 279000000,
        "ebitdaratio": 0.1282758621,
        "operatingIncome": 217000000,
        "operatingIncomeRatio": 0.0997701149,
        "totalOtherIncomeExpensesNet": -27000000,
        "incomeBeforeTax": 190000000,
        "incomeBeforeTaxRatio": 0.0873563218,
        "incomeTaxExpense": 58000000,
        "netIncome": 133000000,
        "netIncomeRatio": 0.0611494253,
        "eps": 1.38,
        "epsdiluted": 1.37,
        "weightedAverageShsOut": 96100000,
        "weightedAverageShsOutDil": 97200000,
        "link": "https://www.sec.gov/Archives/edgar/data/850209/000085020922000011/0000850209-22-000011-index.htm",
        "finalLink": "https://www.sec.gov/Archives/edgar/data/850209/000085020922000011/fl-20220430x10q.htm"
    },
    {
        "date": "2022-01-29",
        "symbol": "FL",
        "reportedCurrency": "USD",
        "cik": "0000850209",
        "fillingDate": "2022-03-24",
        "acceptedDate": "2022-03-24 16:28:30",
        "calendarYear": "2021",
        "period": "Q4",
        "revenue": 2341000000,
        "costOfRevenue": 1568000000,
        "grossProfit": 773000000,
        "grossProfitRatio": 0.3302007689,
        "researchAndDevelopmentExpenses": 0,
        "generalAndAdministrativeExpenses": 331000000,
        "sellingAndMarketingExpenses": 194000000,
        "sellingGeneralAndAdministrativeExpenses": 525000000,
        "otherExpenses": 35000000,
        "operatingExpenses": 580000000,
        "costAndExpenses": 2148000000,
        "interestIncome": 1000000,
        "interestExpense": 7000000,
        "depreciationAndAmortization": 55000000,
        "ebitda": 273000000,
        "ebitdaratio": 0.1166168304,
        "operatingIncome": 118000000,
        "operatingIncomeRatio": 0.0504058095,
        "totalOtherIncomeExpensesNet": 19000000,
        "incomeBeforeTax": 147000000,
        "incomeBeforeTaxRatio": 0.0627936779,
        "incomeTaxExpense": 45000000,
        "netIncome": 103000000,
        "netIncomeRatio": 0.0439982913,
        "eps": 1.06,
        "epsdiluted": 1.02,
        "weightedAverageShsOut": 97020796,
        "weightedAverageShsOutDil": 100600000,
        "link": "https://www.sec.gov/Archives/edgar/data/850209/000085020922000003/0000850209-22-000003-index.htm",
        "finalLink": "https://www.sec.gov/Archives/edgar/data/850209/000085020922000003/fl-20220129x10k.htm"
    },
    {
        "date": "2021-10-30",
        "symbol": "FL",
        "reportedCurrency": "USD",
        "cik": "0000850209",
        "fillingDate": "2021-12-08",
        "acceptedDate": "2021-12-08 16:17:08",
        "calendarYear": "2021",
        "period": "Q3",
        "revenue": 2189000000,
        "costOfRevenue": 1429000000,
        "grossProfit": 760000000,
        "grossProfitRatio": 0.3471904979,
        "researchAndDevelopmentExpenses": 0,
        "generalAndAdministrativeExpenses": 0,
        "sellingAndMarketingExpenses": 0,
        "sellingGeneralAndAdministrativeExpenses": 458000000,
        "otherExpenses": 30000000,
        "operatingExpenses": 507000000,
        "costAndExpenses": 1936000000,
        "interestIncome": 0,
        "interestExpense": 4000000,
        "depreciationAndAmortization": 49000000,
        "ebitda": 300000000,
        "ebitdaratio": 0.1370488808,
        "operatingIncome": 196000000,
        "operatingIncomeRatio": 0.0895386021,
        "totalOtherIncomeExpensesNet": 26000000,
        "incomeBeforeTax": 222000000,
        "incomeBeforeTaxRatio": 0.1014161718,
        "incomeTaxExpense": 64000000,
        "netIncome": 158000000,
        "netIncomeRatio": 0.0721790772,
        "eps": 1.53,
        "epsdiluted": 1.52,
        "weightedAverageShsOut": 103200000,
        "weightedAverageShsOutDil": 104400000,
        "link": "https://www.sec.gov/Archives/edgar/data/850209/000085020921000014/0000850209-21-000014-index.htm",
        "finalLink": "https://www.sec.gov/Archives/edgar/data/850209/000085020921000014/fl-20211030x10q.htm"
    },
    {
        "date": "2021-07-31",
        "symbol": "FL",
        "reportedCurrency": "USD",
        "cik": "0000850209",
        "fillingDate": "2021-09-09",
        "acceptedDate": "2021-09-09 16:20:47",
        "calendarYear": "2021",
        "period": "Q2",
        "revenue": 2275000000,
        "costOfRevenue": 1477000000,
        "grossProfit": 798000000,
        "grossProfitRatio": 0.3507692308,
        "researchAndDevelopmentExpenses": 0,
        "generalAndAdministrativeExpenses": 0,
        "sellingAndMarketingExpenses": 0,
        "sellingGeneralAndAdministrativeExpenses": 450000000,
        "otherExpenses": 325000000,
        "operatingExpenses": 498000000,
        "costAndExpenses": 1975000000,
        "interestIncome": 1000000,
        "interestExpense": 3000000,
        "depreciationAndAmortization": 48000000,
        "ebitda": 339000000,
        "ebitdaratio": 0.149010989,
        "operatingIncome": 264000000,
        "operatingIncomeRatio": 0.116043956,
        "totalOtherIncomeExpensesNet": 323000000,
        "incomeBeforeTax": 587000000,
        "incomeBeforeTaxRatio": 0.258021978,
        "incomeTaxExpense": 157000000,
        "netIncome": 430000000,
        "netIncomeRatio": 0.189010989,
        "eps": 4.14,
        "epsdiluted": 4.09,
        "weightedAverageShsOut": 103800000,
        "weightedAverageShsOutDil": 105200000,
        "link": "https://www.sec.gov/Archives/edgar/data/850209/000085020921000011/0000850209-21-000011-index.htm",
        "finalLink": "https://www.sec.gov/Archives/edgar/data/850209/000085020921000011/fl-20210731x10q.htm"
    },
    {
        "date": "2021-05-01",
        "symbol": "FL",
        "reportedCurrency": "USD",
        "cik": "0000850209",
        "fillingDate": "2021-06-09",
        "acceptedDate": "2021-06-09 16:16:56",
        "calendarYear": "2021",
        "period": "Q1",
        "revenue": 2153000000,
        "costOfRevenue": 1404000000,
        "grossProfit": 749000000,
        "grossProfitRatio": 0.3478866698,
        "researchAndDevelopmentExpenses": 0,
        "generalAndAdministrativeExpenses": 418000000,
        "sellingAndMarketingExpenses": 0,
        "sellingGeneralAndAdministrativeExpenses": 418000000,
        "otherExpenses": 4000000,
        "operatingExpenses": 463000000,
        "costAndExpenses": 1867000000,
        "interestIncome": 1000000,
        "interestExpense": 3000000,
        "depreciationAndAmortization": 45000000,
        "ebitda": 323000000,
        "ebitdaratio": 0.1500232234,
        "operatingIncome": 282000000,
        "operatingIncomeRatio": 0.1309800279,
        "totalOtherIncomeExpensesNet": 2000000,
        "incomeBeforeTax": 284000000,
        "incomeBeforeTaxRatio": 0.1319089642,
        "incomeTaxExpense": 82000000,
        "netIncome": 202000000,
        "netIncomeRatio": 0.0938225732,
        "eps": 1.95,
        "epsdiluted": 1.93,
        "weightedAverageShsOut": 103600000,
        "weightedAverageShsOutDil": 105000000,
        "link": "https://www.sec.gov/Archives/edgar/data/850209/000155837021008150/0001558370-21-008150-index.htm",
        "finalLink": "https://www.sec.gov/Archives/edgar/data/850209/000155837021008150/fl-20210501x10q.htm"
    },
    {
        "date": "2021-01-30",
        "symbol": "FL",
        "reportedCurrency": "USD",
        "cik": "0000850209",
        "fillingDate": "2021-03-25",
        "acceptedDate": "2021-03-25 16:34:36",
        "calendarYear": "2020",
        "period": "Q4",
        "revenue": 2189000000,
        "costOfRevenue": 1465000000,
        "grossProfit": 724000000,
        "grossProfitRatio": 0.3307446323,
        "researchAndDevelopmentExpenses": 0,
        "generalAndAdministrativeExpenses": 316000000,
        "sellingAndMarketingExpenses": 144000000,
        "sellingGeneralAndAdministrativeExpenses": 460000000,
        "otherExpenses": 1000000,
        "operatingExpenses": 504000000,
        "costAndExpenses": 1969000000,
        "interestIncome": 1000000,
        "interestExpense": 3000000,
        "depreciationAndAmortization": 44000000,
        "ebitda": 242000000,
        "ebitdaratio": 0.1105527638,
        "operatingIncome": 161000000,
        "operatingIncomeRatio": 0.073549566,
        "totalOtherIncomeExpensesNet": -1000000,
        "incomeBeforeTax": 160000000,
        "incomeBeforeTaxRatio": 0.0730927364,
        "incomeTaxExpense": 37000000,
        "netIncome": 123000000,
        "netIncomeRatio": 0.0561900411,
        "eps": 1.19,
        "epsdiluted": 1.17,
        "weightedAverageShsOut": 103619123,
        "weightedAverageShsOutDil": 105200000,
        "link": "https://www.sec.gov/Archives/edgar/data/850209/000085020921000003/0000850209-21-000003-index.htm",
        "finalLink": "https://www.sec.gov/Archives/edgar/data/850209/000085020921000003/fl-20210130x10k.htm"
    },
    {
        "date": "2020-10-31",
        "symbol": "FL",
        "reportedCurrency": "USD",
        "cik": "0000850209",
        "fillingDate": "2020-12-09",
        "acceptedDate": "2020-12-09 16:16:25",
        "calendarYear": "2020",
        "period": "Q3",
        "revenue": 2106000000,
        "costOfRevenue": 1456000000,
        "grossProfit": 650000000,
        "grossProfitRatio": 0.3086419753,
        "researchAndDevelopmentExpenses": 0,
        "generalAndAdministrativeExpenses": 424000000,
        "sellingAndMarketingExpenses": 0,
        "sellingGeneralAndAdministrativeExpenses": 424000000,
        "otherExpenses": 193000000,
        "operatingExpenses": 468000000,
        "costAndExpenses": 1924000000,
        "interestIncome": 1000000,
        "interestExpense": 3000000,
        "depreciationAndAmortization": 44000000,
        "ebitda": 190000000,
        "ebitdaratio": 0.0902184236,
        "operatingIncome": 178000000,
        "operatingIncomeRatio": 0.0845204179,
        "totalOtherIncomeExpensesNet": 191000000,
        "incomeBeforeTax": 369000000,
        "incomeBeforeTaxRatio": 0.1752136752,
        "incomeTaxExpense": 104000000,
        "netIncome": 265000000,
        "netIncomeRatio": 0.1258309592,
        "eps": 2.54,
        "epsdiluted": 2.52,
        "weightedAverageShsOut": 104400000,
        "weightedAverageShsOutDil": 105300000,
        "link": "https://www.sec.gov/Archives/edgar/data/850209/000085020920000031/0000850209-20-000031-index.htm",
        "finalLink": "https://www.sec.gov/Archives/edgar/data/850209/000085020920000031/fl-20201031x10q.htm"
    },
    {
        "date": "2020-08-01",
        "symbol": "FL",
        "reportedCurrency": "USD",
        "cik": "0000850209",
        "fillingDate": "2020-09-09",
        "acceptedDate": "2020-09-09 16:27:57",
        "calendarYear": "2020",
        "period": "Q2",
        "revenue": 2077000000,
        "costOfRevenue": 1539000000,
        "grossProfit": 538000000,
        "grossProfitRatio": 0.2590274434,
        "researchAndDevelopmentExpenses": 0,
        "generalAndAdministrativeExpenses": 387000000,
        "sellingAndMarketingExpenses": 0,
        "sellingGeneralAndAdministrativeExpenses": 387000000,
        "otherExpenses": 3000000,
        "operatingExpenses": 431000000,
        "costAndExpenses": 1970000000,
        "interestIncome": 2000000,
        "interestExpense": 4000000,
        "depreciationAndAmortization": 44000000,
        "ebitda": 129000000,
        "ebitdaratio": 0.0621088108,
        "operatingIncome": 69000000,
        "operatingIncomeRatio": 0.0332209918,
        "totalOtherIncomeExpensesNet": 1000000,
        "incomeBeforeTax": 70000000,
        "incomeBeforeTaxRatio": 0.0337024555,
        "incomeTaxExpense": 25000000,
        "netIncome": 45000000,
        "netIncomeRatio": 0.0216658642,
        "eps": 0.43,
        "epsdiluted": 0.43,
        "weightedAverageShsOut": 104500000,
        "weightedAverageShsOutDil": 105100000,
        "link": "https://www.sec.gov/Archives/edgar/data/850209/000085020920000027/0000850209-20-000027-index.htm",
        "finalLink": "https://www.sec.gov/Archives/edgar/data/850209/000085020920000027/fl-20200801x10q.htm"
    },
    {
        "date": "2020-05-02",
        "symbol": "FL",
        "reportedCurrency": "USD",
        "cik": "0000850209",
        "fillingDate": "2020-06-10",
        "acceptedDate": "2020-06-10 16:51:41",
        "calendarYear": "2020",
        "period": "Q1",
        "revenue": 1176000000,
        "costOfRevenue": 905000000,
        "grossProfit": 271000000,
        "grossProfitRatio": 0.2304421769,
        "researchAndDevelopmentExpenses": 0,
        "generalAndAdministrativeExpenses": 316000000,
        "sellingAndMarketingExpenses": 0,
        "sellingGeneralAndAdministrativeExpenses": 316000000,
        "otherExpenses": 1000000,
        "operatingExpenses": 360000000,
        "costAndExpenses": 1265000000,
        "interestIncome": 2000000,
        "interestExpense": 3000000,
        "depreciationAndAmortization": 44000000,
        "ebitda": -58000000,
        "ebitdaratio": -0.0493197279,
        "operatingIncome": -105000000,
        "operatingIncomeRatio": -0.0892857143,
        "totalOtherIncomeExpensesNet": 0,
        "incomeBeforeTax": -105000000,
        "incomeBeforeTaxRatio": -0.0892857143,
        "incomeTaxExpense": 5000000,
        "netIncome": -110000000,
        "netIncomeRatio": -0.093537415,
        "eps": -1.06,
        "epsdiluted": -1.05,
        "weightedAverageShsOut": 103773584,
        "weightedAverageShsOutDil": 104300000,
        "link": "https://www.sec.gov/Archives/edgar/data/850209/000085020920000013/0000850209-20-000013-index.htm",
        "finalLink": "https://www.sec.gov/Archives/edgar/data/850209/000085020920000013/fl-20200502x10q.htm"
    },
    {
        "date": "2020-02-01",
        "symbol": "FL",
        "reportedCurrency": "USD",
        "cik": "0000850209",
        "fillingDate": "2020-03-27",
        "acceptedDate": "2020-03-27 16:48:38",
        "calendarYear": "2019",
        "period": "Q4",
        "revenue": 2221000000,
        "costOfRevenue": 1521000000,
        "grossProfit": 700000000,
        "grossProfitRatio": 0.3151733453,
        "researchAndDevelopmentExpenses": 0,
        "generalAndAdministrativeExpenses": 263000000,
        "sellingAndMarketingExpenses": 166000000,
        "sellingGeneralAndAdministrativeExpenses": 429000000,
        "otherExpenses": 4000000,
        "operatingExpenses": 475000000,
        "costAndExpenses": 1996000000,
        "interestIncome": 4000000,
        "interestExpense": 2000000,
        "depreciationAndAmortization": 45000000,
        "ebitda": 271000000,
        "ebitdaratio": 0.1220171094,
        "operatingIncome": 186000000,
        "operatingIncomeRatio": 0.0837460603,
        "totalOtherIncomeExpensesNet": 16000000,
        "incomeBeforeTax": 192000000,
        "incomeBeforeTaxRatio": 0.0864475462,
        "incomeTaxExpense": 51000000,
        "netIncome": 141000000,
        "netIncomeRatio": 0.0634849167,
        "eps": 1.35,
        "epsdiluted": 1.34,
        "weightedAverageShsOut": 104187310,
        "weightedAverageShsOutDil": 105200000,
        "link": "https://www.sec.gov/Archives/edgar/data/850209/000085020920000007/0000850209-20-000007-index.htm",
        "finalLink": "https://www.sec.gov/Archives/edgar/data/850209/000085020920000007/fl-20200201x10k.htm"
    },
    {
        "date": "2019-11-02",
        "symbol": "FL",
        "reportedCurrency": "USD",
        "cik": "0000850209",
        "fillingDate": "2019-12-11",
        "acceptedDate": "2019-12-11 17:01:25",
        "calendarYear": "2019",
        "period": "Q3",
        "revenue": 1932000000,
        "costOfRevenue": 1312000000,
        "grossProfit": 620000000,
        "grossProfitRatio": 0.3209109731,
        "researchAndDevelopmentExpenses": 0,
        "generalAndAdministrativeExpenses": 411000000,
        "sellingAndMarketingExpenses": 0,
        "sellingGeneralAndAdministrativeExpenses": 411000000,
        "otherExpenses": 4000000,
        "operatingExpenses": 455000000,
        "costAndExpenses": 1767000000,
        "interestIncome": 6000000,
        "interestExpense": 3000000,
        "depreciationAndAmortization": 44000000,
        "ebitda": 208000000,
        "ebitdaratio": 0.1076604555,
        "operatingIncome": 164000000,
        "operatingIncomeRatio": 0.0848861284,
        "totalOtherIncomeExpensesNet": 7000000,
        "incomeBeforeTax": 171000000,
        "incomeBeforeTaxRatio": 0.0885093168,
        "incomeTaxExpense": 46000000,
        "netIncome": 125000000,
        "netIncomeRatio": 0.064699793,
        "eps": 1.16,
        "epsdiluted": 1.16,
        "weightedAverageShsOut": 106900000,
        "weightedAverageShsOutDil": 107200000,
        "link": "https://www.sec.gov/Archives/edgar/data/850209/000085020919000011/0000850209-19-000011-index.htm",
        "finalLink": "https://www.sec.gov/Archives/edgar/data/850209/000085020919000011/fl-20191102x10q.htm"
    },
    {
        "date": "2019-08-03",
        "symbol": "FL",
        "reportedCurrency": "USD",
        "cik": "0000850209",
        "fillingDate": "2019-09-11",
        "acceptedDate": "2019-09-11 17:15:31",
        "calendarYear": "2019",
        "period": "Q2",
        "revenue": 1774000000,
        "costOfRevenue": 1240000000,
        "grossProfit": 534000000,
        "grossProfitRatio": 0.3010146561,
        "researchAndDevelopmentExpenses": 0,
        "generalAndAdministrativeExpenses": 393000000,
        "sellingAndMarketingExpenses": 0,
        "sellingGeneralAndAdministrativeExpenses": 393000000,
        "otherExpenses": 2000000,
        "operatingExpenses": 439000000,
        "costAndExpenses": 1679000000,
        "interestIncome": 5000000,
        "interestExpense": 3000000,
        "depreciationAndAmortization": 46000000,
        "ebitda": 134000000,
        "ebitdaratio": 0.075535513,
        "operatingIncome": 81000000,
        "operatingIncomeRatio": 0.0456595265,
        "totalOtherIncomeExpensesNet": 4000000,
        "incomeBeforeTax": 85000000,
        "incomeBeforeTaxRatio": 0.0479143179,
        "incomeTaxExpense": 25000000,
        "netIncome": 60000000,
        "netIncomeRatio": 0.0338218715,
        "eps": 0.55,
        "epsdiluted": 0.55,
        "weightedAverageShsOut": 110800000,
        "weightedAverageShsOutDil": 111100000,
        "link": "https://www.sec.gov/Archives/edgar/data/850209/000085020919000007/0000850209-19-000007-index.htm",
        "finalLink": "https://www.sec.gov/Archives/edgar/data/850209/000085020919000007/fl-20190803x10q.htm"
    },
    {
        "date": "2019-05-04",
        "symbol": "FL",
        "reportedCurrency": "USD",
        "cik": "0000850209",
        "fillingDate": "2019-06-12",
        "acceptedDate": "2019-06-12 17:21:13",
        "calendarYear": "2019",
        "period": "Q1",
        "revenue": 2078000000,
        "costOfRevenue": 1389000000,
        "grossProfit": 689000000,
        "grossProfitRatio": 0.3315688162,
        "researchAndDevelopmentExpenses": 0,
        "generalAndAdministrativeExpenses": 416000000,
        "sellingAndMarketingExpenses": 0,
        "sellingGeneralAndAdministrativeExpenses": 416000000,
        "otherExpenses": 2000000,
        "operatingExpenses": 460000000,
        "costAndExpenses": 1849000000,
        "interestIncome": 6000000,
        "interestExpense": 2000000,
        "depreciationAndAmortization": 44000000,
        "ebitda": 272000000,
        "ebitdaratio": 0.1308950914,
        "operatingIncome": 228000000,
        "operatingIncomeRatio": 0.1097208855,
        "totalOtherIncomeExpensesNet": 6000000,
        "incomeBeforeTax": 234000000,
        "incomeBeforeTaxRatio": 0.1126082772,
        "incomeTaxExpense": 62000000,
        "netIncome": 172000000,
        "netIncomeRatio": 0.0827718961,
        "eps": 1.53,
        "epsdiluted": 1.52,
        "weightedAverageShsOut": 112400000,
        "weightedAverageShsOutDil": 113100000,
        "link": "https://www.sec.gov/Archives/edgar/data/850209/000155837019005654/0001558370-19-005654-index.htm",
        "finalLink": "https://www.sec.gov/Archives/edgar/data/850209/000155837019005654/fl-20190504x10q.htm"
    },
    {
        "date": "2019-02-02",
        "symbol": "FL",
        "reportedCurrency": "USD",
        "cik": "0000850209",
        "fillingDate": "2019-04-02",
        "acceptedDate": "2019-04-02 16:07:13",
        "calendarYear": "2018",
        "period": "Q4",
        "revenue": 2272000000,
        "costOfRevenue": 1537000000,
        "grossProfit": 735000000,
        "grossProfitRatio": 0.3235035211,
        "researchAndDevelopmentExpenses": 0,
        "generalAndAdministrativeExpenses": 451000000,
        "sellingAndMarketingExpenses": 0,
        "sellingGeneralAndAdministrativeExpenses": 451000000,
        "otherExpenses": 0,
        "operatingExpenses": 496000000,
        "costAndExpenses": 2033000000,
        "interestIncome": 6000000,
        "interestExpense": 2000000,
        "depreciationAndAmortization": 45000000,
        "ebitda": 316000000,
        "ebitdaratio": 0.139084507,
        "operatingIncome": 219000000,
        "operatingIncomeRatio": 0.0963908451,
        "totalOtherIncomeExpensesNet": 4000000,
        "incomeBeforeTax": 223000000,
        "incomeBeforeTaxRatio": 0.0981514085,
        "incomeTaxExpense": 65000000,
        "netIncome": 158000000,
        "netIncomeRatio": 0.0695422535,
        "eps": 1.4,
        "epsdiluted": 1.39,
        "weightedAverageShsOut": 112222000,
        "weightedAverageShsOutDil": 113300000,
        "link": "https://www.sec.gov/Archives/edgar/data/850209/000155837019002753/0001558370-19-002753-index.htm",
        "finalLink": "https://www.sec.gov/Archives/edgar/data/850209/000155837019002753/fl-20190202x10k.htm"
    },
    {
        "date": "2018-11-03",
        "symbol": "FL",
        "reportedCurrency": "USD",
        "cik": "0000850209",
        "fillingDate": "2018-12-11",
        "acceptedDate": "2018-12-11 16:30:51",
        "calendarYear": "2018",
        "period": "Q3",
        "revenue": 1860000000,
        "costOfRevenue": 1272000000,
        "grossProfit": 588000000,
        "grossProfitRatio": 0.3161290323,
        "researchAndDevelopmentExpenses": 0,
        "generalAndAdministrativeExpenses": 398000000,
        "sellingAndMarketingExpenses": 0,
        "sellingGeneralAndAdministrativeExpenses": 398000000,
        "otherExpenses": 0,
        "operatingExpenses": 442000000,
        "costAndExpenses": 1714000000,
        "interestIncome": 5000000,
        "interestExpense": 3000000,
        "depreciationAndAmortization": 44000000,
        "ebitda": 179000000,
        "ebitdaratio": 0.0962365591,
        "operatingIncome": 144000000,
        "operatingIncomeRatio": 0.0774193548,
        "totalOtherIncomeExpensesNet": 2000000,
        "incomeBeforeTax": 146000000,
        "incomeBeforeTaxRatio": 0.0784946237,
        "incomeTaxExpense": 16000000,
        "netIncome": 130000000,
        "netIncomeRatio": 0.0698924731,
        "eps": 1.14,
        "epsdiluted": 1.14,
        "weightedAverageShsOut": 114500000,
        "weightedAverageShsOutDil": 115000000,
        "link": "https://www.sec.gov/Archives/edgar/data/850209/000085020918000022/0000850209-18-000022-index.htm",
        "finalLink": "https://www.sec.gov/Archives/edgar/data/850209/000085020918000022/fl-20181103x10q.htm"
    },
    {
        "date": "2018-08-04",
        "symbol": "FL",
        "reportedCurrency": "USD",
        "cik": "0000850209",
        "fillingDate": "2018-09-12",
        "acceptedDate": "2018-09-12 16:07:46",
        "calendarYear": "2018",
        "period": "Q2",
        "revenue": 1782000000,
        "costOfRevenue": 1243000000,
        "grossProfit": 539000000,
        "grossProfitRatio": 0.3024691358,
        "researchAndDevelopmentExpenses": 0,
        "generalAndAdministrativeExpenses": 380000000,
        "sellingAndMarketingExpenses": 0,
        "sellingGeneralAndAdministrativeExpenses": 380000000,
        "otherExpenses": 2000000,
        "operatingExpenses": 424000000,
        "costAndExpenses": 1667000000,
        "interestIncome": 4000000,
        "interestExpense": 3000000,
        "depreciationAndAmortization": 44000000,
        "ebitda": 162000000,
        "ebitdaratio": 0.0909090909,
        "operatingIncome": 112000000,
        "operatingIncomeRatio": 0.0628507295,
        "totalOtherIncomeExpensesNet": 3000000,
        "incomeBeforeTax": 115000000,
        "incomeBeforeTaxRatio": 0.0645342312,
        "incomeTaxExpense": 27000000,
        "netIncome": 88000000,
        "netIncomeRatio": 0.049382716,
        "eps": 0.76,
        "epsdiluted": 0.75,
        "weightedAverageShsOut": 116600000,
        "weightedAverageShsOutDil": 117100000,
        "link": "https://www.sec.gov/Archives/edgar/data/850209/000085020918000016/0000850209-18-000016-index.htm",
        "finalLink": "https://www.sec.gov/Archives/edgar/data/850209/000085020918000016/fl-20180804x10q.htm"
    },
    {
        "date": "2018-05-05",
        "symbol": "FL",
        "reportedCurrency": "USD",
        "cik": "0000850209",
        "fillingDate": "2018-06-06",
        "acceptedDate": "2018-06-06 16:31:48",
        "calendarYear": "2018",
        "period": "Q1",
        "revenue": 2025000000,
        "costOfRevenue": 1359000000,
        "grossProfit": 666000000,
        "grossProfitRatio": 0.3288888889,
        "researchAndDevelopmentExpenses": 0,
        "generalAndAdministrativeExpenses": 385000000,
        "sellingAndMarketingExpenses": 0,
        "sellingGeneralAndAdministrativeExpenses": 385000000,
        "otherExpenses": 3000000,
        "operatingExpenses": 430000000,
        "costAndExpenses": 1789000000,
        "interestIncome": 5000000,
        "interestExpense": 3000000,
        "depreciationAndAmortization": 45000000,
        "ebitda": 277000000,
        "ebitdaratio": 0.1367901235,
        "operatingIncome": 224000000,
        "operatingIncomeRatio": 0.110617284,
        "totalOtherIncomeExpensesNet": 5000000,
        "incomeBeforeTax": 229000000,
        "incomeBeforeTaxRatio": 0.1130864198,
        "incomeTaxExpense": 64000000,
        "netIncome": 165000000,
        "netIncomeRatio": 0.0814814815,
        "eps": 1.39,
        "epsdiluted": 1.38,
        "weightedAverageShsOut": 118700000,
        "weightedAverageShsOutDil": 119100000,
        "link": "https://www.sec.gov/Archives/edgar/data/850209/000085020918000007/0000850209-18-000007-index.htm",
        "finalLink": "https://www.sec.gov/Archives/edgar/data/850209/000085020918000007/fl-20180505x10q.htm"
    },
    {
        "date": "2018-02-03",
        "symbol": "FL",
        "reportedCurrency": "USD",
        "cik": "0000850209",
        "fillingDate": "2018-03-29",
        "acceptedDate": "2018-03-29 16:03:21",
        "calendarYear": "2017",
        "period": "Q4",
        "revenue": 2210000000,
        "costOfRevenue": 1517000000,
        "grossProfit": 693000000,
        "grossProfitRatio": 0.3135746606,
        "researchAndDevelopmentExpenses": 0,
        "generalAndAdministrativeExpenses": 423000000,
        "sellingAndMarketingExpenses": 0,
        "sellingGeneralAndAdministrativeExpenses": 423000000,
        "otherExpenses": 3000000,
        "operatingExpenses": 469000000,
        "costAndExpenses": 1986000000,
        "interestIncome": 4000000,
        "interestExpense": 3000000,
        "depreciationAndAmortization": 46000000,
        "ebitda": 277000000,
        "ebitdaratio": 0.1253393665,
        "operatingIncome": 76000000,
        "operatingIncomeRatio": 0.0343891403,
        "totalOtherIncomeExpensesNet": 4000000,
        "incomeBeforeTax": 80000000,
        "incomeBeforeTaxRatio": 0.036199095,
        "incomeTaxExpense": 129000000,
        "netIncome": -49000000,
        "netIncomeRatio": -0.0221719457,
        "eps": -0.41,
        "epsdiluted": -0.41,
        "weightedAverageShsOut": 119829023,
        "weightedAverageShsOutDil": 120600000,
        "link": "https://www.sec.gov/Archives/edgar/data/850209/000085020918000004/0000850209-18-000004-index.htm",
        "finalLink": "https://www.sec.gov/Archives/edgar/data/850209/000085020918000004/fl-20180203x10k.htm"
    },
    {
        "date": "2017-10-28",
        "symbol": "FL",
        "reportedCurrency": "USD",
        "cik": "0000850209",
        "fillingDate": "2017-12-06",
        "acceptedDate": "2017-12-06 16:07:42",
        "calendarYear": "2017",
        "period": "Q3",
        "revenue": 1870000000,
        "costOfRevenue": 1290000000,
        "grossProfit": 580000000,
        "grossProfitRatio": 0.3101604278,
        "researchAndDevelopmentExpenses": 0,
        "generalAndAdministrativeExpenses": 368000000,
        "sellingAndMarketingExpenses": 0,
        "sellingGeneralAndAdministrativeExpenses": 368000000,
        "otherExpenses": 1000000,
        "operatingExpenses": 412000000,
        "costAndExpenses": 1702000000,
        "interestIncome": 3000000,
        "interestExpense": 3000000,
        "depreciationAndAmortization": 44000000,
        "ebitda": 219000000,
        "ebitdaratio": 0.1171122995,
        "operatingIncome": 168000000,
        "operatingIncomeRatio": 0.0898395722,
        "totalOtherIncomeExpensesNet": 1000000,
        "incomeBeforeTax": 156000000,
        "incomeBeforeTaxRatio": 0.0834224599,
        "incomeTaxExpense": 54000000,
        "netIncome": 102000000,
        "netIncomeRatio": 0.0545454545,
        "eps": 0.81,
        "epsdiluted": 0.81,
        "weightedAverageShsOut": 126000000,
        "weightedAverageShsOutDil": 126400000,
        "link": "https://www.sec.gov/Archives/edgar/data/850209/000085020917000023/0000850209-17-000023-index.htm",
        "finalLink": "https://www.sec.gov/Archives/edgar/data/850209/000085020917000023/fl-20171028x10q.htm"
    },
    {
        "date": "2017-07-29",
        "symbol": "FL",
        "reportedCurrency": "USD",
        "cik": "0000850209",
        "fillingDate": "2017-09-06",
        "acceptedDate": "2017-09-06 16:04:54",
        "calendarYear": "2017",
        "period": "Q2",
        "revenue": 1701000000,
        "costOfRevenue": 1198000000,
        "grossProfit": 503000000,
        "grossProfitRatio": 0.2957084068,
        "researchAndDevelopmentExpenses": 0,
        "generalAndAdministrativeExpenses": 339000000,
        "sellingAndMarketingExpenses": 0,
        "sellingGeneralAndAdministrativeExpenses": 339000000,
        "otherExpenses": 0,
        "operatingExpenses": 381000000,
        "costAndExpenses": 1579000000,
        "interestIncome": 4000000,
        "interestExpense": 3000000,
        "depreciationAndAmortization": 42000000,
        "ebitda": 214000000,
        "ebitdaratio": 0.125808348,
        "operatingIncome": 122000000,
        "operatingIncomeRatio": 0.0717225162,
        "totalOtherIncomeExpensesNet": -49000000,
        "incomeBeforeTax": 73000000,
        "incomeBeforeTaxRatio": 0.0429159318,
        "incomeTaxExpense": 22000000,
        "netIncome": 51000000,
        "netIncomeRatio": 0.0299823633,
        "eps": 0.39,
        "epsdiluted": 0.39,
        "weightedAverageShsOut": 131300000,
        "weightedAverageShsOutDil": 132000000,
        "link": "https://www.sec.gov/Archives/edgar/data/850209/000085020917000020/0000850209-17-000020-index.htm",
        "finalLink": "https://www.sec.gov/Archives/edgar/data/850209/000085020917000020/fl-20170729x10q.htm"
    },
    {
        "date": "2017-04-29",
        "symbol": "FL",
        "reportedCurrency": "USD",
        "cik": "0000850209",
        "fillingDate": "2017-06-06",
        "acceptedDate": "2017-06-06 16:02:50",
        "calendarYear": "2017",
        "period": "Q1",
        "revenue": 2001000000,
        "costOfRevenue": 1321000000,
        "grossProfit": 680000000,
        "grossProfitRatio": 0.339830085,
        "researchAndDevelopmentExpenses": 0,
        "generalAndAdministrativeExpenses": 371000000,
        "sellingAndMarketingExpenses": 0,
        "sellingGeneralAndAdministrativeExpenses": 371000000,
        "otherExpenses": 1000000,
        "operatingExpenses": 412000000,
        "costAndExpenses": 1733000000,
        "interestIncome": 3000000,
        "interestExpense": 3000000,
        "depreciationAndAmortization": 41000000,
        "ebitda": 309000000,
        "ebitdaratio": 0.1544227886,
        "operatingIncome": 268000000,
        "operatingIncomeRatio": 0.1339330335,
        "totalOtherIncomeExpensesNet": 1000000,
        "incomeBeforeTax": 269000000,
        "incomeBeforeTaxRatio": 0.1344327836,
        "incomeTaxExpense": 89000000,
        "netIncome": 180000000,
        "netIncomeRatio": 0.0899550225,
        "eps": 1.37,
        "epsdiluted": 1.36,
        "weightedAverageShsOut": 131400000,
        "weightedAverageShsOutDil": 132600000,
        "link": "https://www.sec.gov/Archives/edgar/data/850209/000085020917000009/0000850209-17-000009-index.htm",
        "finalLink": "https://www.sec.gov/Archives/edgar/data/850209/000085020917000009/fl-20170429x10q.htm"
    },
    {
        "date": "2017-01-28",
        "symbol": "FL",
        "reportedCurrency": "USD",
        "cik": "0000850209",
        "fillingDate": "2017-03-23",
        "acceptedDate": "2017-03-23 16:25:28",
        "calendarYear": "2016",
        "period": "Q4",
        "revenue": 2113000000,
        "costOfRevenue": 1400000000,
        "grossProfit": 713000000,
        "grossProfitRatio": 0.3374349266,
        "researchAndDevelopmentExpenses": 0,
        "generalAndAdministrativeExpenses": 395000000,
        "sellingAndMarketingExpenses": 0,
        "sellingGeneralAndAdministrativeExpenses": 395000000,
        "otherExpenses": 3000000,
        "operatingExpenses": 435000000,
        "costAndExpenses": 1835000000,
        "interestIncome": 2000000,
        "interestExpense": 2000000,
        "depreciationAndAmortization": 40000000,
        "ebitda": 314000000,
        "ebitdaratio": 0.1486038807,
        "operatingIncome": 278000000,
        "operatingIncomeRatio": 0.1315664931,
        "totalOtherIncomeExpensesNet": 3000000,
        "incomeBeforeTax": 281000000,
        "incomeBeforeTaxRatio": 0.1329862754,
        "incomeTaxExpense": 92000000,
        "netIncome": 189000000,
        "netIncomeRatio": 0.0894462849,
        "eps": 1.44,
        "epsdiluted": 1.42,
        "weightedAverageShsOut": 131495621,
        "weightedAverageShsOutDil": 133300000,
        "link": "https://www.sec.gov/Archives/edgar/data/850209/000085020917000003/0000850209-17-000003-index.htm",
        "finalLink": "https://www.sec.gov/Archives/edgar/data/850209/000085020917000003/fl-20170128x10k.htm"
    },
    {
        "date": "2016-10-29",
        "symbol": "FL",
        "reportedCurrency": "USD",
        "cik": "0000850209",
        "fillingDate": "2016-12-07",
        "acceptedDate": "2016-12-07 16:15:24",
        "calendarYear": "2016",
        "period": "Q3",
        "revenue": 1886000000,
        "costOfRevenue": 1246000000,
        "grossProfit": 640000000,
        "grossProfitRatio": 0.3393425239,
        "researchAndDevelopmentExpenses": 0,
        "generalAndAdministrativeExpenses": 366000000,
        "sellingAndMarketingExpenses": 0,
        "sellingGeneralAndAdministrativeExpenses": 366000000,
        "otherExpenses": 0,
        "operatingExpenses": 406000000,
        "costAndExpenses": 1652000000,
        "interestIncome": 2000000,
        "interestExpense": 3000000,
        "depreciationAndAmortization": 40000000,
        "ebitda": 280000000,
        "ebitdaratio": 0.1484623542,
        "operatingIncome": 234000000,
        "operatingIncomeRatio": 0.1240721103,
        "totalOtherIncomeExpensesNet": -1000000,
        "incomeBeforeTax": 227000000,
        "incomeBeforeTaxRatio": 0.1203605514,
        "incomeTaxExpense": 70000000,
        "netIncome": 157000000,
        "netIncomeRatio": 0.0832449629,
        "eps": 1.18,
        "epsdiluted": 1.17,
        "weightedAverageShsOut": 132900000,
        "weightedAverageShsOutDil": 134000000,
        "link": "https://www.sec.gov/Archives/edgar/data/850209/000085020916000009/0000850209-16-000009-index.htm",
        "finalLink": "https://www.sec.gov/Archives/edgar/data/850209/000085020916000009/fl-20161029x10q.htm"
    },
    {
        "date": "2016-07-30",
        "symbol": "FL",
        "reportedCurrency": "USD",
        "cik": "0000850209",
        "fillingDate": "2016-09-07",
        "acceptedDate": "2016-09-07 16:03:49",
        "calendarYear": "2016",
        "period": "Q2",
        "revenue": 1780000000,
        "costOfRevenue": 1193000000,
        "grossProfit": 587000000,
        "grossProfitRatio": 0.3297752809,
        "researchAndDevelopmentExpenses": 0,
        "generalAndAdministrativeExpenses": 350000000,
        "sellingAndMarketingExpenses": 0,
        "sellingGeneralAndAdministrativeExpenses": 350000000,
        "otherExpenses": 1000000,
        "operatingExpenses": 389000000,
        "costAndExpenses": 1582000000,
        "interestIncome": 2000000,
        "interestExpense": 3000000,
        "depreciationAndAmortization": 39000000,
        "ebitda": 237000000,
        "ebitdaratio": 0.1331460674,
        "operatingIncome": 198000000,
        "operatingIncomeRatio": 0.1112359551,
        "totalOtherIncomeExpensesNet": 0,
        "incomeBeforeTax": 198000000,
        "incomeBeforeTaxRatio": 0.1112359551,
        "incomeTaxExpense": 71000000,
        "netIncome": 127000000,
        "netIncomeRatio": 0.0713483146,
        "eps": 0.94,
        "epsdiluted": 0.94,
        "weightedAverageShsOut": 134400000,
        "weightedAverageShsOutDil": 135500000,
        "link": "https://www.sec.gov/Archives/edgar/data/850209/000085020916000005/0000850209-16-000005-index.htm",
        "finalLink": "https://www.sec.gov/Archives/edgar/data/850209/000085020916000005/fl-20160730x10q.htm"
    },
    {
        "date": "2016-04-30",
        "symbol": "FL",
        "reportedCurrency": "USD",
        "cik": "0000850209",
        "fillingDate": "2016-06-08",
        "acceptedDate": "2016-06-08 16:47:25",
        "calendarYear": "2016",
        "period": "Q1",
        "revenue": 1987000000,
        "costOfRevenue": 1291000000,
        "grossProfit": 696000000,
        "grossProfitRatio": 0.3502767992,
        "researchAndDevelopmentExpenses": 0,
        "generalAndAdministrativeExpenses": 361000000,
        "sellingAndMarketingExpenses": 0,
        "sellingGeneralAndAdministrativeExpenses": 361000000,
        "otherExpenses": 2000000,
        "operatingExpenses": 400000000,
        "costAndExpenses": 1691000000,
        "interestIncome": 3000000,
        "interestExpense": 3000000,
        "depreciationAndAmortization": 39000000,
        "ebitda": 339000000,
        "ebitdaratio": 0.1706089582,
        "operatingIncome": 296000000,
        "operatingIncomeRatio": 0.1489682939,
        "totalOtherIncomeExpensesNet": 2000000,
        "incomeBeforeTax": 298000000,
        "incomeBeforeTaxRatio": 0.1499748364,
        "incomeTaxExpense": 107000000,
        "netIncome": 191000000,
        "netIncomeRatio": 0.0961248113,
        "eps": 1.4,
        "epsdiluted": 1.39,
        "weightedAverageShsOut": 136500000,
        "weightedAverageShsOutDil": 137800000,
        "link": "https://www.sec.gov/Archives/edgar/data/850209/000114420416107528/0001144204-16-107528-index.htm",
        "finalLink": "https://www.sec.gov/Archives/edgar/data/850209/000114420416107528/fl-20160430x10q.htm"
    },
    {
        "date": "2016-01-30",
        "symbol": "FL",
        "reportedCurrency": "USD",
        "cik": "0000850209",
        "fillingDate": "2016-03-24",
        "acceptedDate": "2016-03-24 16:40:45",
        "calendarYear": "2015",
        "period": "Q4",
        "revenue": 2007000000,
        "costOfRevenue": 1332000000,
        "grossProfit": 675000000,
        "grossProfitRatio": 0.33632287,
        "researchAndDevelopmentExpenses": 0,
        "generalAndAdministrativeExpenses": 387000000,
        "sellingAndMarketingExpenses": 0,
        "sellingGeneralAndAdministrativeExpenses": 387000000,
        "otherExpenses": 2000000,
        "operatingExpenses": 426000000,
        "costAndExpenses": 1758000000,
        "interestIncome": 2000000,
        "interestExpense": 3000000,
        "depreciationAndAmortization": 39000000,
        "ebitda": 287000000,
        "ebitdaratio": 0.1429995017,
        "operatingIncome": 249000000,
        "operatingIncomeRatio": 0.1240657698,
        "totalOtherIncomeExpensesNet": -4000000,
        "incomeBeforeTax": 245000000,
        "incomeBeforeTaxRatio": 0.1220727454,
        "incomeTaxExpense": 87000000,
        "netIncome": 158000000,
        "netIncomeRatio": 0.0787244644,
        "eps": 1.15,
        "epsdiluted": 1.14,
        "weightedAverageShsOut": 136977000,
        "weightedAverageShsOutDil": 138900000,
        "link": "https://www.sec.gov/Archives/edgar/data/850209/000114420416090138/0001144204-16-090138-index.htm",
        "finalLink": "https://www.sec.gov/Archives/edgar/data/850209/000114420416090138/v429676_10k.htm"
    },
    {
        "date": "2015-10-31",
        "symbol": "FL",
        "reportedCurrency": "USD",
        "cik": "0000850209",
        "fillingDate": "2015-12-09",
        "acceptedDate": "2015-12-09 16:34:30",
        "calendarYear": "2015",
        "period": "Q3",
        "revenue": 1794000000,
        "costOfRevenue": 1187000000,
        "grossProfit": 607000000,
        "grossProfitRatio": 0.3383500557,
        "researchAndDevelopmentExpenses": 0,
        "generalAndAdministrativeExpenses": 352000000,
        "sellingAndMarketingExpenses": 0,
        "sellingGeneralAndAdministrativeExpenses": 352000000,
        "otherExpenses": 1000000,
        "operatingExpenses": 390000000,
        "costAndExpenses": 1577000000,
        "interestIncome": 2000000,
        "interestExpense": 3000000,
        "depreciationAndAmortization": 38000000,
        "ebitda": 255000000,
        "ebitdaratio": 0.1421404682,
        "operatingIncome": 217000000,
        "operatingIncomeRatio": 0.1209587514,
        "totalOtherIncomeExpensesNet": -100000000,
        "incomeBeforeTax": 117000000,
        "incomeBeforeTaxRatio": 0.0652173913,
        "incomeTaxExpense": 37000000,
        "netIncome": 80000000,
        "netIncomeRatio": 0.0445930881,
        "eps": 0.57,
        "epsdiluted": 0.57,
        "weightedAverageShsOut": 139300000,
        "weightedAverageShsOutDil": 140900000,
        "link": "https://www.sec.gov/Archives/edgar/data/850209/000114420415070121/0001144204-15-070121-index.htm",
        "finalLink": "https://www.sec.gov/Archives/edgar/data/850209/000114420415070121/v425429_10q.htm"
    },
    {
        "date": "2015-08-01",
        "symbol": "FL",
        "reportedCurrency": "USD",
        "cik": "0000850209",
        "fillingDate": "2015-09-09",
        "acceptedDate": "2015-09-09 17:24:10",
        "calendarYear": "2015",
        "period": "Q2",
        "revenue": 1695000000,
        "costOfRevenue": 1142000000,
        "grossProfit": 553000000,
        "grossProfitRatio": 0.3262536873,
        "researchAndDevelopmentExpenses": 0,
        "generalAndAdministrativeExpenses": 331000000,
        "sellingAndMarketingExpenses": 0,
        "sellingGeneralAndAdministrativeExpenses": 331000000,
        "otherExpenses": 0,
        "operatingExpenses": 367000000,
        "costAndExpenses": 1509000000,
        "interestIncome": 1000000,
        "interestExpense": 2000000,
        "depreciationAndAmortization": 36000000,
        "ebitda": 222000000,
        "ebitdaratio": 0.1309734513,
        "operatingIncome": 186000000,
        "operatingIncomeRatio": 0.1097345133,
        "totalOtherIncomeExpensesNet": -1000000,
        "incomeBeforeTax": 185000000,
        "incomeBeforeTaxRatio": 0.1091445428,
        "incomeTaxExpense": 66000000,
        "netIncome": 119000000,
        "netIncomeRatio": 0.0702064897,
        "eps": 0.85,
        "epsdiluted": 0.84,
        "weightedAverageShsOut": 139600000,
        "weightedAverageShsOutDil": 141300000,
        "link": "https://www.sec.gov/Archives/edgar/data/850209/000114420415054278/0001144204-15-054278-index.htm",
        "finalLink": "https://www.sec.gov/Archives/edgar/data/850209/000114420415054278/v418921_10q.htm"
    },
    {
        "date": "2015-05-02",
        "symbol": "FL",
        "reportedCurrency": "USD",
        "cik": "0000850209",
        "fillingDate": "2015-06-11",
        "acceptedDate": "2015-06-11 16:36:11",
        "calendarYear": "2015",
        "period": "Q1",
        "revenue": 1916000000,
        "costOfRevenue": 1246000000,
        "grossProfit": 670000000,
        "grossProfitRatio": 0.3496868476,
        "researchAndDevelopmentExpenses": 0,
        "generalAndAdministrativeExpenses": 345000000,
        "sellingAndMarketingExpenses": 0,
        "sellingGeneralAndAdministrativeExpenses": 345000000,
        "otherExpenses": 1000000,
        "operatingExpenses": 380000000,
        "costAndExpenses": 1626000000,
        "interestIncome": 2000000,
        "interestExpense": 3000000,
        "depreciationAndAmortization": 35000000,
        "ebitda": 325000000,
        "ebitdaratio": 0.1696242171,
        "operatingIncome": 290000000,
        "operatingIncomeRatio": 0.1513569937,
        "totalOtherIncomeExpensesNet": 0,
        "incomeBeforeTax": 290000000,
        "incomeBeforeTaxRatio": 0.1513569937,
        "incomeTaxExpense": 106000000,
        "netIncome": 184000000,
        "netIncomeRatio": 0.0960334029,
        "eps": 1.31,
        "epsdiluted": 1.29,
        "weightedAverageShsOut": 140100000,
        "weightedAverageShsOutDil": 142100000,
        "link": "https://www.sec.gov/Archives/edgar/data/850209/000114420415036745/0001144204-15-036745-index.htm",
        "finalLink": "https://www.sec.gov/Archives/edgar/data/850209/000114420415036745/v411593_10q.htm"
    },
    {
        "date": "2015-01-31",
        "symbol": "FL",
        "reportedCurrency": "USD",
        "cik": "0000850209",
        "fillingDate": "2015-03-30",
        "acceptedDate": "2015-03-30 16:25:38",
        "calendarYear": "2014",
        "period": "Q4",
        "revenue": 1911000000,
        "costOfRevenue": 1282000000,
        "grossProfit": 629000000,
        "grossProfitRatio": 0.3291470434,
        "researchAndDevelopmentExpenses": 0,
        "generalAndAdministrativeExpenses": 375000000,
        "sellingAndMarketingExpenses": 0,
        "sellingGeneralAndAdministrativeExpenses": 375000000,
        "otherExpenses": 6000000,
        "operatingExpenses": 408000000,
        "costAndExpenses": 1690000000,
        "interestIncome": 1000000,
        "interestExpense": 3000000,
        "depreciationAndAmortization": 33000000,
        "ebitda": 254000000,
        "ebitdaratio": 0.1329147043,
        "operatingIncome": 221000000,
        "operatingIncomeRatio": 0.1156462585,
        "totalOtherIncomeExpensesNet": 3000000,
        "incomeBeforeTax": 224000000,
        "incomeBeforeTaxRatio": 0.1172161172,
        "incomeTaxExpense": 78000000,
        "netIncome": 146000000,
        "netIncomeRatio": 0.0763997907,
        "eps": 1.04,
        "epsdiluted": 1.01,
        "weightedAverageShsOut": 140864000,
        "weightedAverageShsOutDil": 144300000,
        "link": "https://www.sec.gov/Archives/edgar/data/850209/000114420415019391/0001144204-15-019391-index.htm",
        "finalLink": "https://www.sec.gov/Archives/edgar/data/850209/000114420415019391/v403865_10k.htm"
    },
    {
        "date": "2014-11-01",
        "symbol": "FL",
        "reportedCurrency": "USD",
        "cik": "0000850209",
        "fillingDate": "2014-12-10",
        "acceptedDate": "2014-12-10 16:49:44",
        "calendarYear": "2014",
        "period": "Q3",
        "revenue": 1731000000,
        "costOfRevenue": 1157000000,
        "grossProfit": 574000000,
        "grossProfitRatio": 0.3316002311,
        "researchAndDevelopmentExpenses": 0,
        "generalAndAdministrativeExpenses": 353000000,
        "sellingAndMarketingExpenses": 0,
        "sellingGeneralAndAdministrativeExpenses": 353000000,
        "otherExpenses": 1000000,
        "operatingExpenses": 387000000,
        "costAndExpenses": 1544000000,
        "interestIncome": 2000000,
        "interestExpense": 3000000,
        "depreciationAndAmortization": 34000000,
        "ebitda": 221000000,
        "ebitdaratio": 0.127671866,
        "operatingIncome": 187000000,
        "operatingIncomeRatio": 0.1080300404,
        "totalOtherIncomeExpensesNet": 0,
        "incomeBeforeTax": 187000000,
        "incomeBeforeTaxRatio": 0.1080300404,
        "incomeTaxExpense": 67000000,
        "netIncome": 120000000,
        "netIncomeRatio": 0.0693240901,
        "eps": 0.84,
        "epsdiluted": 0.82,
        "weightedAverageShsOut": 143600000,
        "weightedAverageShsOutDil": 145700000,
        "link": "https://www.sec.gov/Archives/edgar/data/850209/000114420414073187/0001144204-14-073187-index.htm",
        "finalLink": "https://www.sec.gov/Archives/edgar/data/850209/000114420414073187/v395152_10q.htm"
    },
    {
        "date": "2014-08-02",
        "symbol": "FL",
        "reportedCurrency": "USD",
        "cik": "0000850209",
        "fillingDate": "2014-09-10",
        "acceptedDate": "2014-09-10 16:56:24",
        "calendarYear": "2014",
        "period": "Q2",
        "revenue": 1641000000,
        "costOfRevenue": 1116000000,
        "grossProfit": 525000000,
        "grossProfitRatio": 0.3199268739,
        "researchAndDevelopmentExpenses": 0,
        "generalAndAdministrativeExpenses": 343000000,
        "sellingAndMarketingExpenses": 0,
        "sellingGeneralAndAdministrativeExpenses": 343000000,
        "otherExpenses": 1000000,
        "operatingExpenses": 379000000,
        "costAndExpenses": 1495000000,
        "interestIncome": 1000000,
        "interestExpense": 2000000,
        "depreciationAndAmortization": 36000000,
        "ebitda": 182000000,
        "ebitdaratio": 0.1109079829,
        "operatingIncome": 146000000,
        "operatingIncomeRatio": 0.0889701402,
        "totalOtherIncomeExpensesNet": -2000000,
        "incomeBeforeTax": 144000000,
        "incomeBeforeTaxRatio": 0.0877513711,
        "incomeTaxExpense": 52000000,
        "netIncome": 92000000,
        "netIncomeRatio": 0.056063376,
        "eps": 0.63,
        "epsdiluted": 0.63,
        "weightedAverageShsOut": 144500000,
        "weightedAverageShsOutDil": 146400000,
        "link": "https://www.sec.gov/Archives/edgar/data/850209/000114420414055227/0001144204-14-055227-index.htm",
        "finalLink": "https://www.sec.gov/Archives/edgar/data/850209/000114420414055227/v387636_10q.htm"
    },
    {
        "date": "2014-05-03",
        "symbol": "FL",
        "reportedCurrency": "USD",
        "cik": "0000850209",
        "fillingDate": "2014-06-11",
        "acceptedDate": "2014-06-11 16:42:38",
        "calendarYear": "2014",
        "period": "Q1",
        "revenue": 1868000000,
        "costOfRevenue": 1222000000,
        "grossProfit": 646000000,
        "grossProfitRatio": 0.3458244111,
        "researchAndDevelopmentExpenses": 0,
        "generalAndAdministrativeExpenses": 355000000,
        "sellingAndMarketingExpenses": 0,
        "sellingGeneralAndAdministrativeExpenses": 355000000,
        "otherExpenses": 1000000,
        "operatingExpenses": 391000000,
        "costAndExpenses": 1613000000,
        "interestIncome": 2000000,
        "interestExpense": 3000000,
        "depreciationAndAmortization": 36000000,
        "ebitda": 292000000,
        "ebitdaratio": 0.1563169165,
        "operatingIncome": 255000000,
        "operatingIncomeRatio": 0.136509636,
        "totalOtherIncomeExpensesNet": -1000000,
        "incomeBeforeTax": 254000000,
        "incomeBeforeTaxRatio": 0.1359743041,
        "incomeTaxExpense": 92000000,
        "netIncome": 162000000,
        "netIncomeRatio": 0.0867237687,
        "eps": 1.12,
        "epsdiluted": 1.1,
        "weightedAverageShsOut": 145400000,
        "weightedAverageShsOutDil": 147600000,
        "link": "https://www.sec.gov/Archives/edgar/data/850209/000114420414037074/0001144204-14-037074-index.htm",
        "finalLink": "https://www.sec.gov/Archives/edgar/data/850209/000114420414037074/v379779_10q.htm"
    },
    {
        "date": "2014-02-01",
        "symbol": "FL",
        "reportedCurrency": "USD",
        "cik": "0000850209",
        "fillingDate": "2014-03-31",
        "acceptedDate": "2014-03-31 16:51:43",
        "calendarYear": "2013",
        "period": "Q4",
        "revenue": 1791000000,
        "costOfRevenue": 1209000000,
        "grossProfit": 582000000,
        "grossProfitRatio": 0.324958124,
        "researchAndDevelopmentExpenses": 0,
        "generalAndAdministrativeExpenses": 365000000,
        "sellingAndMarketingExpenses": 0,
        "sellingGeneralAndAdministrativeExpenses": 365000000,
        "otherExpenses": 1000000,
        "operatingExpenses": 401000000,
        "costAndExpenses": 1610000000,
        "interestIncome": 2000000,
        "interestExpense": 3000000,
        "depreciationAndAmortization": 36000000,
        "ebitda": 223000000,
        "ebitdaratio": 0.1245114461,
        "operatingIncome": 181000000,
        "operatingIncomeRatio": 0.1010608599,
        "totalOtherIncomeExpensesNet": 0,
        "incomeBeforeTax": 181000000,
        "incomeBeforeTaxRatio": 0.1010608599,
        "incomeTaxExpense": 60000000,
        "netIncome": 121000000,
        "netIncomeRatio": 0.0675600223,
        "eps": 0.82,
        "epsdiluted": 0.81,
        "weightedAverageShsOut": 145427000,
        "weightedAverageShsOutDil": 148400000,
        "link": "https://www.sec.gov/Archives/edgar/data/850209/000114420414019510/0001144204-14-019510-index.htm",
        "finalLink": "https://www.sec.gov/Archives/edgar/data/850209/000114420414019510/v367190_10k.htm"
    },
    {
        "date": "2013-11-02",
        "symbol": "FL",
        "reportedCurrency": "USD",
        "cik": "0000850209",
        "fillingDate": "2013-12-11",
        "acceptedDate": "2013-12-11 16:51:30",
        "calendarYear": "2013",
        "period": "Q3",
        "revenue": 1622000000,
        "costOfRevenue": 1085000000,
        "grossProfit": 537000000,
        "grossProfitRatio": 0.3310727497,
        "researchAndDevelopmentExpenses": 0,
        "generalAndAdministrativeExpenses": 340000000,
        "sellingAndMarketingExpenses": 0,
        "sellingGeneralAndAdministrativeExpenses": 340000000,
        "otherExpenses": 0,
        "operatingExpenses": 375000000,
        "costAndExpenses": 1460000000,
        "interestIncome": 1000000,
        "interestExpense": 3000000,
        "depreciationAndAmortization": 35000000,
        "ebitda": 197000000,
        "ebitdaratio": 0.1214549938,
        "operatingIncome": 162000000,
        "operatingIncomeRatio": 0.0998766954,
        "totalOtherIncomeExpensesNet": -2000000,
        "incomeBeforeTax": 160000000,
        "incomeBeforeTaxRatio": 0.0986436498,
        "incomeTaxExpense": 56000000,
        "netIncome": 104000000,
        "netIncomeRatio": 0.0641183724,
        "eps": 0.7,
        "epsdiluted": 0.7,
        "weightedAverageShsOut": 147700000,
        "weightedAverageShsOutDil": 149500000,
        "link": "https://www.sec.gov/Archives/edgar/data/850209/000114420413066735/0001144204-13-066735-index.htm",
        "finalLink": "https://www.sec.gov/Archives/edgar/data/850209/000114420413066735/v361443_10q.htm"
    },
    {
        "date": "2013-08-03",
        "symbol": "FL",
        "reportedCurrency": "USD",
        "cik": "0000850209",
        "fillingDate": "2013-09-11",
        "acceptedDate": "2013-09-11 17:21:35",
        "calendarYear": "2013",
        "period": "Q2",
        "revenue": 1454000000,
        "costOfRevenue": 1001000000,
        "grossProfit": 453000000,
        "grossProfitRatio": 0.3115543329,
        "researchAndDevelopmentExpenses": 0,
        "generalAndAdministrativeExpenses": 314000000,
        "sellingAndMarketingExpenses": 0,
        "sellingGeneralAndAdministrativeExpenses": 314000000,
        "otherExpenses": 1000000,
        "operatingExpenses": 345000000,
        "costAndExpenses": 1346000000,
        "interestIncome": 1000000,
        "interestExpense": 2000000,
        "depreciationAndAmortization": 31000000,
        "ebitda": 142000000,
        "ebitdaratio": 0.0976616231,
        "operatingIncome": 108000000,
        "operatingIncomeRatio": 0.0742778542,
        "totalOtherIncomeExpensesNet": -2000000,
        "incomeBeforeTax": 106000000,
        "incomeBeforeTaxRatio": 0.0729023384,
        "incomeTaxExpense": 40000000,
        "netIncome": 66000000,
        "netIncomeRatio": 0.045392022,
        "eps": 0.44,
        "epsdiluted": 0.44,
        "weightedAverageShsOut": 149500000,
        "weightedAverageShsOutDil": 151400000,
        "link": "https://www.sec.gov/Archives/edgar/data/850209/000114420413050277/0001144204-13-050277-index.htm",
        "finalLink": "https://www.sec.gov/Archives/edgar/data/850209/000114420413050277/v353853_10q.htm"
    },
    {
        "date": "2013-05-04",
        "symbol": "FL",
        "reportedCurrency": "USD",
        "cik": "0000850209",
        "fillingDate": "2013-06-12",
        "acceptedDate": "2013-06-12 16:57:23",
        "calendarYear": "2013",
        "period": "Q1",
        "revenue": 1638000000,
        "costOfRevenue": 1077000000,
        "grossProfit": 561000000,
        "grossProfitRatio": 0.3424908425,
        "researchAndDevelopmentExpenses": 0,
        "generalAndAdministrativeExpenses": 314000000,
        "sellingAndMarketingExpenses": 1000000,
        "sellingGeneralAndAdministrativeExpenses": 315000000,
        "otherExpenses": 2000000,
        "operatingExpenses": 346000000,
        "costAndExpenses": 1423000000,
        "interestIncome": 2000000,
        "interestExpense": 3000000,
        "depreciationAndAmortization": 31000000,
        "ebitda": 250000000,
        "ebitdaratio": 0.1526251526,
        "operatingIncome": 215000000,
        "operatingIncomeRatio": 0.1312576313,
        "totalOtherIncomeExpensesNet": 1000000,
        "incomeBeforeTax": 216000000,
        "incomeBeforeTaxRatio": 0.1318681319,
        "incomeTaxExpense": 78000000,
        "netIncome": 138000000,
        "netIncomeRatio": 0.0842490842,
        "eps": 0.92,
        "epsdiluted": 0.9,
        "weightedAverageShsOut": 150400000,
        "weightedAverageShsOutDil": 152700000,
        "link": "https://www.sec.gov/Archives/edgar/data/850209/000114420413034533/0001144204-13-034533-index.htm",
        "finalLink": "https://www.sec.gov/Archives/edgar/data/850209/000114420413034533/v344971_10q.htm"
    },
    {
        "date": "2013-02-02",
        "symbol": "FL",
        "reportedCurrency": "USD",
        "cik": "0000850209",
        "fillingDate": "2013-04-01",
        "acceptedDate": "2013-04-01 16:54:03",
        "calendarYear": "2012",
        "period": "Q4",
        "revenue": 1713000000,
        "costOfRevenue": 1149000000,
        "grossProfit": 564000000,
        "grossProfitRatio": 0.3292469352,
        "researchAndDevelopmentExpenses": 0,
        "generalAndAdministrativeExpenses": 363000000,
        "sellingAndMarketingExpenses": 0,
        "sellingGeneralAndAdministrativeExpenses": 363000000,
        "otherExpenses": 1000000,
        "operatingExpenses": 393000000,
        "costAndExpenses": 1542000000,
        "interestIncome": 1000000,
        "interestExpense": 3000000,
        "depreciationAndAmortization": 30000000,
        "ebitda": 213000000,
        "ebitdaratio": 0.1243432574,
        "operatingIncome": 171000000,
        "operatingIncomeRatio": 0.0998248687,
        "totalOtherIncomeExpensesNet": -13000000,
        "incomeBeforeTax": 158000000,
        "incomeBeforeTaxRatio": 0.0922358435,
        "incomeTaxExpense": 54000000,
        "netIncome": 104000000,
        "netIncomeRatio": 0.0607122008,
        "eps": 0.69,
        "epsdiluted": 0.68,
        "weightedAverageShsOut": 150070000,
        "weightedAverageShsOutDil": 153200000,
        "link": "https://www.sec.gov/Archives/edgar/data/850209/000114420413019239/0001144204-13-019239-index.htm",
        "finalLink": "https://www.sec.gov/Archives/edgar/data/850209/000114420413019239/v335590_10k.htm"
    },
    {
        "date": "2012-10-27",
        "symbol": "FL",
        "reportedCurrency": "USD",
        "cik": "0000850209",
        "fillingDate": "2012-12-05",
        "acceptedDate": "2012-12-05 16:33:50",
        "calendarYear": "2012",
        "period": "Q3",
        "revenue": 1524000000,
        "costOfRevenue": 1019000000,
        "grossProfit": 505000000,
        "grossProfitRatio": 0.3313648294,
        "researchAndDevelopmentExpenses": 0,
        "generalAndAdministrativeExpenses": 319000000,
        "sellingAndMarketingExpenses": 0,
        "sellingGeneralAndAdministrativeExpenses": 319000000,
        "otherExpenses": 0,
        "operatingExpenses": 349000000,
        "costAndExpenses": 1368000000,
        "interestIncome": 2000000,
        "interestExpense": 3000000,
        "depreciationAndAmortization": 30000000,
        "ebitda": 186000000,
        "ebitdaratio": 0.1220472441,
        "operatingIncome": 156000000,
        "operatingIncomeRatio": 0.1023622047,
        "totalOtherIncomeExpensesNet": -1000000,
        "incomeBeforeTax": 155000000,
        "incomeBeforeTaxRatio": 0.1017060367,
        "incomeTaxExpense": 49000000,
        "netIncome": 106000000,
        "netIncomeRatio": 0.0695538058,
        "eps": 0.7,
        "epsdiluted": 0.69,
        "weightedAverageShsOut": 151000000,
        "weightedAverageShsOutDil": 153900000,
        "link": "https://www.sec.gov/Archives/edgar/data/850209/000114420412066576/0001144204-12-066576-index.htm",
        "finalLink": "https://www.sec.gov/Archives/edgar/data/850209/000114420412066576/v327271_10q.htm"
    },
    {
        "date": "2012-07-28",
        "symbol": "FL",
        "reportedCurrency": "USD",
        "cik": "0000850209",
        "fillingDate": "2012-09-05",
        "acceptedDate": "2012-09-05 16:52:23",
        "calendarYear": "2012",
        "period": "Q2",
        "revenue": 1367000000,
        "costOfRevenue": 939000000,
        "grossProfit": 428000000,
        "grossProfitRatio": 0.3130943672,
        "researchAndDevelopmentExpenses": 0,
        "generalAndAdministrativeExpenses": 306000000,
        "sellingAndMarketingExpenses": 0,
        "sellingGeneralAndAdministrativeExpenses": 306000000,
        "otherExpenses": 1000000,
        "operatingExpenses": 335000000,
        "costAndExpenses": 1274000000,
        "interestIncome": 1000000,
        "interestExpense": 2000000,
        "depreciationAndAmortization": 29000000,
        "ebitda": 124000000,
        "ebitdaratio": 0.090709583,
        "operatingIncome": 93000000,
        "operatingIncomeRatio": 0.0680321873,
        "totalOtherIncomeExpensesNet": 0,
        "incomeBeforeTax": 93000000,
        "incomeBeforeTaxRatio": 0.0680321873,
        "incomeTaxExpense": 34000000,
        "netIncome": 59000000,
        "netIncomeRatio": 0.0431602048,
        "eps": 0.39,
        "epsdiluted": 0.39,
        "weightedAverageShsOut": 151400000,
        "weightedAverageShsOutDil": 153900000,
        "link": "https://www.sec.gov/Archives/edgar/data/850209/000114420412049716/0001144204-12-049716-index.htm",
        "finalLink": "https://www.sec.gov/Archives/edgar/data/850209/000114420412049716/v319945_10q.htm"
    },
    {
        "date": "2012-04-28",
        "symbol": "FL",
        "reportedCurrency": "USD",
        "cik": "0000850209",
        "fillingDate": "2012-06-06",
        "acceptedDate": "2012-06-06 16:52:48",
        "calendarYear": "2012",
        "period": "Q1",
        "revenue": 1578000000,
        "costOfRevenue": 1041000000,
        "grossProfit": 537000000,
        "grossProfitRatio": 0.3403041825,
        "researchAndDevelopmentExpenses": 0,
        "generalAndAdministrativeExpenses": 306000000,
        "sellingAndMarketingExpenses": 0,
        "sellingGeneralAndAdministrativeExpenses": 306000000,
        "otherExpenses": 0,
        "operatingExpenses": 335000000,
        "costAndExpenses": 1376000000,
        "interestIncome": 2000000,
        "interestExpense": 3000000,
        "depreciationAndAmortization": 29000000,
        "ebitda": 233000000,
        "ebitdaratio": 0.1476552598,
        "operatingIncome": 202000000,
        "operatingIncomeRatio": 0.1280101394,
        "totalOtherIncomeExpensesNet": -1000000,
        "incomeBeforeTax": 201000000,
        "incomeBeforeTaxRatio": 0.1273764259,
        "incomeTaxExpense": 73000000,
        "netIncome": 128000000,
        "netIncomeRatio": 0.0811153359,
        "eps": 0.84,
        "epsdiluted": 0.83,
        "weightedAverageShsOut": 151800000,
        "weightedAverageShsOutDil": 154300000,
        "link": "https://www.sec.gov/Archives/edgar/data/850209/000114420412033562/0001144204-12-033562-index.htm",
        "finalLink": "https://www.sec.gov/Archives/edgar/data/850209/000114420412033562/v312225_10q.htm"
    },
    {
        "date": "2012-01-28",
        "symbol": "FL",
        "reportedCurrency": "USD",
        "cik": "0000850209",
        "fillingDate": "2012-03-26",
        "acceptedDate": "2012-03-26 16:52:52",
        "calendarYear": "2011",
        "period": "Q4",
        "revenue": 1502000000,
        "costOfRevenue": 1022000000,
        "grossProfit": 480000000,
        "grossProfitRatio": 0.3195739015,
        "researchAndDevelopmentExpenses": 0,
        "generalAndAdministrativeExpenses": 325000000,
        "sellingAndMarketingExpenses": 0,
        "sellingGeneralAndAdministrativeExpenses": 325000000,
        "otherExpenses": 0,
        "operatingExpenses": 353000000,
        "costAndExpenses": 1375000000,
        "interestIncome": 2000000,
        "interestExpense": 4000000,
        "depreciationAndAmortization": 28000000,
        "ebitda": 155000000,
        "ebitdaratio": 0.103195739,
        "operatingIncome": 127000000,
        "operatingIncomeRatio": 0.0845539281,
        "totalOtherIncomeExpensesNet": -4000000,
        "incomeBeforeTax": 123000000,
        "incomeBeforeTaxRatio": 0.0818908123,
        "incomeTaxExpense": 42000000,
        "netIncome": 81000000,
        "netIncomeRatio": 0.0539280959,
        "eps": 0.53,
        "epsdiluted": 0.53,
        "weightedAverageShsOut": 151800000,
        "weightedAverageShsOutDil": 153100000,
        "link": "https://www.sec.gov/Archives/edgar/data/850209/000114420412017162/0001144204-12-017162-index.htm",
        "finalLink": "https://www.sec.gov/Archives/edgar/data/850209/000114420412017162/v243491_10k.htm"
    },
    {
        "date": "2011-10-29",
        "symbol": "FL",
        "reportedCurrency": "USD",
        "cik": "0000850209",
        "fillingDate": "2011-12-07",
        "acceptedDate": "2011-12-07 16:41:28",
        "calendarYear": "2011",
        "period": "Q3",
        "revenue": 1394000000,
        "costOfRevenue": 941000000,
        "grossProfit": 453000000,
        "grossProfitRatio": 0.324964132,
        "researchAndDevelopmentExpenses": 0,
        "generalAndAdministrativeExpenses": 320000000,
        "sellingAndMarketingExpenses": 0,
        "sellingGeneralAndAdministrativeExpenses": 320000000,
        "otherExpenses": 0,
        "operatingExpenses": 347000000,
        "costAndExpenses": 1288000000,
        "interestIncome": 1000000,
        "interestExpense": 2000000,
        "depreciationAndAmortization": 27000000,
        "ebitda": 134000000,
        "ebitdaratio": 0.0961262554,
        "operatingIncome": 106000000,
        "operatingIncomeRatio": 0.0760401722,
        "totalOtherIncomeExpensesNet": -1000000,
        "incomeBeforeTax": 105000000,
        "incomeBeforeTaxRatio": 0.0753228121,
        "incomeTaxExpense": 39000000,
        "netIncome": 66000000,
        "netIncomeRatio": 0.0473457676,
        "eps": 0.43,
        "epsdiluted": 0.43,
        "weightedAverageShsOut": 152300000,
        "weightedAverageShsOutDil": 153600000,
        "link": "https://www.sec.gov/Archives/edgar/data/850209/000114420411068800/0001144204-11-068800-index.htm",
        "finalLink": "https://www.sec.gov/Archives/edgar/data/850209/000114420411068800/v241216_10q.htm"
    },
    {
        "date": "2011-07-30",
        "symbol": "FL",
        "reportedCurrency": "USD",
        "cik": "0000850209",
        "fillingDate": "2011-09-07",
        "acceptedDate": "2011-09-07 16:49:30",
        "calendarYear": "2011",
        "period": "Q2",
        "revenue": 1275000000,
        "costOfRevenue": 887000000,
        "grossProfit": 388000000,
        "grossProfitRatio": 0.3043137255,
        "researchAndDevelopmentExpenses": 0,
        "generalAndAdministrativeExpenses": 301000000,
        "sellingAndMarketingExpenses": 0,
        "sellingGeneralAndAdministrativeExpenses": 301000000,
        "otherExpenses": 0,
        "operatingExpenses": 329000000,
        "costAndExpenses": 1216000000,
        "interestIncome": 2000000,
        "interestExpense": 1000000,
        "depreciationAndAmortization": 28000000,
        "ebitda": 89000000,
        "ebitdaratio": 0.0698039216,
        "operatingIncome": 59000000,
        "operatingIncomeRatio": 0.0462745098,
        "totalOtherIncomeExpensesNet": -1000000,
        "incomeBeforeTax": 58000000,
        "incomeBeforeTaxRatio": 0.0454901961,
        "incomeTaxExpense": 21000000,
        "netIncome": 37000000,
        "netIncomeRatio": 0.0290196078,
        "eps": 0.24,
        "epsdiluted": 0.24,
        "weightedAverageShsOut": 153700000,
        "weightedAverageShsOutDil": 155200000,
        "link": "https://www.sec.gov/Archives/edgar/data/850209/000114420411051637/0001144204-11-051637-index.htm",
        "finalLink": "https://www.sec.gov/Archives/edgar/data/850209/000114420411051637/v232935_10q.htm"
    },
    {
        "date": "2011-04-30",
        "symbol": "FL",
        "reportedCurrency": "USD",
        "cik": "0000850209",
        "fillingDate": "2011-06-08",
        "acceptedDate": "2011-06-08 16:33:01",
        "calendarYear": "2011",
        "period": "Q1",
        "revenue": 1452000000,
        "costOfRevenue": 977000000,
        "grossProfit": 475000000,
        "grossProfitRatio": 0.3271349862,
        "researchAndDevelopmentExpenses": 0,
        "generalAndAdministrativeExpenses": 298000000,
        "sellingAndMarketingExpenses": 0,
        "sellingGeneralAndAdministrativeExpenses": 298000000,
        "otherExpenses": 0,
        "operatingExpenses": 323000000,
        "costAndExpenses": 1300000000,
        "interestIncome": 2000000,
        "interestExpense": 2000000,
        "depreciationAndAmortization": 27000000,
        "ebitda": 180000000,
        "ebitdaratio": 0.1239669421,
        "operatingIncome": 150000000,
        "operatingIncomeRatio": 0.1033057851,
        "totalOtherIncomeExpensesNet": -1000000,
        "incomeBeforeTax": 149000000,
        "incomeBeforeTaxRatio": 0.1026170799,
        "incomeTaxExpense": 55000000,
        "netIncome": 94000000,
        "netIncomeRatio": 0.064738292,
        "eps": 0.61,
        "epsdiluted": 0.6,
        "weightedAverageShsOut": 154400000,
        "weightedAverageShsOutDil": 155700000,
        "link": "https://www.sec.gov/Archives/edgar/data/850209/000114420411034668/0001144204-11-034668-index.htm",
        "finalLink": "https://www.sec.gov/Archives/edgar/data/850209/000114420411034668/v224828_10q.htm"
    },
    {
        "date": "2011-01-29",
        "symbol": "FL",
        "reportedCurrency": "USD",
        "cik": "0000850209",
        "fillingDate": "2011-03-28",
        "acceptedDate": "2011-03-28 16:34:07",
        "calendarYear": "2010",
        "period": "Q4",
        "revenue": 1392000000,
        "costOfRevenue": 962000000,
        "grossProfit": 430000000,
        "grossProfitRatio": 0.308908046,
        "researchAndDevelopmentExpenses": 0,
        "generalAndAdministrativeExpenses": 303000000,
        "sellingAndMarketingExpenses": 0,
        "sellingGeneralAndAdministrativeExpenses": 303000000,
        "otherExpenses": 0,
        "operatingExpenses": 330000000,
        "costAndExpenses": 1292000000,
        "interestIncome": 11000000,
        "interestExpense": -5000000,
        "depreciationAndAmortization": 27000000,
        "ebitda": 112000000,
        "ebitdaratio": 0.0804597701,
        "operatingIncome": 100000000,
        "operatingIncomeRatio": 0.0718390805,
        "totalOtherIncomeExpensesNet": -10000000,
        "incomeBeforeTax": 90000000,
        "incomeBeforeTaxRatio": 0.0646551724,
        "incomeTaxExpense": 33000000,
        "netIncome": 57000000,
        "netIncomeRatio": 0.0409482759,
        "eps": 0.36,
        "epsdiluted": 0.36,
        "weightedAverageShsOut": 154800000,
        "weightedAverageShsOutDil": 156200000,
        "link": "https://www.sec.gov/Archives/edgar/data/850209/000114420411017589/0001144204-11-017589-index.htm",
        "finalLink": "https://www.sec.gov/Archives/edgar/data/850209/000114420411017589/v213718_10k.htm"
    },
    {
        "date": "2010-10-30",
        "symbol": "FL",
        "reportedCurrency": "USD",
        "cik": "0000850209",
        "fillingDate": "2010-12-08",
        "acceptedDate": "2010-12-08 17:11:24",
        "calendarYear": "2010",
        "period": "Q3",
        "revenue": 1280000000,
        "costOfRevenue": 892000000,
        "grossProfit": 388000000,
        "grossProfitRatio": 0.303125,
        "researchAndDevelopmentExpenses": 0,
        "generalAndAdministrativeExpenses": 287000000,
        "sellingAndMarketingExpenses": 0,
        "sellingGeneralAndAdministrativeExpenses": 287000000,
        "otherExpenses": 0,
        "operatingExpenses": 314000000,
        "costAndExpenses": 1206000000,
        "interestIncome": 1000000,
        "interestExpense": 2000000,
        "depreciationAndAmortization": 27000000,
        "ebitda": 103000000,
        "ebitdaratio": 0.08046875,
        "operatingIncome": 74000000,
        "operatingIncomeRatio": 0.0578125,
        "totalOtherIncomeExpensesNet": -1000000,
        "incomeBeforeTax": 73000000,
        "incomeBeforeTaxRatio": 0.05703125,
        "incomeTaxExpense": 21000000,
        "netIncome": 52000000,
        "netIncomeRatio": 0.040625,
        "eps": 0.33,
        "epsdiluted": 0.33,
        "weightedAverageShsOut": 155400000,
        "weightedAverageShsOutDil": 156200000,
        "link": "https://www.sec.gov/Archives/edgar/data/850209/000114420410065433/0001144204-10-065433-index.htm",
        "finalLink": "https://www.sec.gov/Archives/edgar/data/850209/000114420410065433/v204700_10q.htm"
    },
    {
        "date": "2010-07-31",
        "symbol": "FL",
        "reportedCurrency": "USD",
        "cik": "0000850209",
        "fillingDate": "2010-09-08",
        "acceptedDate": "2010-09-08 17:29:31",
        "calendarYear": "2010",
        "period": "Q2",
        "revenue": 1096000000,
        "costOfRevenue": 791000000,
        "grossProfit": 305000000,
        "grossProfitRatio": 0.2782846715,
        "researchAndDevelopmentExpenses": 0,
        "generalAndAdministrativeExpenses": 268000000,
        "sellingAndMarketingExpenses": 0,
        "sellingGeneralAndAdministrativeExpenses": 268000000,
        "otherExpenses": 0,
        "operatingExpenses": 293000000,
        "costAndExpenses": 1084000000,
        "interestIncome": 1000000,
        "interestExpense": 2000000,
        "depreciationAndAmortization": 26000000,
        "ebitda": 39000000,
        "ebitdaratio": 0.0355839416,
        "operatingIncome": 11000000,
        "operatingIncomeRatio": 0.0100364964,
        "totalOtherIncomeExpensesNet": -1000000,
        "incomeBeforeTax": 10000000,
        "incomeBeforeTaxRatio": 0.0091240876,
        "incomeTaxExpense": 4000000,
        "netIncome": 6000000,
        "netIncomeRatio": 0.0054744526,
        "eps": 0.04,
        "epsdiluted": 0.04,
        "weightedAverageShsOut": 156100000,
        "weightedAverageShsOutDil": 156900000,
        "link": "https://www.sec.gov/Archives/edgar/data/850209/000114420410048614/0001144204-10-048614-index.htm",
        "finalLink": "https://www.sec.gov/Archives/edgar/data/850209/000114420410048614/v196049_10q.htm"
    },
    {
        "date": "2010-05-01",
        "symbol": "FL",
        "reportedCurrency": "USD",
        "cik": "0000850209",
        "fillingDate": "2010-06-09",
        "acceptedDate": "2010-06-09 16:29:34",
        "calendarYear": "2010",
        "period": "Q1",
        "revenue": 1281000000,
        "costOfRevenue": 888000000,
        "grossProfit": 393000000,
        "grossProfitRatio": 0.3067915691,
        "researchAndDevelopmentExpenses": 0,
        "generalAndAdministrativeExpenses": 280000000,
        "sellingAndMarketingExpenses": 0,
        "sellingGeneralAndAdministrativeExpenses": 280000000,
        "otherExpenses": 0,
        "operatingExpenses": 306000000,
        "costAndExpenses": 1194000000,
        "interestIncome": 1000000,
        "interestExpense": 3000000,
        "depreciationAndAmortization": 26000000,
        "ebitda": 114000000,
        "ebitdaratio": 0.0889929742,
        "operatingIncome": 87000000,
        "operatingIncomeRatio": 0.0679156909,
        "totalOtherIncomeExpensesNet": -3000000,
        "incomeBeforeTax": 84000000,
        "incomeBeforeTaxRatio": 0.0655737705,
        "incomeTaxExpense": 30000000,
        "netIncome": 54000000,
        "netIncomeRatio": 0.0421545667,
        "eps": 0.35,
        "epsdiluted": 0.34,
        "weightedAverageShsOut": 156500000,
        "weightedAverageShsOutDil": 157300000,
        "link": "https://www.sec.gov/Archives/edgar/data/850209/000114420410032642/0001144204-10-032642-index.htm",
        "finalLink": "https://www.sec.gov/Archives/edgar/data/850209/000114420410032642/v187347_10q.htm"
    },
    {
        "date": "2010-01-30",
        "symbol": "FL",
        "reportedCurrency": "USD",
        "cik": "0000850209",
        "fillingDate": "2010-03-29",
        "acceptedDate": "2010-03-29 17:27:53",
        "calendarYear": "2009",
        "period": "Q4",
        "revenue": 1325000000,
        "costOfRevenue": 958000000,
        "grossProfit": 367000000,
        "grossProfitRatio": 0.2769811321,
        "researchAndDevelopmentExpenses": 0,
        "generalAndAdministrativeExpenses": 295000000,
        "sellingAndMarketingExpenses": 31000000,
        "sellingGeneralAndAdministrativeExpenses": 326000000,
        "otherExpenses": 0,
        "operatingExpenses": 326000000,
        "costAndExpenses": 1284000000,
        "interestIncome": 0,
        "interestExpense": 0,
        "depreciationAndAmortization": 27000000,
        "ebitda": 66000000,
        "ebitdaratio": 0.0498113208,
        "operatingIncome": 45000000,
        "operatingIncomeRatio": 0.0339622642,
        "totalOtherIncomeExpensesNet": -6000000,
        "incomeBeforeTax": 39000000,
        "incomeBeforeTaxRatio": 0.0294339623,
        "incomeTaxExpense": 16000000,
        "netIncome": 94000000,
        "netIncomeRatio": 0.0709433962,
        "eps": 0.6,
        "epsdiluted": 0.6,
        "weightedAverageShsOut": 156300000,
        "weightedAverageShsOutDil": 156900000,
        "link": "https://www.sec.gov/Archives/edgar/data/850209/000114420410016376/0001144204-10-016376-index.htm",
        "finalLink": "https://www.sec.gov/Archives/edgar/data/850209/000114420410016376/v177389_10k.htm"
    },
    {
        "date": "2009-10-31",
        "symbol": "FL",
        "reportedCurrency": "USD",
        "cik": "0000850209",
        "fillingDate": "2009-12-09",
        "acceptedDate": "2009-12-09 17:05:39",
        "calendarYear": "2009",
        "period": "Q3",
        "revenue": 1214000000,
        "costOfRevenue": 885000000,
        "grossProfit": 329000000,
        "grossProfitRatio": 0.2710049423,
        "researchAndDevelopmentExpenses": 0,
        "generalAndAdministrativeExpenses": 274000000,
        "sellingAndMarketingExpenses": 29000000,
        "sellingGeneralAndAdministrativeExpenses": 303000000,
        "otherExpenses": 0,
        "operatingExpenses": 303000000,
        "costAndExpenses": 1188000000,
        "interestIncome": 1000000,
        "interestExpense": 4000000,
        "depreciationAndAmortization": 29000000,
        "ebitda": 19000000,
        "ebitdaratio": 0.0156507414,
        "operatingIncome": 26000000,
        "operatingIncomeRatio": 0.021416804,
        "totalOtherIncomeExpensesNet": -39000000,
        "incomeBeforeTax": -13000000,
        "incomeBeforeTaxRatio": -0.010708402,
        "incomeTaxExpense": -7000000,
        "netIncome": 57000000,
        "netIncomeRatio": 0.0469522241,
        "eps": 0.37,
        "epsdiluted": 0.36,
        "weightedAverageShsOut": 155600000,
        "weightedAverageShsOutDil": 156400000,
        "link": "https://www.sec.gov/Archives/edgar/data/850209/000114420409063867/0001144204-09-063867-index.htm",
        "finalLink": "https://www.sec.gov/Archives/edgar/data/850209/000114420409063867/v168382_10q.htm"
    },
    {
        "date": "2009-08-01",
        "symbol": "FL",
        "reportedCurrency": "USD",
        "cik": "0000850209",
        "fillingDate": "2009-09-09",
        "acceptedDate": "2009-09-09 16:56:45",
        "calendarYear": "2009",
        "period": "Q2",
        "revenue": 1099000000,
        "costOfRevenue": 819000000,
        "grossProfit": 280000000,
        "grossProfitRatio": 0.2547770701,
        "researchAndDevelopmentExpenses": 0,
        "generalAndAdministrativeExpenses": 252000000,
        "sellingAndMarketingExpenses": 27000000,
        "sellingGeneralAndAdministrativeExpenses": 279000000,
        "otherExpenses": 0,
        "operatingExpenses": 279000000,
        "costAndExpenses": 1098000000,
        "interestIncome": 0,
        "interestExpense": 3000000,
        "depreciationAndAmortization": 28000000,
        "ebitda": 29000000,
        "ebitdaratio": 0.0263876251,
        "operatingIncome": 1000000,
        "operatingIncomeRatio": 0.0009099181,
        "totalOtherIncomeExpensesNet": -3000000,
        "incomeBeforeTax": -2000000,
        "incomeBeforeTaxRatio": -0.0018198362,
        "incomeTaxExpense": -1000000,
        "netIncome": 52000000,
        "netIncomeRatio": 0.0473157416,
        "eps": 0.33,
        "epsdiluted": 0.33,
        "weightedAverageShsOut": 155900000,
        "weightedAverageShsOutDil": 155900000,
        "link": "https://www.sec.gov/Archives/edgar/data/850209/000114420409047702/0001144204-09-047702-index.htm",
        "finalLink": "https://www.sec.gov/Archives/edgar/data/850209/000114420409047702/v159944_10q.htm"
    },
    {
        "date": "2009-05-02",
        "symbol": "FL",
        "reportedCurrency": "USD",
        "cik": "0000850209",
        "fillingDate": "2009-06-10",
        "acceptedDate": "2009-06-10 16:32:53",
        "calendarYear": "2009",
        "period": "Q1",
        "revenue": 1216000000,
        "costOfRevenue": 860000000,
        "grossProfit": 356000000,
        "grossProfitRatio": 0.2927631579,
        "researchAndDevelopmentExpenses": 0,
        "generalAndAdministrativeExpenses": 278000000,
        "sellingAndMarketingExpenses": 0,
        "sellingGeneralAndAdministrativeExpenses": 278000000,
        "otherExpenses": 0,
        "operatingExpenses": 306000000,
        "costAndExpenses": 1166000000,
        "interestIncome": 1000000,
        "interestExpense": 3000000,
        "depreciationAndAmortization": 28000000,
        "ebitda": 80000000,
        "ebitdaratio": 0.0657894737,
        "operatingIncome": 50000000,
        "operatingIncomeRatio": 0.0411184211,
        "totalOtherIncomeExpensesNet": -1000000,
        "incomeBeforeTax": 49000000,
        "incomeBeforeTaxRatio": 0.0402960526,
        "incomeTaxExpense": 18000000,
        "netIncome": 31000000,
        "netIncomeRatio": 0.0254934211,
        "eps": 0.2,
        "epsdiluted": 0.2,
        "weightedAverageShsOut": 155300000,
        "weightedAverageShsOutDil": 155500000,
        "link": "https://www.sec.gov/Archives/edgar/data/850209/000114420409031925/0001144204-09-031925-index.htm",
        "finalLink": "https://www.sec.gov/Archives/edgar/data/850209/000114420409031925/v151738_10q.htm"
    },
    {
        "date": "2009-01-31",
        "symbol": "FL",
        "reportedCurrency": "USD",
        "cik": "0000850209",
        "fillingDate": "2009-03-30",
        "acceptedDate": "2009-03-30 17:08:13",
        "calendarYear": "2008",
        "period": "Q4",
        "revenue": 1317000000,
        "costOfRevenue": 939000000,
        "grossProfit": 378000000,
        "grossProfitRatio": 0.2870159453,
        "researchAndDevelopmentExpenses": 0,
        "generalAndAdministrativeExpenses": 289000000,
        "sellingAndMarketingExpenses": 0,
        "sellingGeneralAndAdministrativeExpenses": 289000000,
        "otherExpenses": 0,
        "operatingExpenses": 322000000,
        "costAndExpenses": 1261000000,
        "interestIncome": 0,
        "interestExpense": 0,
        "depreciationAndAmortization": 33000000,
        "ebitda": 89000000,
        "ebitdaratio": 0.0675778284,
        "operatingIncome": 56000000,
        "operatingIncomeRatio": 0.0425208808,
        "totalOtherIncomeExpensesNet": -236000000,
        "incomeBeforeTax": -180000000,
        "incomeBeforeTaxRatio": -0.1366742597,
        "incomeTaxExpense": -56000000,
        "netIncome": -125000000,
        "netIncomeRatio": -0.0949126803,
        "eps": -0.81,
        "epsdiluted": -0.8,
        "weightedAverageShsOut": 154000000,
        "weightedAverageShsOutDil": 155600000,
        "link": "https://www.sec.gov/Archives/edgar/data/850209/000120677409000650/0001206774-09-000650-index.htm",
        "finalLink": "https://www.sec.gov/Archives/edgar/data/850209/000120677409000650/footlocker_10k.htm"
    },
    {
        "date": "2008-11-01",
        "symbol": "FL",
        "reportedCurrency": "USD",
        "cik": "0000850209",
        "fillingDate": "2008-12-10",
        "acceptedDate": "2008-12-10 16:57:11",
        "calendarYear": "2008",
        "period": "Q3",
        "revenue": 1309000000,
        "costOfRevenue": 954000000,
        "grossProfit": 355000000,
        "grossProfitRatio": 0.2711993888,
        "researchAndDevelopmentExpenses": 0,
        "generalAndAdministrativeExpenses": 287000000,
        "sellingAndMarketingExpenses": 0,
        "sellingGeneralAndAdministrativeExpenses": 287000000,
        "otherExpenses": 0,
        "operatingExpenses": 319000000,
        "costAndExpenses": 1273000000,
        "interestIncome": 0,
        "interestExpense": 1000000,
        "depreciationAndAmortization": 32000000,
        "ebitda": 66000000,
        "ebitdaratio": 0.0504201681,
        "operatingIncome": 36000000,
        "operatingIncomeRatio": 0.0275019099,
        "totalOtherIncomeExpensesNet": 1000000,
        "incomeBeforeTax": 37000000,
        "incomeBeforeTaxRatio": 0.0282658518,
        "incomeTaxExpense": 13000000,
        "netIncome": 24000000,
        "netIncomeRatio": 0.0183346066,
        "eps": 0.16,
        "epsdiluted": 0.16,
        "weightedAverageShsOut": 154100000,
        "weightedAverageShsOutDil": 155600000,
        "link": "https://www.sec.gov/Archives/edgar/data/850209/000120677408001972/0001206774-08-001972-index.htm",
        "finalLink": "https://www.sec.gov/Archives/edgar/data/850209/000120677408001972/footlocker_10q.htm"
    },
    {
        "date": "2008-08-02",
        "symbol": "FL",
        "reportedCurrency": "USD",
        "cik": "0000850209",
        "fillingDate": "2008-09-10",
        "acceptedDate": "2008-09-10 17:02:05",
        "calendarYear": "2008",
        "period": "Q2",
        "revenue": 1302000000,
        "costOfRevenue": 941000000,
        "grossProfit": 361000000,
        "grossProfitRatio": 0.277265745,
        "researchAndDevelopmentExpenses": 0,
        "generalAndAdministrativeExpenses": 299000000,
        "sellingAndMarketingExpenses": 0,
        "sellingGeneralAndAdministrativeExpenses": 299000000,
        "otherExpenses": 0,
        "operatingExpenses": 332000000,
        "costAndExpenses": 1273000000,
        "interestIncome": 0,
        "interestExpense": 2000000,
        "depreciationAndAmortization": 33000000,
        "ebitda": 65000000,
        "ebitdaratio": 0.0499231951,
        "operatingIncome": 28000000,
        "operatingIncomeRatio": 0.0215053763,
        "totalOtherIncomeExpensesNet": 0,
        "incomeBeforeTax": 28000000,
        "incomeBeforeTaxRatio": 0.0215053763,
        "incomeTaxExpense": 10000000,
        "netIncome": 18000000,
        "netIncomeRatio": 0.0138248848,
        "eps": 0.11,
        "epsdiluted": 0.11,
        "weightedAverageShsOut": 154000000,
        "weightedAverageShsOutDil": 155400000,
        "link": "https://www.sec.gov/Archives/edgar/data/850209/000120677408001553/0001206774-08-001553-index.htm",
        "finalLink": "https://www.sec.gov/Archives/edgar/data/850209/000120677408001553/footlocker_10q.htm"
    },
    {
        "date": "2008-05-03",
        "symbol": "FL",
        "reportedCurrency": "USD",
        "cik": "0000850209",
        "fillingDate": "2008-06-11",
        "acceptedDate": "2008-06-11 16:37:27",
        "calendarYear": "2008",
        "period": "Q1",
        "revenue": 1309000000,
        "costOfRevenue": 943000000,
        "grossProfit": 366000000,
        "grossProfitRatio": 0.2796027502,
        "researchAndDevelopmentExpenses": 0,
        "generalAndAdministrativeExpenses": 299000000,
        "sellingAndMarketingExpenses": 0,
        "sellingGeneralAndAdministrativeExpenses": 299000000,
        "otherExpenses": 0,
        "operatingExpenses": 331000000,
        "costAndExpenses": 1274000000,
        "interestIncome": 0,
        "interestExpense": 1000000,
        "depreciationAndAmortization": 32000000,
        "ebitda": 52000000,
        "ebitdaratio": 0.0397249809,
        "operatingIncome": 35000000,
        "operatingIncomeRatio": 0.0267379679,
        "totalOtherIncomeExpensesNet": -20000000,
        "incomeBeforeTax": 15000000,
        "incomeBeforeTaxRatio": 0.0114591291,
        "incomeTaxExpense": 12000000,
        "netIncome": 3000000,
        "netIncomeRatio": 0.0022918258,
        "eps": 0.02,
        "epsdiluted": 0.02,
        "weightedAverageShsOut": 153800000,
        "weightedAverageShsOutDil": 155000000,
        "link": "https://www.sec.gov/Archives/edgar/data/850209/000120677408001142/0001206774-08-001142-index.htm",
        "finalLink": "https://www.sec.gov/Archives/edgar/data/850209/000120677408001142/footlockerinc_10q.htm"
    },
    {
        "date": "2008-02-02",
        "symbol": "FL",
        "reportedCurrency": "USD",
        "cik": "0000850209",
        "fillingDate": "2008-03-31",
        "acceptedDate": "2008-03-31 17:16:58",
        "calendarYear": "2007",
        "period": "Q4",
        "revenue": 1482000000,
        "costOfRevenue": 1105000000,
        "grossProfit": 377000000,
        "grossProfitRatio": 0.2543859649,
        "researchAndDevelopmentExpenses": 0,
        "generalAndAdministrativeExpenses": 311000000,
        "sellingAndMarketingExpenses": 0,
        "sellingGeneralAndAdministrativeExpenses": 311000000,
        "otherExpenses": 0,
        "operatingExpenses": 345000000,
        "costAndExpenses": 1450000000,
        "interestIncome": 0,
        "interestExpense": 0,
        "depreciationAndAmortization": 34000000,
        "ebitda": 66000000,
        "ebitdaratio": 0.044534413,
        "operatingIncome": 32000000,
        "operatingIncomeRatio": 0.0215924426,
        "totalOtherIncomeExpensesNet": -22000000,
        "incomeBeforeTax": 10000000,
        "incomeBeforeTaxRatio": 0.0067476383,
        "incomeTaxExpense": -74000000,
        "netIncome": 85000000,
        "netIncomeRatio": 0.0573549258,
        "eps": 0.51,
        "epsdiluted": 0.51,
        "weightedAverageShsOut": 154900000,
        "weightedAverageShsOutDil": 154900000,
        "link": "https://www.sec.gov/Archives/edgar/data/850209/000120677408000652/0001206774-08-000652-index.htm",
        "finalLink": "https://www.sec.gov/Archives/edgar/data/850209/000120677408000652/footlocker_10k.htm"
    },
    {
        "date": "2007-11-03",
        "symbol": "FL",
        "reportedCurrency": "USD",
        "cik": "0000850209",
        "fillingDate": "2007-12-07",
        "acceptedDate": "2007-12-07 16:43:40",
        "calendarYear": "2007",
        "period": "Q3",
        "revenue": 1356000000,
        "costOfRevenue": 975000000,
        "grossProfit": 381000000,
        "grossProfitRatio": 0.2809734513,
        "researchAndDevelopmentExpenses": 0,
        "generalAndAdministrativeExpenses": 289000000,
        "sellingAndMarketingExpenses": 0,
        "sellingGeneralAndAdministrativeExpenses": 289000000,
        "otherExpenses": 0,
        "operatingExpenses": 334000000,
        "costAndExpenses": 1309000000,
        "interestIncome": 0,
        "interestExpense": 0,
        "depreciationAndAmortization": 45000000,
        "ebitda": 92000000,
        "ebitdaratio": 0.0678466077,
        "operatingIncome": 47000000,
        "operatingIncomeRatio": 0.034660767,
        "totalOtherIncomeExpensesNet": -105000000,
        "incomeBeforeTax": -58000000,
        "incomeBeforeTaxRatio": -0.0427728614,
        "incomeTaxExpense": -24000000,
        "netIncome": -33000000,
        "netIncomeRatio": -0.0243362832,
        "eps": -0.21,
        "epsdiluted": -0.21,
        "weightedAverageShsOut": 153600000,
        "weightedAverageShsOutDil": 153600000,
        "link": "https://www.sec.gov/Archives/edgar/data/850209/000120677407002822/0001206774-07-002822-index.htm",
        "finalLink": "https://www.sec.gov/Archives/edgar/data/850209/000120677407002822/footlocker_10q.htm"
    },
    {
        "date": "2007-08-04",
        "symbol": "FL",
        "reportedCurrency": "USD",
        "cik": "0000850209",
        "fillingDate": "2007-09-11",
        "acceptedDate": "2007-09-11 17:01:18",
        "calendarYear": "2007",
        "period": "Q2",
        "revenue": 1283000000,
        "costOfRevenue": 981000000,
        "grossProfit": 302000000,
        "grossProfitRatio": 0.2353858145,
        "researchAndDevelopmentExpenses": 0,
        "generalAndAdministrativeExpenses": 286000000,
        "sellingAndMarketingExpenses": 0,
        "sellingGeneralAndAdministrativeExpenses": 286000000,
        "otherExpenses": 0,
        "operatingExpenses": 330000000,
        "costAndExpenses": 1311000000,
        "interestIncome": 0,
        "interestExpense": 0,
        "depreciationAndAmortization": 44000000,
        "ebitda": 16000000,
        "ebitdaratio": 0.0124707716,
        "operatingIncome": -28000000,
        "operatingIncomeRatio": -0.0218238504,
        "totalOtherIncomeExpensesNet": -1000000,
        "incomeBeforeTax": -29000000,
        "incomeBeforeTaxRatio": -0.0226032736,
        "incomeTaxExpense": -11000000,
        "netIncome": -18000000,
        "netIncomeRatio": -0.0140296181,
        "eps": -0.12,
        "epsdiluted": -0.12,
        "weightedAverageShsOut": 154000000,
        "weightedAverageShsOutDil": 154000000,
        "link": "https://www.sec.gov/Archives/edgar/data/850209/000120677407002150/0001206774-07-002150-index.htm",
        "finalLink": "https://www.sec.gov/Archives/edgar/data/850209/000120677407002150/footlocker_10q.htm"
    },
    {
        "date": "2007-05-05",
        "symbol": "FL",
        "reportedCurrency": "USD",
        "cik": "0000850209",
        "fillingDate": "2007-06-12",
        "acceptedDate": "2007-06-12 16:34:52",
        "calendarYear": "2007",
        "period": "Q1",
        "revenue": 1316000000,
        "costOfRevenue": 956000000,
        "grossProfit": 360000000,
        "grossProfitRatio": 0.273556231,
        "researchAndDevelopmentExpenses": 0,
        "generalAndAdministrativeExpenses": 290000000,
        "sellingAndMarketingExpenses": 0,
        "sellingGeneralAndAdministrativeExpenses": 290000000,
        "otherExpenses": 0,
        "operatingExpenses": 333000000,
        "costAndExpenses": 1289000000,
        "interestIncome": 0,
        "interestExpense": 0,
        "depreciationAndAmortization": 43000000,
        "ebitda": 70000000,
        "ebitdaratio": 0.0531914894,
        "operatingIncome": 27000000,
        "operatingIncomeRatio": 0.0205167173,
        "totalOtherIncomeExpensesNet": 0,
        "incomeBeforeTax": 27000000,
        "incomeBeforeTaxRatio": 0.0205167173,
        "incomeTaxExpense": 10000000,
        "netIncome": 17000000,
        "netIncomeRatio": 0.0129179331,
        "eps": 0.11,
        "epsdiluted": 0.11,
        "weightedAverageShsOut": 154800000,
        "weightedAverageShsOutDil": 156500000,
        "link": "https://www.sec.gov/Archives/edgar/data/850209/000120677407001548/0001206774-07-001548-index.htm",
        "finalLink": "https://www.sec.gov/Archives/edgar/data/850209/000120677407001548/footlocker_10q.htm"
    },
    {
        "date": "2007-02-03",
        "symbol": "FL",
        "reportedCurrency": "USD",
        "cik": "0000850209",
        "fillingDate": "2007-04-02",
        "acceptedDate": "2007-04-02 16:49:57",
        "calendarYear": "2006",
        "period": "Q4",
        "revenue": 1652000000,
        "costOfRevenue": 1118000000,
        "grossProfit": 534000000,
        "grossProfitRatio": 0.3232445521,
        "researchAndDevelopmentExpenses": 0,
        "generalAndAdministrativeExpenses": 0,
        "sellingAndMarketingExpenses": 0,
        "sellingGeneralAndAdministrativeExpenses": 323000000,
        "otherExpenses": 44000000,
        "operatingExpenses": 367000000,
        "costAndExpenses": 1485000000,
        "interestIncome": 0,
        "interestExpense": 0,
        "depreciationAndAmortization": 44000000,
        "ebitda": 211000000,
        "ebitdaratio": 0.1277239709,
        "operatingIncome": 167000000,
        "operatingIncomeRatio": 0.1010895884,
        "totalOtherIncomeExpensesNet": 7000000,
        "incomeBeforeTax": 174000000,
        "incomeBeforeTaxRatio": 0.1053268765,
        "incomeTaxExpense": 64000000,
        "netIncome": 113000000,
        "netIncomeRatio": 0.068401937,
        "eps": 0.73,
        "epsdiluted": 0.73,
        "weightedAverageShsOut": 155000000,
        "weightedAverageShsOutDil": 155000000,
        "link": "https://www.sec.gov/Archives/edgar/data/850209/000120677407000876/0001206774-07-000876-index.htm",
        "finalLink": "https://www.sec.gov/Archives/edgar/data/850209/000120677407000876/footlocker_10k.htm"
    },
    {
        "date": "2006-10-28",
        "symbol": "FL",
        "reportedCurrency": "USD",
        "cik": "0000850209",
        "fillingDate": "2006-11-30",
        "acceptedDate": "2006-11-30 16:37:15",
        "calendarYear": "2006",
        "period": "Q3",
        "revenue": 1430000000,
        "costOfRevenue": 1008000000,
        "grossProfit": 422000000,
        "grossProfitRatio": 0.2951048951,
        "researchAndDevelopmentExpenses": 0,
        "generalAndAdministrativeExpenses": 0,
        "sellingAndMarketingExpenses": 0,
        "sellingGeneralAndAdministrativeExpenses": 284000000,
        "otherExpenses": 44000000,
        "operatingExpenses": 328000000,
        "costAndExpenses": 1336000000,
        "interestIncome": 0,
        "interestExpense": 2000000,
        "depreciationAndAmortization": 44000000,
        "ebitda": 94000000,
        "ebitdaratio": 0.0657342657,
        "operatingIncome": 94000000,
        "operatingIncomeRatio": 0.0657342657,
        "totalOtherIncomeExpensesNet": 7000000,
        "incomeBeforeTax": 101000000,
        "incomeBeforeTaxRatio": 0.0706293706,
        "incomeTaxExpense": 36000000,
        "netIncome": 65000000,
        "netIncomeRatio": 0.0454545455,
        "eps": 0.42,
        "epsdiluted": 0.42,
        "weightedAverageShsOut": 155000000,
        "weightedAverageShsOutDil": 156800000,
        "link": "https://www.sec.gov/Archives/edgar/data/850209/000120677406002453/0001206774-06-002453-index.htm",
        "finalLink": "https://www.sec.gov/Archives/edgar/data/850209/000120677406002453/fl124103.htm"
    },
    {
        "date": "2006-07-29",
        "symbol": "FL",
        "reportedCurrency": "USD",
        "cik": "0000850209",
        "fillingDate": "2006-08-31",
        "acceptedDate": "2006-08-31 17:24:41",
        "calendarYear": "2006",
        "period": "Q2",
        "revenue": 1303000000,
        "costOfRevenue": 942000000,
        "grossProfit": 361000000,
        "grossProfitRatio": 0.2770529547,
        "researchAndDevelopmentExpenses": 0,
        "generalAndAdministrativeExpenses": 0,
        "sellingAndMarketingExpenses": 0,
        "sellingGeneralAndAdministrativeExpenses": 273000000,
        "otherExpenses": 44000000,
        "operatingExpenses": 317000000,
        "costAndExpenses": 1259000000,
        "interestIncome": 0,
        "interestExpense": 1000000,
        "depreciationAndAmortization": 44000000,
        "ebitda": 88000000,
        "ebitdaratio": 0.0675364543,
        "operatingIncome": 44000000,
        "operatingIncomeRatio": 0.0337682272,
        "totalOtherIncomeExpensesNet": -19000000,
        "incomeBeforeTax": 25000000,
        "incomeBeforeTaxRatio": 0.0191864927,
        "incomeTaxExpense": 11000000,
        "netIncome": 14000000,
        "netIncomeRatio": 0.0107444359,
        "eps": 0.09,
        "epsdiluted": 0.09,
        "weightedAverageShsOut": 154900000,
        "weightedAverageShsOutDil": 156700000,
        "link": "https://www.sec.gov/Archives/edgar/data/850209/000120677406001925/0001206774-06-001925-index.htm",
        "finalLink": "https://www.sec.gov/Archives/edgar/data/850209/000120677406001925/fl124103.htm"
    },
    {
        "date": "2006-04-29",
        "symbol": "FL",
        "reportedCurrency": "USD",
        "cik": "0000850209",
        "fillingDate": "2006-06-01",
        "acceptedDate": "2006-06-01 16:50:57",
        "calendarYear": "2006",
        "period": "Q1",
        "revenue": 1365000000,
        "costOfRevenue": 946000000,
        "grossProfit": 419000000,
        "grossProfitRatio": 0.306959707,
        "researchAndDevelopmentExpenses": 0,
        "generalAndAdministrativeExpenses": 0,
        "sellingAndMarketingExpenses": 0,
        "sellingGeneralAndAdministrativeExpenses": 283000000,
        "otherExpenses": 43000000,
        "operatingExpenses": 326000000,
        "costAndExpenses": 1272000000,
        "interestIncome": 0,
        "interestExpense": 1000000,
        "depreciationAndAmortization": 43000000,
        "ebitda": 136000000,
        "ebitdaratio": 0.0996336996,
        "operatingIncome": 93000000,
        "operatingIncomeRatio": 0.0681318681,
        "totalOtherIncomeExpensesNet": -1000000,
        "incomeBeforeTax": 92000000,
        "incomeBeforeTaxRatio": 0.0673992674,
        "incomeTaxExpense": 34000000,
        "netIncome": 59000000,
        "netIncomeRatio": 0.0432234432,
        "eps": 0.38,
        "epsdiluted": 0.38,
        "weightedAverageShsOut": 154700000,
        "weightedAverageShsOutDil": 156700000,
        "link": "https://www.sec.gov/Archives/edgar/data/850209/000120677406001261/0001206774-06-001261-index.htm",
        "finalLink": "https://www.sec.gov/Archives/edgar/data/850209/000120677406001261/fl71863.htm"
    },
    {
        "date": "2006-01-31",
        "symbol": "FL",
        "reportedCurrency": "USD",
        "cik": "0000850209",
        "fillingDate": "2006-01-31",
        "acceptedDate": "2006-01-30 19:00:00",
        "calendarYear": "2005",
        "period": "Q4",
        "revenue": 1564000000,
        "costOfRevenue": 1080000000,
        "grossProfit": 484000000,
        "grossProfitRatio": 0.3094629156,
        "researchAndDevelopmentExpenses": 0,
        "generalAndAdministrativeExpenses": 0,
        "sellingAndMarketingExpenses": 0,
        "sellingGeneralAndAdministrativeExpenses": 301000000,
        "otherExpenses": 0,
        "operatingExpenses": 344000000,
        "costAndExpenses": 1424000000,
        "interestIncome": 0,
        "interestExpense": 0,
        "depreciationAndAmortization": 43000000,
        "ebitda": 183000000,
        "ebitdaratio": 0.1170076726,
        "operatingIncome": 140000000,
        "operatingIncomeRatio": 0.0895140665,
        "totalOtherIncomeExpensesNet": 1000000,
        "incomeBeforeTax": 141000000,
        "incomeBeforeTaxRatio": 0.0901534527,
        "incomeTaxExpense": 45000000,
        "netIncome": 96000000,
        "netIncomeRatio": 0.0613810742,
        "eps": 0.62,
        "epsdiluted": 0.61,
        "weightedAverageShsOut": 154500000,
        "weightedAverageShsOutDil": 156700000,
        "link": null,
        "finalLink": null
    },
    {
        "date": "2005-12-30",
        "symbol": "FL",
        "reportedCurrency": "USD",
        "cik": "0000850209",
        "fillingDate": "2006-03-27",
        "acceptedDate": "2006-03-27 16:23:22",
        "calendarYear": "2005",
        "period": "Q3",
        "revenue": 1408000000,
        "costOfRevenue": 978000000,
        "grossProfit": 430000000,
        "grossProfitRatio": 0.3053977273,
        "researchAndDevelopmentExpenses": 0,
        "generalAndAdministrativeExpenses": 0,
        "sellingAndMarketingExpenses": 0,
        "sellingGeneralAndAdministrativeExpenses": 280000000,
        "otherExpenses": 46000000,
        "operatingExpenses": 326000000,
        "costAndExpenses": 1304000000,
        "interestIncome": 0,
        "interestExpense": 0,
        "depreciationAndAmortization": 46000000,
        "ebitda": 150000000,
        "ebitdaratio": 0.1065340909,
        "operatingIncome": 104000000,
        "operatingIncomeRatio": 0.0738636364,
        "totalOtherIncomeExpensesNet": -2000000,
        "incomeBeforeTax": 102000000,
        "incomeBeforeTaxRatio": 0.0724431818,
        "incomeTaxExpense": 37000000,
        "netIncome": 66000000,
        "netIncomeRatio": 0.046875,
        "eps": 0.43,
        "epsdiluted": 0.42,
        "weightedAverageShsOut": 155200000,
        "weightedAverageShsOutDil": 157400000,
        "link": "https://www.sec.gov/Archives/edgar/data/850209/000120677406000567/0001206774-06-000567-index.htm",
        "finalLink": "https://www.sec.gov/Archives/edgar/data/850209/000120677406000567/d18788_10k.htm"
    },
    {
        "date": "2005-07-30",
        "symbol": "FL",
        "reportedCurrency": "USD",
        "cik": "0000850209",
        "fillingDate": "2005-08-31",
        "acceptedDate": "2005-08-31 17:21:14",
        "calendarYear": "2005",
        "period": "Q2",
        "revenue": 1304000000,
        "costOfRevenue": 927000000,
        "grossProfit": 377000000,
        "grossProfitRatio": 0.2891104294,
        "researchAndDevelopmentExpenses": 0,
        "generalAndAdministrativeExpenses": 0,
        "sellingAndMarketingExpenses": 0,
        "sellingGeneralAndAdministrativeExpenses": 265000000,
        "otherExpenses": 41000000,
        "operatingExpenses": 306000000,
        "costAndExpenses": 1233000000,
        "interestIncome": 0,
        "interestExpense": 3000000,
        "depreciationAndAmortization": 41000000,
        "ebitda": 112000000,
        "ebitdaratio": 0.0858895706,
        "operatingIncome": 71000000,
        "operatingIncomeRatio": 0.0544478528,
        "totalOtherIncomeExpensesNet": 0,
        "incomeBeforeTax": 71000000,
        "incomeBeforeTaxRatio": 0.0544478528,
        "incomeTaxExpense": 27000000,
        "netIncome": 44000000,
        "netIncomeRatio": 0.0337423313,
        "eps": 0.29,
        "epsdiluted": 0.28,
        "weightedAverageShsOut": 155600000,
        "weightedAverageShsOutDil": 158300000,
        "link": "https://www.sec.gov/Archives/edgar/data/850209/000120677405001511/0001206774-05-001511-index.htm",
        "finalLink": "https://www.sec.gov/Archives/edgar/data/850209/000120677405001511/fl71643.htm"
    },
    {
        "date": "2005-04-30",
        "symbol": "FL",
        "reportedCurrency": "USD",
        "cik": "0000850209",
        "fillingDate": "2005-06-02",
        "acceptedDate": "2005-06-02 16:38:22",
        "calendarYear": "2005",
        "period": "Q1",
        "revenue": 1377000000,
        "costOfRevenue": 959000000,
        "grossProfit": 418000000,
        "grossProfitRatio": 0.3035584604,
        "researchAndDevelopmentExpenses": 0,
        "generalAndAdministrativeExpenses": 0,
        "sellingAndMarketingExpenses": 0,
        "sellingGeneralAndAdministrativeExpenses": 283000000,
        "otherExpenses": 41000000,
        "operatingExpenses": 324000000,
        "costAndExpenses": 1283000000,
        "interestIncome": 0,
        "interestExpense": 3000000,
        "depreciationAndAmortization": 41000000,
        "ebitda": 135000000,
        "ebitdaratio": 0.0980392157,
        "operatingIncome": 94000000,
        "operatingIncomeRatio": 0.0682643428,
        "totalOtherIncomeExpensesNet": -3000000,
        "incomeBeforeTax": 91000000,
        "incomeBeforeTaxRatio": 0.0660856935,
        "incomeTaxExpense": 33000000,
        "netIncome": 58000000,
        "netIncomeRatio": 0.0421205519,
        "eps": 0.37,
        "epsdiluted": 0.37,
        "weightedAverageShsOut": 155100000,
        "weightedAverageShsOutDil": 158100000,
        "link": "https://www.sec.gov/Archives/edgar/data/850209/000120677405001052/0001206774-05-001052-index.htm",
        "finalLink": "https://www.sec.gov/Archives/edgar/data/850209/000120677405001052/fl71521.htm"
    },
    {
        "date": "2005-01-29",
        "symbol": "FL",
        "reportedCurrency": "USD",
        "cik": "0000850209",
        "fillingDate": "2005-03-29",
        "acceptedDate": "2005-03-29 16:32:35",
        "calendarYear": "2004",
        "period": "Q4",
        "revenue": 1535000000,
        "costOfRevenue": 1055000000,
        "grossProfit": 480000000,
        "grossProfitRatio": 0.3127035831,
        "researchAndDevelopmentExpenses": 0,
        "generalAndAdministrativeExpenses": 0,
        "sellingAndMarketingExpenses": 0,
        "sellingGeneralAndAdministrativeExpenses": 302000000,
        "otherExpenses": 45000000,
        "operatingExpenses": 347000000,
        "costAndExpenses": 1402000000,
        "interestIncome": 0,
        "interestExpense": 0,
        "depreciationAndAmortization": 45000000,
        "ebitda": 178000000,
        "ebitdaratio": 0.1159609121,
        "operatingIncome": 131000000,
        "operatingIncomeRatio": 0.0853420195,
        "totalOtherIncomeExpensesNet": -1000000,
        "incomeBeforeTax": 130000000,
        "incomeBeforeTaxRatio": 0.0846905537,
        "incomeTaxExpense": 41000000,
        "netIncome": 89000000,
        "netIncomeRatio": 0.057980456,
        "eps": 0.58,
        "epsdiluted": 0.58,
        "weightedAverageShsOut": 154500000,
        "weightedAverageShsOutDil": 154500000,
        "link": "https://www.sec.gov/Archives/edgar/data/850209/000120677405000473/0001206774-05-000473-index.htm",
        "finalLink": "https://www.sec.gov/Archives/edgar/data/850209/000120677405000473/d16563.htm"
    },
    {
        "date": "2004-10-30",
        "symbol": "FL",
        "reportedCurrency": "USD",
        "cik": "0000850209",
        "fillingDate": "2004-12-07",
        "acceptedDate": "2004-12-07 16:33:11",
        "calendarYear": "2004",
        "period": "Q3",
        "revenue": 1366000000,
        "costOfRevenue": 941000000,
        "grossProfit": 425000000,
        "grossProfitRatio": 0.3111273792,
        "researchAndDevelopmentExpenses": 0,
        "generalAndAdministrativeExpenses": 0,
        "sellingAndMarketingExpenses": 0,
        "sellingGeneralAndAdministrativeExpenses": 270000000,
        "otherExpenses": 38000000,
        "operatingExpenses": 308000000,
        "costAndExpenses": 1249000000,
        "interestIncome": 0,
        "interestExpense": 4000000,
        "depreciationAndAmortization": 38000000,
        "ebitda": 155000000,
        "ebitdaratio": 0.1134699854,
        "operatingIncome": 117000000,
        "operatingIncomeRatio": 0.0856515373,
        "totalOtherIncomeExpensesNet": -4000000,
        "incomeBeforeTax": 113000000,
        "incomeBeforeTaxRatio": 0.0827232796,
        "incomeTaxExpense": 39000000,
        "netIncome": 74000000,
        "netIncomeRatio": 0.0541727672,
        "eps": 0.47,
        "epsdiluted": 0.47,
        "weightedAverageShsOut": 154500000,
        "weightedAverageShsOutDil": 157400000,
        "link": "https://www.sec.gov/Archives/edgar/data/850209/000120677404001713/0001206774-04-001713-index.htm",
        "finalLink": "https://www.sec.gov/Archives/edgar/data/850209/000120677404001713/fl71350.htm"
    },
    {
        "date": "2004-07-31",
        "symbol": "FL",
        "reportedCurrency": "USD",
        "cik": "0000850209",
        "fillingDate": "2004-09-08",
        "acceptedDate": "2004-09-08 16:45:51",
        "calendarYear": "2004",
        "period": "Q2",
        "revenue": 1268000000,
        "costOfRevenue": 900000000,
        "grossProfit": 368000000,
        "grossProfitRatio": 0.2902208202,
        "researchAndDevelopmentExpenses": 0,
        "generalAndAdministrativeExpenses": 0,
        "sellingAndMarketingExpenses": 0,
        "sellingGeneralAndAdministrativeExpenses": 268000000,
        "otherExpenses": 37000000,
        "operatingExpenses": 305000000,
        "costAndExpenses": 1205000000,
        "interestIncome": 0,
        "interestExpense": 4000000,
        "depreciationAndAmortization": 37000000,
        "ebitda": 102000000,
        "ebitdaratio": 0.0804416404,
        "operatingIncome": 61000000,
        "operatingIncomeRatio": 0.0481072555,
        "totalOtherIncomeExpensesNet": -4000000,
        "incomeBeforeTax": 57000000,
        "incomeBeforeTaxRatio": 0.0449526814,
        "incomeTaxExpense": 12000000,
        "netIncome": 82000000,
        "netIncomeRatio": 0.0646687697,
        "eps": 0.55,
        "epsdiluted": 0.53,
        "weightedAverageShsOut": 150800000,
        "weightedAverageShsOutDil": 157100000,
        "link": "https://www.sec.gov/Archives/edgar/data/850209/000120677404001374/0001206774-04-001374-index.htm",
        "finalLink": "https://www.sec.gov/Archives/edgar/data/850209/000120677404001374/fl71302.htm"
    },
    {
        "date": "2004-05-01",
        "symbol": "FL",
        "reportedCurrency": "USD",
        "cik": "0000850209",
        "fillingDate": "2004-06-08",
        "acceptedDate": "2004-06-08 17:13:38",
        "calendarYear": "2004",
        "period": "Q1",
        "revenue": 1186000000,
        "costOfRevenue": 826000000,
        "grossProfit": 360000000,
        "grossProfitRatio": 0.3035413153,
        "researchAndDevelopmentExpenses": 0,
        "generalAndAdministrativeExpenses": 0,
        "sellingAndMarketingExpenses": 0,
        "sellingGeneralAndAdministrativeExpenses": 248000000,
        "otherExpenses": 34000000,
        "operatingExpenses": 282000000,
        "costAndExpenses": 1108000000,
        "interestIncome": 0,
        "interestExpense": 4000000,
        "depreciationAndAmortization": 34000000,
        "ebitda": 112000000,
        "ebitdaratio": 0.0944350759,
        "operatingIncome": 78000000,
        "operatingIncomeRatio": 0.065767285,
        "totalOtherIncomeExpensesNet": -4000000,
        "incomeBeforeTax": 74000000,
        "incomeBeforeTaxRatio": 0.0623946037,
        "incomeTaxExpense": 27000000,
        "netIncome": 48000000,
        "netIncomeRatio": 0.0404721754,
        "eps": 0.33,
        "epsdiluted": 0.31,
        "weightedAverageShsOut": 143600000,
        "weightedAverageShsOutDil": 156200000,
        "link": "https://www.sec.gov/Archives/edgar/data/850209/000120677404000573/0001206774-04-000573-index.htm",
        "finalLink": "https://www.sec.gov/Archives/edgar/data/850209/000120677404000573/fl712321.htm"
    },
    {
        "date": "2004-01-31",
        "symbol": "FL",
        "reportedCurrency": "USD",
        "cik": "0000850209",
        "fillingDate": "2004-04-05",
        "acceptedDate": "2004-04-05 17:12:46",
        "calendarYear": "2003",
        "period": "Q4",
        "revenue": 1334000000,
        "costOfRevenue": 922000000,
        "grossProfit": 412000000,
        "grossProfitRatio": 0.3088455772,
        "researchAndDevelopmentExpenses": 0,
        "generalAndAdministrativeExpenses": 263000000,
        "sellingAndMarketingExpenses": 0,
        "sellingGeneralAndAdministrativeExpenses": 263000000,
        "otherExpenses": 0,
        "operatingExpenses": 298000000,
        "costAndExpenses": 1220000000,
        "interestIncome": 0,
        "interestExpense": 0,
        "depreciationAndAmortization": 35000000,
        "ebitda": 149000000,
        "ebitdaratio": 0.1116941529,
        "operatingIncome": 114000000,
        "operatingIncomeRatio": 0.0854572714,
        "totalOtherIncomeExpensesNet": -4000000,
        "incomeBeforeTax": 110000000,
        "incomeBeforeTaxRatio": 0.0824587706,
        "incomeTaxExpense": 39000000,
        "netIncome": 71000000,
        "netIncomeRatio": 0.0532233883,
        "eps": 0.45,
        "epsdiluted": 0.45,
        "weightedAverageShsOut": 156200000,
        "weightedAverageShsOutDil": 156200000,
        "link": "https://www.sec.gov/Archives/edgar/data/850209/000120677404000280/0001206774-04-000280-index.htm",
        "finalLink": "https://www.sec.gov/Archives/edgar/data/850209/000120677404000280/d14229.htm"
    },
    {
        "date": "2003-11-01",
        "symbol": "FL",
        "reportedCurrency": "USD",
        "cik": "0000850209",
        "fillingDate": "2003-12-15",
        "acceptedDate": "2003-12-15 17:26:00",
        "calendarYear": "2003",
        "period": "Q3",
        "revenue": 1194000000,
        "costOfRevenue": 805000000,
        "grossProfit": 389000000,
        "grossProfitRatio": 0.3257956449,
        "researchAndDevelopmentExpenses": 0,
        "generalAndAdministrativeExpenses": 250000000,
        "sellingAndMarketingExpenses": 0,
        "sellingGeneralAndAdministrativeExpenses": 250000000,
        "otherExpenses": 0,
        "operatingExpenses": 287000000,
        "costAndExpenses": 1092000000,
        "interestIncome": 0,
        "interestExpense": 0,
        "depreciationAndAmortization": 37000000,
        "ebitda": 139000000,
        "ebitdaratio": 0.1164154104,
        "operatingIncome": 102000000,
        "operatingIncomeRatio": 0.0854271357,
        "totalOtherIncomeExpensesNet": -5000000,
        "incomeBeforeTax": 97000000,
        "incomeBeforeTaxRatio": 0.081239531,
        "incomeTaxExpense": 35000000,
        "netIncome": 62000000,
        "netIncomeRatio": 0.0519262982,
        "eps": 0.43,
        "epsdiluted": 0.41,
        "weightedAverageShsOut": 141700000,
        "weightedAverageShsOutDil": 153200000,
        "link": "https://www.sec.gov/Archives/edgar/data/850209/000095012303013814/0000950123-03-013814-index.htm",
        "finalLink": "https://www.sec.gov/Archives/edgar/data/850209/000095012303013814/y92502e10vq.txt"
    },
    {
        "date": "2003-08-02",
        "symbol": "FL",
        "reportedCurrency": "USD",
        "cik": "0000850209",
        "fillingDate": "2003-09-15",
        "acceptedDate": "2003-09-15 15:55:40",
        "calendarYear": "2003",
        "period": "Q2",
        "revenue": 1123000000,
        "costOfRevenue": 792000000,
        "grossProfit": 331000000,
        "grossProfitRatio": 0.2947462155,
        "researchAndDevelopmentExpenses": 0,
        "generalAndAdministrativeExpenses": 233000000,
        "sellingAndMarketingExpenses": 0,
        "sellingGeneralAndAdministrativeExpenses": 233000000,
        "otherExpenses": 0,
        "operatingExpenses": 271000000,
        "costAndExpenses": 1063000000,
        "interestIncome": 0,
        "interestExpense": 0,
        "depreciationAndAmortization": 38000000,
        "ebitda": 98000000,
        "ebitdaratio": 0.0872662511,
        "operatingIncome": 59000000,
        "operatingIncomeRatio": 0.0525378451,
        "totalOtherIncomeExpensesNet": -4000000,
        "incomeBeforeTax": 55000000,
        "incomeBeforeTaxRatio": 0.0489759573,
        "incomeTaxExpense": 18000000,
        "netIncome": 36000000,
        "netIncomeRatio": 0.0320569902,
        "eps": 0.25,
        "epsdiluted": 0.24,
        "weightedAverageShsOut": 141300000,
        "weightedAverageShsOutDil": 152100000,
        "link": "https://www.sec.gov/Archives/edgar/data/850209/000095012303010408/0000950123-03-010408-index.htm",
        "finalLink": "https://www.sec.gov/Archives/edgar/data/850209/000095012303010408/y89870e10vq.txt"
    },
    {
        "date": "2003-05-03",
        "symbol": "FL",
        "reportedCurrency": "USD",
        "cik": "0000850209",
        "fillingDate": "2003-06-16",
        "acceptedDate": "2003-06-16 16:30:37",
        "calendarYear": "2003",
        "period": "Q1",
        "revenue": 1128000000,
        "costOfRevenue": 783000000,
        "grossProfit": 345000000,
        "grossProfitRatio": 0.3058510638,
        "researchAndDevelopmentExpenses": 0,
        "generalAndAdministrativeExpenses": 241000000,
        "sellingAndMarketingExpenses": 0,
        "sellingGeneralAndAdministrativeExpenses": 241000000,
        "otherExpenses": 0,
        "operatingExpenses": 278000000,
        "costAndExpenses": 1061000000,
        "interestIncome": 0,
        "interestExpense": 0,
        "depreciationAndAmortization": 37000000,
        "ebitda": 104000000,
        "ebitdaratio": 0.0921985816,
        "operatingIncome": 67000000,
        "operatingIncomeRatio": 0.0593971631,
        "totalOtherIncomeExpensesNet": -5000000,
        "incomeBeforeTax": 62000000,
        "incomeBeforeTaxRatio": 0.054964539,
        "incomeTaxExpense": 23000000,
        "netIncome": 38000000,
        "netIncomeRatio": 0.0336879433,
        "eps": 0.27,
        "epsdiluted": 0.26,
        "weightedAverageShsOut": 141100000,
        "weightedAverageShsOutDil": 151300000,
        "link": "https://www.sec.gov/Archives/edgar/data/850209/000095012303007102/0000950123-03-007102-index.htm",
        "finalLink": "https://www.sec.gov/Archives/edgar/data/850209/000095012303007102/y87501e10vq.txt"
    },
    {
        "date": "2003-02-01",
        "symbol": "FL",
        "reportedCurrency": "USD",
        "cik": "0000850209",
        "fillingDate": "2003-05-19",
        "acceptedDate": "2003-05-19 10:41:15",
        "calendarYear": "2002",
        "period": "Q4",
        "revenue": 1214000000,
        "costOfRevenue": 845000000,
        "grossProfit": 369000000,
        "grossProfitRatio": 0.3039538715,
        "researchAndDevelopmentExpenses": 0,
        "generalAndAdministrativeExpenses": 253000000,
        "sellingAndMarketingExpenses": 0,
        "sellingGeneralAndAdministrativeExpenses": 253000000,
        "otherExpenses": 0,
        "operatingExpenses": 291000000,
        "costAndExpenses": 1136000000,
        "interestIncome": 0,
        "interestExpense": 0,
        "depreciationAndAmortization": 38000000,
        "ebitda": 116000000,
        "ebitdaratio": 0.0955518946,
        "operatingIncome": 78000000,
        "operatingIncomeRatio": 0.0642504119,
        "totalOtherIncomeExpensesNet": -7000000,
        "incomeBeforeTax": 71000000,
        "incomeBeforeTaxRatio": 0.0584843493,
        "incomeTaxExpense": 23000000,
        "netIncome": 57000000,
        "netIncomeRatio": 0.0469522241,
        "eps": 0.38,
        "epsdiluted": 0.38,
        "weightedAverageShsOut": 150800000,
        "weightedAverageShsOutDil": 150800000,
        "link": "https://www.sec.gov/Archives/edgar/data/850209/000095012303006233/0000950123-03-006233-index.htm",
        "finalLink": "https://www.sec.gov/Archives/edgar/data/850209/000095012303006233/y85989e10vk.txt"
    },
    {
        "date": "2002-11-02",
        "symbol": "FL",
        "reportedCurrency": "USD",
        "cik": "0000850209",
        "fillingDate": "2002-12-16",
        "acceptedDate": "2002-12-16 17:18:48",
        "calendarYear": "2002",
        "period": "Q3",
        "revenue": 1120000000,
        "costOfRevenue": 777000000,
        "grossProfit": 343000000,
        "grossProfitRatio": 0.30625,
        "researchAndDevelopmentExpenses": 0,
        "generalAndAdministrativeExpenses": 235000000,
        "sellingAndMarketingExpenses": 0,
        "sellingGeneralAndAdministrativeExpenses": 235000000,
        "otherExpenses": 0,
        "operatingExpenses": 272000000,
        "costAndExpenses": 1049000000,
        "interestIncome": 0,
        "interestExpense": 0,
        "depreciationAndAmortization": 37000000,
        "ebitda": 108000000,
        "ebitdaratio": 0.0964285714,
        "operatingIncome": 72000000,
        "operatingIncomeRatio": 0.0642857143,
        "totalOtherIncomeExpensesNet": -5000000,
        "incomeBeforeTax": 67000000,
        "incomeBeforeTaxRatio": 0.0598214286,
        "incomeTaxExpense": 24000000,
        "netIncome": 45000000,
        "netIncomeRatio": 0.0401785714,
        "eps": 0.32,
        "epsdiluted": 0.31,
        "weightedAverageShsOut": 150700000,
        "weightedAverageShsOutDil": 150700000,
        "link": "https://www.sec.gov/Archives/edgar/data/850209/000095012302011883/0000950123-02-011883-index.htm",
        "finalLink": "https://www.sec.gov/Archives/edgar/data/850209/000095012302011883/y66895e10vq.txt"
    },
    {
        "date": "2002-08-03",
        "symbol": "FL",
        "reportedCurrency": "USD",
        "cik": "0000850209",
        "fillingDate": "2002-09-12",
        "acceptedDate": "2002-09-12 16:31:47",
        "calendarYear": "2002",
        "period": "Q2",
        "revenue": 1085000000,
        "costOfRevenue": 773000000,
        "grossProfit": 312000000,
        "grossProfitRatio": 0.2875576037,
        "researchAndDevelopmentExpenses": 0,
        "generalAndAdministrativeExpenses": 220000000,
        "sellingAndMarketingExpenses": 0,
        "sellingGeneralAndAdministrativeExpenses": 220000000,
        "otherExpenses": 0,
        "operatingExpenses": 258000000,
        "costAndExpenses": 1031000000,
        "interestIncome": 0,
        "interestExpense": 0,
        "depreciationAndAmortization": 38000000,
        "ebitda": 92000000,
        "ebitdaratio": 0.0847926267,
        "operatingIncome": 55000000,
        "operatingIncomeRatio": 0.0506912442,
        "totalOtherIncomeExpensesNet": -4000000,
        "incomeBeforeTax": 51000000,
        "incomeBeforeTaxRatio": 0.0470046083,
        "incomeTaxExpense": 18000000,
        "netIncome": 31000000,
        "netIncomeRatio": 0.0285714286,
        "eps": 0.22,
        "epsdiluted": 0.21,
        "weightedAverageShsOut": 140700000,
        "weightedAverageShsOutDil": 151000000,
        "link": "https://www.sec.gov/Archives/edgar/data/850209/000095012302008894/0000950123-02-008894-index.htm",
        "finalLink": "https://www.sec.gov/Archives/edgar/data/850209/000095012302008894/y63888e10vq.txt"
    },
    {
        "date": "2002-05-04",
        "symbol": "FL",
        "reportedCurrency": "USD",
        "cik": "0000850209",
        "fillingDate": "2002-06-14",
        "acceptedDate": "2002-06-14 16:53:12",
        "calendarYear": "2002",
        "period": "Q1",
        "revenue": 1090000000,
        "costOfRevenue": 770000000,
        "grossProfit": 320000000,
        "grossProfitRatio": 0.2935779817,
        "researchAndDevelopmentExpenses": 0,
        "generalAndAdministrativeExpenses": 220000000,
        "sellingAndMarketingExpenses": 0,
        "sellingGeneralAndAdministrativeExpenses": 220000000,
        "otherExpenses": 0,
        "operatingExpenses": 256000000,
        "costAndExpenses": 1026000000,
        "interestIncome": 0,
        "interestExpense": 0,
        "depreciationAndAmortization": 36000000,
        "ebitda": 100000000,
        "ebitdaratio": 0.0917431193,
        "operatingIncome": 64000000,
        "operatingIncomeRatio": 0.0587155963,
        "totalOtherIncomeExpensesNet": -7000000,
        "incomeBeforeTax": 57000000,
        "incomeBeforeTaxRatio": 0.052293578,
        "incomeTaxExpense": 19000000,
        "netIncome": 20000000,
        "netIncomeRatio": 0.0183486239,
        "eps": 0.14,
        "epsdiluted": 0.14,
        "weightedAverageShsOut": 140100000,
        "weightedAverageShsOutDil": 150900000,
        "link": "https://www.sec.gov/Archives/edgar/data/850209/000095012302006229/0000950123-02-006229-index.htm",
        "finalLink": "https://www.sec.gov/Archives/edgar/data/850209/000095012302006229/y61553e10vq.txt"
    },
    {
        "date": "2002-02-02",
        "symbol": "FL",
        "reportedCurrency": "USD",
        "cik": "0000850209",
        "fillingDate": "2002-04-29",
        "acceptedDate": "2002-04-29 16:39:53",
        "calendarYear": "2001",
        "period": "Q4",
        "revenue": 1155000000,
        "costOfRevenue": 806000000,
        "grossProfit": 349000000,
        "grossProfitRatio": 0.3021645022,
        "researchAndDevelopmentExpenses": 0,
        "generalAndAdministrativeExpenses": 236000000,
        "sellingAndMarketingExpenses": 0,
        "sellingGeneralAndAdministrativeExpenses": 236000000,
        "otherExpenses": 0,
        "operatingExpenses": 276000000,
        "costAndExpenses": 1082000000,
        "interestIncome": 0,
        "interestExpense": 0,
        "depreciationAndAmortization": 40000000,
        "ebitda": 113000000,
        "ebitdaratio": 0.0978354978,
        "operatingIncome": 72000000,
        "operatingIncomeRatio": 0.0623376623,
        "totalOtherIncomeExpensesNet": -5000000,
        "incomeBeforeTax": 67000000,
        "incomeBeforeTaxRatio": 0.058008658,
        "incomeTaxExpense": 25000000,
        "netIncome": 36000000,
        "netIncomeRatio": 0.0311688312,
        "eps": 0.24,
        "epsdiluted": 0.24,
        "weightedAverageShsOut": 150600000,
        "weightedAverageShsOutDil": 150600000,
        "link": "https://www.sec.gov/Archives/edgar/data/850209/000095012302004331/0000950123-02-004331-index.htm",
        "finalLink": "https://www.sec.gov/Archives/edgar/data/850209/000095012302004331/y59968e10-k.txt"
    },
    {
        "date": "2001-11-03",
        "symbol": "FL",
        "reportedCurrency": "USD",
        "cik": "0000850209",
        "fillingDate": "2001-12-18",
        "acceptedDate": "2001-12-18 00:00:00",
        "calendarYear": "2001",
        "period": "Q3",
        "revenue": 1104000000,
        "costOfRevenue": 777000000,
        "grossProfit": 327000000,
        "grossProfitRatio": 0.2961956522,
        "researchAndDevelopmentExpenses": 0,
        "generalAndAdministrativeExpenses": 229000000,
        "sellingAndMarketingExpenses": 0,
        "sellingGeneralAndAdministrativeExpenses": 229000000,
        "otherExpenses": 0,
        "operatingExpenses": 267000000,
        "costAndExpenses": 1044000000,
        "interestIncome": 0,
        "interestExpense": 0,
        "depreciationAndAmortization": 38000000,
        "ebitda": 98000000,
        "ebitdaratio": 0.0887681159,
        "operatingIncome": 59000000,
        "operatingIncomeRatio": 0.053442029,
        "totalOtherIncomeExpensesNet": -8000000,
        "incomeBeforeTax": 51000000,
        "incomeBeforeTaxRatio": 0.0461956522,
        "incomeTaxExpense": 18000000,
        "netIncome": 33000000,
        "netIncomeRatio": 0.0298913043,
        "eps": 0.24,
        "epsdiluted": 0.23,
        "weightedAverageShsOut": 150800000,
        "weightedAverageShsOutDil": 150800000,
        "link": "https://www.sec.gov/Archives/edgar/data/850209/000095012301509334/0000950123-01-509334-index.htm",
        "finalLink": "https://www.sec.gov/Archives/edgar/data/850209/000095012301509334/y55678e10-q.txt"
    },
    {
        "date": "2001-08-04",
        "symbol": "FL",
        "reportedCurrency": "USD",
        "cik": "0000850209",
        "fillingDate": "2001-09-18",
        "acceptedDate": "2001-09-18 00:00:00",
        "calendarYear": "2001",
        "period": "Q2",
        "revenue": 1048000000,
        "costOfRevenue": 742000000,
        "grossProfit": 306000000,
        "grossProfitRatio": 0.2919847328,
        "researchAndDevelopmentExpenses": 0,
        "generalAndAdministrativeExpenses": 227000000,
        "sellingAndMarketingExpenses": 0,
        "sellingGeneralAndAdministrativeExpenses": 227000000,
        "otherExpenses": 0,
        "operatingExpenses": 265000000,
        "costAndExpenses": 1007000000,
        "interestIncome": 0,
        "interestExpense": 0,
        "depreciationAndAmortization": 38000000,
        "ebitda": 79000000,
        "ebitdaratio": 0.0753816794,
        "operatingIncome": 9000000,
        "operatingIncomeRatio": 0.0085877863,
        "totalOtherIncomeExpensesNet": -5000000,
        "incomeBeforeTax": 4000000,
        "incomeBeforeTaxRatio": 0.0038167939,
        "incomeTaxExpense": 0,
        "netIncome": -14000000,
        "netIncomeRatio": -0.0133587786,
        "eps": -0.1,
        "epsdiluted": -0.0994,
        "weightedAverageShsOut": 139500000,
        "weightedAverageShsOutDil": 140800000,
        "link": "https://www.sec.gov/Archives/edgar/data/850209/000095012301506460/0000950123-01-506460-index.htm",
        "finalLink": "https://www.sec.gov/Archives/edgar/data/850209/000095012301506460/y53290e10-q.txt"
    },
    {
        "date": "2001-05-05",
        "symbol": "FL",
        "reportedCurrency": "USD",
        "cik": "0000850209",
        "fillingDate": "2001-06-13",
        "acceptedDate": "2001-06-13 00:00:00",
        "calendarYear": "2001",
        "period": "Q1",
        "revenue": 1072000000,
        "costOfRevenue": 746000000,
        "grossProfit": 326000000,
        "grossProfitRatio": 0.3041044776,
        "researchAndDevelopmentExpenses": 0,
        "generalAndAdministrativeExpenses": 231000000,
        "sellingAndMarketingExpenses": 0,
        "sellingGeneralAndAdministrativeExpenses": 231000000,
        "otherExpenses": 0,
        "operatingExpenses": 273000000,
        "costAndExpenses": 1019000000,
        "interestIncome": 0,
        "interestExpense": 0,
        "depreciationAndAmortization": 38000000,
        "ebitda": 91000000,
        "ebitdaratio": 0.0848880597,
        "operatingIncome": 53000000,
        "operatingIncomeRatio": 0.0494402985,
        "totalOtherIncomeExpensesNet": 0,
        "incomeBeforeTax": 53000000,
        "incomeBeforeTaxRatio": 0.0494402985,
        "incomeTaxExpense": 21000000,
        "netIncome": 37000000,
        "netIncomeRatio": 0.0345149254,
        "eps": 0.27,
        "epsdiluted": 0.27,
        "weightedAverageShsOut": 138600000,
        "weightedAverageShsOutDil": 139700000,
        "link": "https://www.sec.gov/Archives/edgar/data/850209/000095012301503422/0000950123-01-503422-index.htm",
        "finalLink": "https://www.sec.gov/Archives/edgar/data/850209/000095012301503422/y50352e10-q.txt"
    },
    {
        "date": "2001-02-03",
        "symbol": "FL",
        "reportedCurrency": "USD",
        "cik": "0000850209",
        "fillingDate": "2001-04-23",
        "acceptedDate": "2001-04-23 00:00:00",
        "calendarYear": "2000",
        "period": "Q4",
        "revenue": 1047000000,
        "costOfRevenue": 713000000,
        "grossProfit": 334000000,
        "grossProfitRatio": 0.3190066858,
        "researchAndDevelopmentExpenses": 0,
        "generalAndAdministrativeExpenses": 273000000,
        "sellingAndMarketingExpenses": -61000000,
        "sellingGeneralAndAdministrativeExpenses": 212000000,
        "otherExpenses": 0,
        "operatingExpenses": 242000000,
        "costAndExpenses": 955000000,
        "interestIncome": 0,
        "interestExpense": 0,
        "depreciationAndAmortization": 30000000,
        "ebitda": 119000000,
        "ebitdaratio": 0.1136580707,
        "operatingIncome": 91000000,
        "operatingIncomeRatio": 0.0869149952,
        "totalOtherIncomeExpensesNet": 5000000,
        "incomeBeforeTax": 96000000,
        "incomeBeforeTaxRatio": 0.0916905444,
        "incomeTaxExpense": 38000000,
        "netIncome": -289000000,
        "netIncomeRatio": -0.2760267431,
        "eps": -2.13,
        "epsdiluted": -2.13,
        "weightedAverageShsOut": 135500000,
        "weightedAverageShsOutDil": 135500000,
        "link": "https://www.sec.gov/Archives/edgar/data/850209/000095012301501033/0000950123-01-501033-index.htm",
        "finalLink": "https://www.sec.gov/Archives/edgar/data/850209/000095012301501033/y47964e10-k405.txt"
    },
    {
        "date": "2000-10-28",
        "symbol": "FL",
        "reportedCurrency": "USD",
        "cik": "0000850209",
        "fillingDate": "2000-12-12",
        "acceptedDate": "2000-12-12 00:00:00",
        "calendarYear": "2000",
        "period": "Q3",
        "revenue": 1160000000,
        "costOfRevenue": 804000000,
        "grossProfit": 356000000,
        "grossProfitRatio": 0.3068965517,
        "researchAndDevelopmentExpenses": 0,
        "generalAndAdministrativeExpenses": 241000000,
        "sellingAndMarketingExpenses": 23000000,
        "sellingGeneralAndAdministrativeExpenses": 264000000,
        "otherExpenses": 0,
        "operatingExpenses": 304000000,
        "costAndExpenses": 1108000000,
        "interestIncome": 0,
        "interestExpense": 0,
        "depreciationAndAmortization": 40000000,
        "ebitda": 92000000,
        "ebitdaratio": 0.0793103448,
        "operatingIncome": 52000000,
        "operatingIncomeRatio": 0.0448275862,
        "totalOtherIncomeExpensesNet": -12000000,
        "incomeBeforeTax": 40000000,
        "incomeBeforeTaxRatio": 0.0344827586,
        "incomeTaxExpense": 15000000,
        "netIncome": 25000000,
        "netIncomeRatio": 0.0215517241,
        "eps": 0.18,
        "epsdiluted": 0.18,
        "weightedAverageShsOut": 137900000,
        "weightedAverageShsOutDil": 139500000,
        "link": "https://www.sec.gov/Archives/edgar/data/850209/000095012300011442/0000950123-00-011442-index.htm",
        "finalLink": "https://www.sec.gov/Archives/edgar/data/850209/000095012300011442/y43425e10-q.txt"
    },
    {
        "date": "2000-07-29",
        "symbol": "FL",
        "reportedCurrency": "USD",
        "cik": "0000850209",
        "fillingDate": "2000-09-07",
        "acceptedDate": "2000-09-07 00:00:00",
        "calendarYear": "2000",
        "period": "Q2",
        "revenue": 1041000000,
        "costOfRevenue": 743000000,
        "grossProfit": 298000000,
        "grossProfitRatio": 0.2862632085,
        "researchAndDevelopmentExpenses": 0,
        "generalAndAdministrativeExpenses": 223000000,
        "sellingAndMarketingExpenses": 18000000,
        "sellingGeneralAndAdministrativeExpenses": 241000000,
        "otherExpenses": 0,
        "operatingExpenses": 282000000,
        "costAndExpenses": 1025000000,
        "interestIncome": 0,
        "interestExpense": 0,
        "depreciationAndAmortization": 41000000,
        "ebitda": 57000000,
        "ebitdaratio": 0.0547550432,
        "operatingIncome": 16000000,
        "operatingIncomeRatio": 0.0153698367,
        "totalOtherIncomeExpensesNet": 0,
        "incomeBeforeTax": 16000000,
        "incomeBeforeTaxRatio": 0.0153698367,
        "incomeTaxExpense": 7000000,
        "netIncome": 9000000,
        "netIncomeRatio": 0.0086455331,
        "eps": 0.07,
        "epsdiluted": 0.07,
        "weightedAverageShsOut": 137700000,
        "weightedAverageShsOutDil": 139000000,
        "link": "https://www.sec.gov/Archives/edgar/data/850209/000095012300008352/0000950123-00-008352-index.htm",
        "finalLink": "https://www.sec.gov/Archives/edgar/data/850209/000095012300008352/y40156e10-q.txt"
    },
    {
        "date": "2000-04-29",
        "symbol": "FL",
        "reportedCurrency": "USD",
        "cik": "0000850209",
        "fillingDate": "2000-06-12",
        "acceptedDate": "2000-06-12 00:00:00",
        "calendarYear": "2000",
        "period": "Q1",
        "revenue": 1108000000,
        "costOfRevenue": 787000000,
        "grossProfit": 321000000,
        "grossProfitRatio": 0.2897111913,
        "researchAndDevelopmentExpenses": 0,
        "generalAndAdministrativeExpenses": 237000000,
        "sellingAndMarketingExpenses": 21000000,
        "sellingGeneralAndAdministrativeExpenses": 258000000,
        "otherExpenses": 0,
        "operatingExpenses": 298000000,
        "costAndExpenses": 1085000000,
        "interestIncome": 0,
        "interestExpense": 0,
        "depreciationAndAmortization": 40000000,
        "ebitda": 63000000,
        "ebitdaratio": 0.0568592058,
        "operatingIncome": 23000000,
        "operatingIncomeRatio": 0.0207581227,
        "totalOtherIncomeExpensesNet": 1000000,
        "incomeBeforeTax": 24000000,
        "incomeBeforeTaxRatio": 0.0216606498,
        "incomeTaxExpense": 9000000,
        "netIncome": 15000000,
        "netIncomeRatio": 0.0135379061,
        "eps": 0.11,
        "epsdiluted": 0.11,
        "weightedAverageShsOut": 137600000,
        "weightedAverageShsOutDil": 138500000,
        "link": "https://www.sec.gov/Archives/edgar/data/850209/000095012300005736/0000950123-00-005736-index.htm",
        "finalLink": "https://www.sec.gov/Archives/edgar/data/850209/000095012300005736/0000950123-00-005736-0001.txt"
    },
    {
        "date": "2000-01-29",
        "symbol": "FL",
        "reportedCurrency": "USD",
        "cik": "0000850209",
        "fillingDate": "2000-04-21",
        "acceptedDate": "2000-04-21 00:00:00",
        "calendarYear": "1999",
        "period": "Q4",
        "revenue": 1327000000,
        "costOfRevenue": 951000000,
        "grossProfit": 376000000,
        "grossProfitRatio": 0.283345893,
        "researchAndDevelopmentExpenses": 0,
        "generalAndAdministrativeExpenses": 320000000,
        "sellingAndMarketingExpenses": -4000000,
        "sellingGeneralAndAdministrativeExpenses": 316000000,
        "otherExpenses": 0,
        "operatingExpenses": 360000000,
        "costAndExpenses": 1311000000,
        "interestIncome": 0,
        "interestExpense": 0,
        "depreciationAndAmortization": 44000000,
        "ebitda": 60000000,
        "ebitdaratio": 0.0452147702,
        "operatingIncome": 16000000,
        "operatingIncomeRatio": 0.012057272,
        "totalOtherIncomeExpensesNet": 86000000,
        "incomeBeforeTax": 102000000,
        "incomeBeforeTaxRatio": 0.0768651093,
        "incomeTaxExpense": 40000000,
        "netIncome": 83000000,
        "netIncomeRatio": 0.0625470987,
        "eps": 0.53,
        "epsdiluted": 0.53,
        "weightedAverageShsOut": 137400000,
        "weightedAverageShsOutDil": 137400000,
        "link": "https://www.sec.gov/Archives/edgar/data/850209/000095012300003916/0000950123-00-003916-index.html",
        "finalLink": "https://www.sec.gov/Archives/edgar/data/850209/000095012300003916/"
    },
    {
        "date": "1999-10-30",
        "symbol": "FL",
        "reportedCurrency": "USD",
        "cik": "0000850209",
        "fillingDate": "1999-12-14",
        "acceptedDate": "1999-12-14 00:00:00",
        "calendarYear": "1999",
        "period": "Q3",
        "revenue": 1178000000,
        "costOfRevenue": 848000000,
        "grossProfit": 330000000,
        "grossProfitRatio": 0.2801358234,
        "researchAndDevelopmentExpenses": 0,
        "generalAndAdministrativeExpenses": 254000000,
        "sellingAndMarketingExpenses": 2000000,
        "sellingGeneralAndAdministrativeExpenses": 256000000,
        "otherExpenses": 0,
        "operatingExpenses": 303000000,
        "costAndExpenses": 1151000000,
        "interestIncome": 0,
        "interestExpense": 0,
        "depreciationAndAmortization": 47000000,
        "ebitda": 76000000,
        "ebitdaratio": 0.064516129,
        "operatingIncome": 27000000,
        "operatingIncomeRatio": 0.0229202037,
        "totalOtherIncomeExpensesNet": -15000000,
        "incomeBeforeTax": 2000000,
        "incomeBeforeTaxRatio": 0.0016977929,
        "incomeTaxExpense": -5000000,
        "netIncome": 7000000,
        "netIncomeRatio": 0.005942275,
        "eps": 0.06,
        "epsdiluted": 0.06,
        "weightedAverageShsOut": 133333333,
        "weightedAverageShsOutDil": 133333333,
        "link": "https://www.sec.gov/Archives/edgar/data/850209/000095012399010931/0000950123-99-010931-index.html",
        "finalLink": "https://www.sec.gov/Archives/edgar/data/850209/000095012399010931/"
    },
    {
        "date": "1999-07-31",
        "symbol": "FL",
        "reportedCurrency": "USD",
        "cik": "0000850209",
        "fillingDate": "1999-09-10",
        "acceptedDate": "1999-09-10 00:00:00",
        "calendarYear": "1999",
        "period": "Q2",
        "revenue": 1063000000,
        "costOfRevenue": 791000000,
        "grossProfit": 272000000,
        "grossProfitRatio": 0.2558795861,
        "researchAndDevelopmentExpenses": 0,
        "generalAndAdministrativeExpenses": 249000000,
        "sellingAndMarketingExpenses": 0,
        "sellingGeneralAndAdministrativeExpenses": 249000000,
        "otherExpenses": 0,
        "operatingExpenses": 295000000,
        "costAndExpenses": 1086000000,
        "interestIncome": 0,
        "interestExpense": 0,
        "depreciationAndAmortization": 46000000,
        "ebitda": 23000000,
        "ebitdaratio": 0.0216368768,
        "operatingIncome": -23000000,
        "operatingIncomeRatio": -0.0216368768,
        "totalOtherIncomeExpensesNet": -44000000,
        "incomeBeforeTax": -67000000,
        "incomeBeforeTaxRatio": -0.0630291627,
        "incomeTaxExpense": -26000000,
        "netIncome": -31000000,
        "netIncomeRatio": -0.0291627469,
        "eps": -0.23,
        "epsdiluted": -0.23,
        "weightedAverageShsOut": 134782609,
        "weightedAverageShsOutDil": 134782609,
        "link": "https://www.sec.gov/Archives/edgar/data/850209/000095012399008421/0000950123-99-008421-index.html",
        "finalLink": "https://www.sec.gov/Archives/edgar/data/850209/000095012399008421/"
    },
    {
        "date": "1999-05-01",
        "symbol": "FL",
        "reportedCurrency": "USD",
        "cik": "0000850209",
        "fillingDate": "1999-06-04",
        "acceptedDate": "1999-06-04 00:00:00",
        "calendarYear": "1999",
        "period": "Q1",
        "revenue": 1079000000,
        "costOfRevenue": 791000000,
        "grossProfit": 288000000,
        "grossProfitRatio": 0.2669138091,
        "researchAndDevelopmentExpenses": 0,
        "generalAndAdministrativeExpenses": 256000000,
        "sellingAndMarketingExpenses": 1000000,
        "sellingGeneralAndAdministrativeExpenses": 257000000,
        "otherExpenses": 0,
        "operatingExpenses": 302000000,
        "costAndExpenses": 1093000000,
        "interestIncome": 0,
        "interestExpense": 0,
        "depreciationAndAmortization": 45000000,
        "ebitda": 31000000,
        "ebitdaratio": 0.0287303058,
        "operatingIncome": -14000000,
        "operatingIncomeRatio": -0.0129749768,
        "totalOtherIncomeExpensesNet": -5000000,
        "incomeBeforeTax": -19000000,
        "incomeBeforeTaxRatio": -0.0176088971,
        "incomeTaxExpense": -8000000,
        "netIncome": -11000000,
        "netIncomeRatio": -0.0101946247,
        "eps": -0.08,
        "epsdiluted": -0.08,
        "weightedAverageShsOut": 137500000,
        "weightedAverageShsOutDil": 137500000,
        "link": "https://www.sec.gov/Archives/edgar/data/850209/000095012399005396/0000950123-99-005396-index.html",
        "finalLink": "https://www.sec.gov/Archives/edgar/data/850209/000095012399005396/"
    },
    {
        "date": "1999-01-30",
        "symbol": "FL",
        "reportedCurrency": "USD",
        "cik": "0000850209",
        "fillingDate": "1999-05-28",
        "acceptedDate": "1999-05-28 00:00:00",
        "calendarYear": "1998",
        "period": "Q4",
        "revenue": 1332000000,
        "costOfRevenue": 1009000000,
        "grossProfit": 323000000,
        "grossProfitRatio": 0.2424924925,
        "researchAndDevelopmentExpenses": 0,
        "generalAndAdministrativeExpenses": 339000000,
        "sellingAndMarketingExpenses": 0,
        "sellingGeneralAndAdministrativeExpenses": 339000000,
        "otherExpenses": 0,
        "operatingExpenses": 383000000,
        "costAndExpenses": 1392000000,
        "interestIncome": 0,
        "interestExpense": 0,
        "depreciationAndAmortization": 44000000,
        "ebitda": -16000000,
        "ebitdaratio": -0.012012012,
        "operatingIncome": -60000000,
        "operatingIncomeRatio": -0.045045045,
        "totalOtherIncomeExpensesNet": 73000000,
        "incomeBeforeTax": 13000000,
        "incomeBeforeTaxRatio": 0.0097597598,
        "incomeTaxExpense": -16000000,
        "netIncome": 37000000,
        "netIncomeRatio": 0.0277777778,
        "eps": 0.27,
        "epsdiluted": 0.27,
        "weightedAverageShsOut": 135635000,
        "weightedAverageShsOutDil": 137500000,
        "link": "https://www.sec.gov/Archives/edgar/data/850209/000095012399005256/0000950123-99-005256-index.html",
        "finalLink": "https://www.sec.gov/Archives/edgar/data/850209/000095012399005256/"
    },
    {
        "date": "1998-10-31",
        "symbol": "FL",
        "reportedCurrency": "USD",
        "cik": "0000850209",
        "fillingDate": "1998-10-31",
        "acceptedDate": "1998-10-30 19:00:00",
        "calendarYear": "1998",
        "period": "Q3",
        "revenue": 1122000000,
        "costOfRevenue": 840000000,
        "grossProfit": 282000000,
        "grossProfitRatio": 0.2513368984,
        "researchAndDevelopmentExpenses": 0,
        "generalAndAdministrativeExpenses": 302000000,
        "sellingAndMarketingExpenses": 0,
        "sellingGeneralAndAdministrativeExpenses": 302000000,
        "otherExpenses": 0,
        "operatingExpenses": 340000000,
        "costAndExpenses": 1180000000,
        "interestIncome": 0,
        "interestExpense": 0,
        "depreciationAndAmortization": 17000000,
        "ebitda": -20000000,
        "ebitdaratio": -0.0178253119,
        "operatingIncome": -58000000,
        "operatingIncomeRatio": -0.0516934046,
        "totalOtherIncomeExpensesNet": -18000000,
        "incomeBeforeTax": -76000000,
        "incomeBeforeTaxRatio": -0.0677361854,
        "incomeTaxExpense": -36000000,
        "netIncome": -155000000,
        "netIncomeRatio": -0.1381461676,
        "eps": -1.14,
        "epsdiluted": -1.14,
        "weightedAverageShsOut": 135964912,
        "weightedAverageShsOutDil": 135964912,
        "link": null,
        "finalLink": null
    },
    {
        "date": "1998-07-31",
        "symbol": "FL",
        "reportedCurrency": "USD",
        "cik": "0000850209",
        "fillingDate": "1998-07-31",
        "acceptedDate": "1998-07-30 20:00:00",
        "calendarYear": "1998",
        "period": "Q2",
        "revenue": 1465000000,
        "costOfRevenue": 1052000000,
        "grossProfit": 413000000,
        "grossProfitRatio": 0.2819112628,
        "researchAndDevelopmentExpenses": 0,
        "generalAndAdministrativeExpenses": 254000000,
        "sellingAndMarketingExpenses": 126000000,
        "sellingGeneralAndAdministrativeExpenses": 380000000,
        "otherExpenses": 0,
        "operatingExpenses": 427000000,
        "costAndExpenses": 1479000000,
        "interestIncome": 0,
        "interestExpense": 0,
        "depreciationAndAmortization": 47000000,
        "ebitda": 53000000,
        "ebitdaratio": 0.0361774744,
        "operatingIncome": -14000000,
        "operatingIncomeRatio": -0.009556314,
        "totalOtherIncomeExpensesNet": -7000000,
        "incomeBeforeTax": -20000000,
        "incomeBeforeTaxRatio": -0.0136518771,
        "incomeTaxExpense": -7000000,
        "netIncome": -13000000,
        "netIncomeRatio": -0.0088737201,
        "eps": -0.09,
        "epsdiluted": -0.09,
        "weightedAverageShsOut": 144444444,
        "weightedAverageShsOutDil": 144444444,
        "link": null,
        "finalLink": null
    },
    {
        "date": "1998-06-08",
        "symbol": "FL",
        "reportedCurrency": "USD",
        "cik": "0000850209",
        "fillingDate": "1998-06-10",
        "acceptedDate": "1998-06-10 00:00:00",
        "calendarYear": "1998",
        "period": "Q1",
        "revenue": 1466000000,
        "costOfRevenue": 1046000000,
        "grossProfit": 420000000,
        "grossProfitRatio": 0.2864938608,
        "researchAndDevelopmentExpenses": 0,
        "generalAndAdministrativeExpenses": 271000000,
        "sellingAndMarketingExpenses": 120000000,
        "sellingGeneralAndAdministrativeExpenses": 391000000,
        "otherExpenses": 0,
        "operatingExpenses": 435000000,
        "costAndExpenses": 1481000000,
        "interestIncome": 0,
        "interestExpense": 0,
        "depreciationAndAmortization": 44000000,
        "ebitda": 39000000,
        "ebitdaratio": 0.0266030014,
        "operatingIncome": -15000000,
        "operatingIncomeRatio": -0.0102319236,
        "totalOtherIncomeExpensesNet": 29000000,
        "incomeBeforeTax": -8000000,
        "incomeBeforeTaxRatio": -0.0054570259,
        "incomeTaxExpense": -3000000,
        "netIncome": -5000000,
        "netIncomeRatio": -0.0034106412,
        "eps": -0.04,
        "epsdiluted": -0.04,
        "weightedAverageShsOut": 125000000,
        "weightedAverageShsOutDil": 125000000,
        "link": "https://www.sec.gov/Archives/edgar/data/850209/000085020998000005/0000850209-98-000005-index.html",
        "finalLink": "https://www.sec.gov/Archives/edgar/data/850209/"
    },
    {
        "date": "1998-01-31",
        "symbol": "FL",
        "reportedCurrency": "USD",
        "cik": "0000850209",
        "fillingDate": "1998-04-21",
        "acceptedDate": "1998-04-21 00:00:00",
        "calendarYear": "1997",
        "period": "Q4",
        "revenue": 2002000000,
        "costOfRevenue": 1367000000,
        "grossProfit": 635000000,
        "grossProfitRatio": 0.3171828172,
        "researchAndDevelopmentExpenses": 0,
        "generalAndAdministrativeExpenses": 410000000,
        "sellingAndMarketingExpenses": 0,
        "sellingGeneralAndAdministrativeExpenses": 410000000,
        "otherExpenses": 0,
        "operatingExpenses": 453000000,
        "costAndExpenses": 1820000000,
        "interestIncome": 0,
        "interestExpense": 0,
        "depreciationAndAmortization": 43000000,
        "ebitda": 225000000,
        "ebitdaratio": 0.1123876124,
        "operatingIncome": 182000000,
        "operatingIncomeRatio": 0.0909090909,
        "totalOtherIncomeExpensesNet": 0,
        "incomeBeforeTax": 182000000,
        "incomeBeforeTaxRatio": 0.0909090909,
        "incomeTaxExpense": 67000000,
        "netIncome": 115000000,
        "netIncomeRatio": 0.0574425574,
        "eps": 0.84,
        "epsdiluted": 0.84,
        "weightedAverageShsOut": 134408602,
        "weightedAverageShsOutDil": 136300000,
        "link": "https://www.sec.gov/Archives/edgar/data/850209/000095012398003982/0000950123-98-003982-index.html",
        "finalLink": "https://www.sec.gov/Archives/edgar/data/850209/"
    },
    {
        "date": "1997-10-25",
        "symbol": "FL",
        "reportedCurrency": "USD",
        "cik": "0000850209",
        "fillingDate": "1997-12-08",
        "acceptedDate": "1997-12-08 00:00:00",
        "calendarYear": "1997",
        "period": "Q3",
        "revenue": 1583000000,
        "costOfRevenue": 1090000000,
        "grossProfit": 493000000,
        "grossProfitRatio": 0.3114339861,
        "researchAndDevelopmentExpenses": 0,
        "generalAndAdministrativeExpenses": 252000000,
        "sellingAndMarketingExpenses": 115000000,
        "sellingGeneralAndAdministrativeExpenses": 367000000,
        "otherExpenses": 0,
        "operatingExpenses": 408000000,
        "costAndExpenses": 1498000000,
        "interestIncome": 0,
        "interestExpense": 0,
        "depreciationAndAmortization": 41000000,
        "ebitda": 114000000,
        "ebitdaratio": 0.0720151611,
        "operatingIncome": 85000000,
        "operatingIncomeRatio": 0.0536955148,
        "totalOtherIncomeExpensesNet": 2000000,
        "incomeBeforeTax": 86000000,
        "incomeBeforeTaxRatio": 0.0543272268,
        "incomeTaxExpense": 31000000,
        "netIncome": 55000000,
        "netIncomeRatio": 0.0347441567,
        "eps": 0.41,
        "epsdiluted": 0.4,
        "weightedAverageShsOut": 134146341,
        "weightedAverageShsOutDil": 137500000,
        "link": "https://www.sec.gov/Archives/edgar/data/850209/000085020997000014/0000850209-97-000014-index.html",
        "finalLink": "https://www.sec.gov/Archives/edgar/data/850209/"
    },
    {
        "date": "1997-07-26",
        "symbol": "FL",
        "reportedCurrency": "USD",
        "cik": "0000850209",
        "fillingDate": "1997-09-04",
        "acceptedDate": "1997-09-04 00:00:00",
        "calendarYear": "1997",
        "period": "Q2",
        "revenue": 1500000000,
        "costOfRevenue": 1037000000,
        "grossProfit": 463000000,
        "grossProfitRatio": 0.3086666667,
        "researchAndDevelopmentExpenses": 0,
        "generalAndAdministrativeExpenses": 104000000,
        "sellingAndMarketingExpenses": 266000000,
        "sellingGeneralAndAdministrativeExpenses": 370000000,
        "otherExpenses": 0,
        "operatingExpenses": 413000000,
        "costAndExpenses": 1450000000,
        "interestIncome": 0,
        "interestExpense": 0,
        "depreciationAndAmortization": 39000000,
        "ebitda": 91000000,
        "ebitdaratio": 0.0606666667,
        "operatingIncome": 50000000,
        "operatingIncomeRatio": 0.0333333333,
        "totalOtherIncomeExpensesNet": -9000000,
        "incomeBeforeTax": 41000000,
        "incomeBeforeTaxRatio": 0.0273333333,
        "incomeTaxExpense": 15000000,
        "netIncome": -181000000,
        "netIncomeRatio": -0.1206666667,
        "eps": -1.35,
        "epsdiluted": -1.33,
        "weightedAverageShsOut": 134074074,
        "weightedAverageShsOutDil": 136090226,
        "link": "https://www.sec.gov/Archives/edgar/data/850209/000085020997000010/0000850209-97-000010-index.html",
        "finalLink": "https://www.sec.gov/Archives/edgar/data/850209/"
    },
    {
        "date": "1997-04-26",
        "symbol": "FL",
        "reportedCurrency": "USD",
        "cik": "0000850209",
        "fillingDate": "1997-06-06",
        "acceptedDate": "1997-06-06 00:00:00",
        "calendarYear": "1997",
        "period": "Q1",
        "revenue": 1768000000,
        "costOfRevenue": 1253000000,
        "grossProfit": 515000000,
        "grossProfitRatio": 0.2912895928,
        "researchAndDevelopmentExpenses": 0,
        "generalAndAdministrativeExpenses": 388000000,
        "sellingAndMarketingExpenses": 71000000,
        "sellingGeneralAndAdministrativeExpenses": 459000000,
        "otherExpenses": 0,
        "operatingExpenses": 504000000,
        "costAndExpenses": 1757000000,
        "interestIncome": 0,
        "interestExpense": 0,
        "depreciationAndAmortization": 45000000,
        "ebitda": 56000000,
        "ebitdaratio": 0.0316742081,
        "operatingIncome": 11000000,
        "operatingIncomeRatio": 0.0062217195,
        "totalOtherIncomeExpensesNet": -9000000,
        "incomeBeforeTax": 2000000,
        "incomeBeforeTaxRatio": 0.0011312217,
        "incomeTaxExpense": 1000000,
        "netIncome": 1000000,
        "netIncomeRatio": 0.0005656109,
        "eps": 0.01,
        "epsdiluted": 0.01,
        "weightedAverageShsOut": 100000000,
        "weightedAverageShsOutDil": 100000000,
        "link": "https://www.sec.gov/Archives/edgar/data/850209/000095012397004870/0000950123-97-004870-index.html",
        "finalLink": "https://www.sec.gov/Archives/edgar/data/850209/"
    },
    {
        "date": "1997-01-25",
        "symbol": "FL",
        "reportedCurrency": "USD",
        "cik": "0000850209",
        "fillingDate": "1997-04-25",
        "acceptedDate": "1997-04-25 00:00:00",
        "calendarYear": "1996",
        "period": "Q4",
        "revenue": 2368000000,
        "costOfRevenue": 1628000000,
        "grossProfit": 740000000,
        "grossProfitRatio": 0.3125,
        "researchAndDevelopmentExpenses": 0,
        "generalAndAdministrativeExpenses": 458000000,
        "sellingAndMarketingExpenses": 66000000,
        "sellingGeneralAndAdministrativeExpenses": 524000000,
        "otherExpenses": 0,
        "operatingExpenses": 560000000,
        "costAndExpenses": 2188000000,
        "interestIncome": 0,
        "interestExpense": 0,
        "depreciationAndAmortization": 36000000,
        "ebitda": 216000000,
        "ebitdaratio": 0.0912162162,
        "operatingIncome": 180000000,
        "operatingIncomeRatio": 0.0760135135,
        "totalOtherIncomeExpensesNet": -15000000,
        "incomeBeforeTax": 165000000,
        "incomeBeforeTaxRatio": 0.0696790541,
        "incomeTaxExpense": 65000000,
        "netIncome": 100000000,
        "netIncomeRatio": 0.0422297297,
        "eps": 0.74,
        "epsdiluted": 0.74,
        "weightedAverageShsOut": 135100000,
        "weightedAverageShsOutDil": 135100000,
        "link": "https://www.sec.gov/Archives/edgar/data/850209/000095012397003497/0000950123-97-003497-index.html",
        "finalLink": "https://www.sec.gov/Archives/edgar/data/850209/"
    },
    {
        "date": "1996-10-26",
        "symbol": "FL",
        "reportedCurrency": "USD",
        "cik": "0000850209",
        "fillingDate": "1996-12-10",
        "acceptedDate": "1996-12-10 00:00:00",
        "calendarYear": "1996",
        "period": "Q3",
        "revenue": 2048000000,
        "costOfRevenue": 1385000000,
        "grossProfit": 663000000,
        "grossProfitRatio": 0.3237304688,
        "researchAndDevelopmentExpenses": 0,
        "generalAndAdministrativeExpenses": 423000000,
        "sellingAndMarketingExpenses": 76000000,
        "sellingGeneralAndAdministrativeExpenses": 499000000,
        "otherExpenses": 0,
        "operatingExpenses": 550000000,
        "costAndExpenses": 1935000000,
        "interestIncome": 0,
        "interestExpense": 0,
        "depreciationAndAmortization": 51000000,
        "ebitda": 172000000,
        "ebitdaratio": 0.083984375,
        "operatingIncome": 113000000,
        "operatingIncomeRatio": 0.0551757813,
        "totalOtherIncomeExpensesNet": 2000000,
        "incomeBeforeTax": 115000000,
        "incomeBeforeTaxRatio": 0.0561523438,
        "incomeTaxExpense": 46000000,
        "netIncome": 69000000,
        "netIncomeRatio": 0.0336914063,
        "eps": 0.52,
        "epsdiluted": 0.52,
        "weightedAverageShsOut": 132692308,
        "weightedAverageShsOutDil": 132692308,
        "link": "https://www.sec.gov/Archives/edgar/data/850209/000095012396007237/0000950123-96-007237-index.html",
        "finalLink": "https://www.sec.gov/Archives/edgar/data/850209/"
    },
    {
        "date": "1996-07-27",
        "symbol": "FL",
        "reportedCurrency": "USD",
        "cik": "0000850209",
        "fillingDate": "1996-09-06",
        "acceptedDate": "1996-09-06 00:00:00",
        "calendarYear": "1996",
        "period": "Q2",
        "revenue": 1856000000,
        "costOfRevenue": 1273000000,
        "grossProfit": 583000000,
        "grossProfitRatio": 0.3141163793,
        "researchAndDevelopmentExpenses": 0,
        "generalAndAdministrativeExpenses": 416000000,
        "sellingAndMarketingExpenses": 75000000,
        "sellingGeneralAndAdministrativeExpenses": 491000000,
        "otherExpenses": 0,
        "operatingExpenses": 541000000,
        "costAndExpenses": 1814000000,
        "interestIncome": 0,
        "interestExpense": 0,
        "depreciationAndAmortization": 50000000,
        "ebitda": 96000000,
        "ebitdaratio": 0.0517241379,
        "operatingIncome": 42000000,
        "operatingIncomeRatio": 0.0226293103,
        "totalOtherIncomeExpensesNet": 1000000,
        "incomeBeforeTax": 37000000,
        "incomeBeforeTaxRatio": 0.0199353448,
        "incomeTaxExpense": 15000000,
        "netIncome": 22000000,
        "netIncomeRatio": 0.0118534483,
        "eps": 0.17,
        "epsdiluted": 0.17,
        "weightedAverageShsOut": 129411765,
        "weightedAverageShsOutDil": 129411765,
        "link": "https://www.sec.gov/Archives/edgar/data/850209/000095012396004902/0000950123-96-004902-index.html",
        "finalLink": "https://www.sec.gov/Archives/edgar/data/850209/"
    },
    {
        "date": "1996-04-27",
        "symbol": "FL",
        "reportedCurrency": "USD",
        "cik": "0000850209",
        "fillingDate": "1996-06-11",
        "acceptedDate": "1996-06-11 00:00:00",
        "calendarYear": "1996",
        "period": "Q1",
        "revenue": 1820000000,
        "costOfRevenue": 1295000000,
        "grossProfit": 525000000,
        "grossProfitRatio": 0.2884615385,
        "researchAndDevelopmentExpenses": 0,
        "generalAndAdministrativeExpenses": 0,
        "sellingAndMarketingExpenses": 0,
        "sellingGeneralAndAdministrativeExpenses": 492000000,
        "otherExpenses": 50000000,
        "operatingExpenses": 542000000,
        "costAndExpenses": 1837000000,
        "interestIncome": 0,
        "interestExpense": 0,
        "depreciationAndAmortization": 50000000,
        "ebitda": 33000000,
        "ebitdaratio": 0.0181318681,
        "operatingIncome": -17000000,
        "operatingIncomeRatio": -0.0093406593,
        "totalOtherIncomeExpensesNet": -20000000,
        "incomeBeforeTax": -37000000,
        "incomeBeforeTaxRatio": -0.0203296703,
        "incomeTaxExpense": -15000000,
        "netIncome": -22000000,
        "netIncomeRatio": -0.0120879121,
        "eps": -0.17,
        "epsdiluted": -0.16,
        "weightedAverageShsOut": 129411765,
        "weightedAverageShsOutDil": 137500000,
        "link": "https://www.sec.gov/Archives/edgar/data/850209/000095012396002969/0000950123-96-002969-index.html",
        "finalLink": "https://www.sec.gov/Archives/edgar/data/850209/"
    },
    {
        "date": "1996-01-31",
        "symbol": "FL",
        "reportedCurrency": "USD",
        "cik": "0000850209",
        "fillingDate": "1996-01-31",
        "acceptedDate": "1996-01-31 00:00:00",
        "calendarYear": "1995",
        "period": "Q4",
        "revenue": 2437000000,
        "costOfRevenue": 1677000000,
        "grossProfit": 760000000,
        "grossProfitRatio": 0.3118588428,
        "researchAndDevelopmentExpenses": 0,
        "generalAndAdministrativeExpenses": 0,
        "sellingAndMarketingExpenses": 0,
        "sellingGeneralAndAdministrativeExpenses": 580000000,
        "otherExpenses": 62000000,
        "operatingExpenses": 642000000,
        "costAndExpenses": 2319000000,
        "interestIncome": 0,
        "interestExpense": 0,
        "depreciationAndAmortization": 62000000,
        "ebitda": 180000000,
        "ebitdaratio": 0.0738613049,
        "operatingIncome": 118000000,
        "operatingIncomeRatio": 0.0484201888,
        "totalOtherIncomeExpensesNet": -256000000,
        "incomeBeforeTax": -138000000,
        "incomeBeforeTaxRatio": -0.0566270004,
        "incomeTaxExpense": -31000000,
        "netIncome": -107000000,
        "netIncomeRatio": -0.0439064423,
        "eps": -0.82,
        "epsdiluted": -0.82,
        "weightedAverageShsOut": 130769231,
        "weightedAverageShsOutDil": 130769231,
        "link": null,
        "finalLink": null
    },
    {
        "date": "1995-10-31",
        "symbol": "FL",
        "reportedCurrency": "USD",
        "cik": "0000850209",
        "fillingDate": "1995-10-31",
        "acceptedDate": "1995-10-31 00:00:00",
        "calendarYear": "1995",
        "period": "Q3",
        "revenue": 2071000000,
        "costOfRevenue": 1419000000,
        "grossProfit": 652000000,
        "grossProfitRatio": 0.3148237566,
        "researchAndDevelopmentExpenses": 0,
        "generalAndAdministrativeExpenses": 0,
        "sellingAndMarketingExpenses": 0,
        "sellingGeneralAndAdministrativeExpenses": 508000000,
        "otherExpenses": 59000000,
        "operatingExpenses": 567000000,
        "costAndExpenses": 1986000000,
        "interestIncome": 0,
        "interestExpense": 0,
        "depreciationAndAmortization": 59000000,
        "ebitda": 144000000,
        "ebitdaratio": 0.0695316272,
        "operatingIncome": 85000000,
        "operatingIncomeRatio": 0.0410429744,
        "totalOtherIncomeExpensesNet": -28000000,
        "incomeBeforeTax": 57000000,
        "incomeBeforeTaxRatio": 0.0275229358,
        "incomeTaxExpense": 23000000,
        "netIncome": 34000000,
        "netIncomeRatio": 0.0164171898,
        "eps": 0.26,
        "epsdiluted": 0.26,
        "weightedAverageShsOut": 130769231,
        "weightedAverageShsOutDil": 130769231,
        "link": null,
        "finalLink": null
    },
    {
        "date": "1995-07-31",
        "symbol": "FL",
        "reportedCurrency": "USD",
        "cik": "0000850209",
        "fillingDate": "1995-07-31",
        "acceptedDate": "1995-07-31 00:00:00",
        "calendarYear": "1995",
        "period": "Q2",
        "revenue": 1922000000,
        "costOfRevenue": 1334000000,
        "grossProfit": 588000000,
        "grossProfitRatio": 0.3059313215,
        "researchAndDevelopmentExpenses": 0,
        "generalAndAdministrativeExpenses": 0,
        "sellingAndMarketingExpenses": 0,
        "sellingGeneralAndAdministrativeExpenses": 532000000,
        "otherExpenses": 59000000,
        "operatingExpenses": 591000000,
        "costAndExpenses": 1925000000,
        "interestIncome": 0,
        "interestExpense": 0,
        "depreciationAndAmortization": 59000000,
        "ebitda": 56000000,
        "ebitdaratio": 0.0291363163,
        "operatingIncome": -3000000,
        "operatingIncomeRatio": -0.0015608741,
        "totalOtherIncomeExpensesNet": -16000000,
        "incomeBeforeTax": -19000000,
        "incomeBeforeTaxRatio": -0.0098855359,
        "incomeTaxExpense": -8000000,
        "netIncome": -11000000,
        "netIncomeRatio": -0.005723205,
        "eps": -0.09,
        "epsdiluted": -0.09,
        "weightedAverageShsOut": 122222222,
        "weightedAverageShsOutDil": 122222222,
        "link": null,
        "finalLink": null
    },
    {
        "date": "1995-04-30",
        "symbol": "FL",
        "reportedCurrency": "USD",
        "cik": "0000850209",
        "fillingDate": "1995-04-30",
        "acceptedDate": "1995-04-30 00:00:00",
        "calendarYear": "1995",
        "period": "Q1",
        "revenue": 1794000000,
        "costOfRevenue": 1305000000,
        "grossProfit": 489000000,
        "grossProfitRatio": 0.2725752508,
        "researchAndDevelopmentExpenses": 0,
        "generalAndAdministrativeExpenses": 0,
        "sellingAndMarketingExpenses": 0,
        "sellingGeneralAndAdministrativeExpenses": 546000000,
        "otherExpenses": 59000000,
        "operatingExpenses": 605000000,
        "costAndExpenses": 1910000000,
        "interestIncome": 0,
        "interestExpense": 0,
        "depreciationAndAmortization": 59000000,
        "ebitda": -57000000,
        "ebitdaratio": -0.0317725753,
        "operatingIncome": -116000000,
        "operatingIncomeRatio": -0.0646599777,
        "totalOtherIncomeExpensesNet": -17000000,
        "incomeBeforeTax": -133000000,
        "incomeBeforeTaxRatio": -0.0741360089,
        "incomeTaxExpense": -53000000,
        "netIncome": -80000000,
        "netIncomeRatio": -0.0445930881,
        "eps": -0.6,
        "epsdiluted": -0.6,
        "weightedAverageShsOut": 133333333,
        "weightedAverageShsOutDil": 133333333,
        "link": null,
        "finalLink": null
    },
    {
        "date": "1995-01-31",
        "symbol": "FL",
        "reportedCurrency": "USD",
        "cik": "0000850209",
        "fillingDate": "1995-01-31",
        "acceptedDate": "1995-01-31 00:00:00",
        "calendarYear": "1994",
        "period": "Q4",
        "revenue": 2560000000,
        "costOfRevenue": 1705000000,
        "grossProfit": 855000000,
        "grossProfitRatio": 0.333984375,
        "researchAndDevelopmentExpenses": 0,
        "generalAndAdministrativeExpenses": 0,
        "sellingAndMarketingExpenses": 0,
        "sellingGeneralAndAdministrativeExpenses": 650000000,
        "otherExpenses": 59000000,
        "operatingExpenses": 709000000,
        "costAndExpenses": 2414000000,
        "interestIncome": 0,
        "interestExpense": 0,
        "depreciationAndAmortization": 59000000,
        "ebitda": 205000000,
        "ebitdaratio": 0.080078125,
        "operatingIncome": 146000000,
        "operatingIncomeRatio": 0.05703125,
        "totalOtherIncomeExpensesNet": 0,
        "incomeBeforeTax": 146000000,
        "incomeBeforeTaxRatio": 0.05703125,
        "incomeTaxExpense": 56000000,
        "netIncome": 90000000,
        "netIncomeRatio": 0.03515625,
        "eps": 0.68,
        "epsdiluted": 0.68,
        "weightedAverageShsOut": 131313131,
        "weightedAverageShsOutDil": 132142857,
        "link": null,
        "finalLink": null
    },
    {
        "date": "1994-10-31",
        "symbol": "FL",
        "reportedCurrency": "USD",
        "cik": "0000850209",
        "fillingDate": "1994-10-31",
        "acceptedDate": "1994-10-31 00:00:00",
        "calendarYear": "1994",
        "period": "Q3",
        "revenue": 2097000000,
        "costOfRevenue": 1400000000,
        "grossProfit": 697000000,
        "grossProfitRatio": 0.3323795899,
        "researchAndDevelopmentExpenses": 0,
        "generalAndAdministrativeExpenses": 0,
        "sellingAndMarketingExpenses": 0,
        "sellingGeneralAndAdministrativeExpenses": 553000000,
        "otherExpenses": 59000000,
        "operatingExpenses": 612000000,
        "costAndExpenses": 2012000000,
        "interestIncome": 0,
        "interestExpense": 0,
        "depreciationAndAmortization": 59000000,
        "ebitda": 144000000,
        "ebitdaratio": 0.0686695279,
        "operatingIncome": 85000000,
        "operatingIncomeRatio": 0.0405340963,
        "totalOtherIncomeExpensesNet": -30000000,
        "incomeBeforeTax": 55000000,
        "incomeBeforeTaxRatio": 0.0262279447,
        "incomeTaxExpense": 18000000,
        "netIncome": 37000000,
        "netIncomeRatio": 0.0176442537,
        "eps": 0.28,
        "epsdiluted": 0.28,
        "weightedAverageShsOut": 132142857,
        "weightedAverageShsOutDil": 132142857,
        "link": null,
        "finalLink": null
    },
    {
        "date": "1994-07-31",
        "symbol": "FL",
        "reportedCurrency": "USD",
        "cik": "0000850209",
        "fillingDate": "1994-07-31",
        "acceptedDate": "1994-07-31 00:00:00",
        "calendarYear": "1994",
        "period": "Q2",
        "revenue": 1876000000,
        "costOfRevenue": 1292000000,
        "grossProfit": 584000000,
        "grossProfitRatio": 0.3113006397,
        "researchAndDevelopmentExpenses": 0,
        "generalAndAdministrativeExpenses": 0,
        "sellingAndMarketingExpenses": 0,
        "sellingGeneralAndAdministrativeExpenses": 516000000,
        "otherExpenses": 58000000,
        "operatingExpenses": 574000000,
        "costAndExpenses": 1866000000,
        "interestIncome": 0,
        "interestExpense": 0,
        "depreciationAndAmortization": 58000000,
        "ebitda": 68000000,
        "ebitdaratio": 0.0362473348,
        "operatingIncome": 10000000,
        "operatingIncomeRatio": 0.0053304904,
        "totalOtherIncomeExpensesNet": -57000000,
        "incomeBeforeTax": -47000000,
        "incomeBeforeTaxRatio": -0.0250533049,
        "incomeTaxExpense": -5000000,
        "netIncome": -42000000,
        "netIncomeRatio": -0.0223880597,
        "eps": -0.32,
        "epsdiluted": -0.32,
        "weightedAverageShsOut": 131250000,
        "weightedAverageShsOutDil": 131250000,
        "link": null,
        "finalLink": null
    },
    {
        "date": "1994-04-30",
        "symbol": "FL",
        "reportedCurrency": "USD",
        "cik": "0000850209",
        "fillingDate": "1994-04-30",
        "acceptedDate": "1994-04-30 00:00:00",
        "calendarYear": "1994",
        "period": "Q1",
        "revenue": 1760000000,
        "costOfRevenue": 1229000000,
        "grossProfit": 531000000,
        "grossProfitRatio": 0.3017045455,
        "researchAndDevelopmentExpenses": 0,
        "generalAndAdministrativeExpenses": 0,
        "sellingAndMarketingExpenses": 0,
        "sellingGeneralAndAdministrativeExpenses": 512000000,
        "otherExpenses": 57000000,
        "operatingExpenses": 569000000,
        "costAndExpenses": 1798000000,
        "interestIncome": 0,
        "interestExpense": 0,
        "depreciationAndAmortization": 57000000,
        "ebitda": 19000000,
        "ebitdaratio": 0.0107954545,
        "operatingIncome": -38000000,
        "operatingIncomeRatio": -0.0215909091,
        "totalOtherIncomeExpensesNet": -20000000,
        "incomeBeforeTax": -58000000,
        "incomeBeforeTaxRatio": -0.0329545455,
        "incomeTaxExpense": -20000000,
        "netIncome": -38000000,
        "netIncomeRatio": -0.0215909091,
        "eps": -0.29,
        "epsdiluted": -0.29,
        "weightedAverageShsOut": 131034483,
        "weightedAverageShsOutDil": 131034483,
        "link": null,
        "finalLink": null
    },
    {
        "date": "1994-01-31",
        "symbol": "FL",
        "reportedCurrency": "USD",
        "cik": "0000850209",
        "fillingDate": "1994-01-31",
        "acceptedDate": "1994-01-31 00:00:00",
        "calendarYear": "1993",
        "period": "Q4",
        "revenue": 2816000000,
        "costOfRevenue": 2100000000,
        "grossProfit": 716000000,
        "grossProfitRatio": 0.2542613636,
        "researchAndDevelopmentExpenses": 0,
        "generalAndAdministrativeExpenses": 0,
        "sellingAndMarketingExpenses": 0,
        "sellingGeneralAndAdministrativeExpenses": 755000000,
        "otherExpenses": 65000000,
        "operatingExpenses": 820000000,
        "costAndExpenses": 2920000000,
        "interestIncome": 0,
        "interestExpense": 0,
        "depreciationAndAmortization": 65000000,
        "ebitda": -39000000,
        "ebitdaratio": -0.0138494318,
        "operatingIncome": -104000000,
        "operatingIncomeRatio": -0.0369318182,
        "totalOtherIncomeExpensesNet": 29000000,
        "incomeBeforeTax": -75000000,
        "incomeBeforeTaxRatio": -0.0266335227,
        "incomeTaxExpense": -29000000,
        "netIncome": -46000000,
        "netIncomeRatio": -0.0163352273,
        "eps": -0.35,
        "epsdiluted": -0.35,
        "weightedAverageShsOut": 131581082,
        "weightedAverageShsOutDil": 131778426,
        "link": null,
        "finalLink": null
    },
    {
        "date": "1993-10-31",
        "symbol": "FL",
        "reportedCurrency": "USD",
        "cik": "0000850209",
        "fillingDate": "1993-10-31",
        "acceptedDate": "1993-10-31 00:00:00",
        "calendarYear": "1993",
        "period": "Q3",
        "revenue": 2387000000,
        "costOfRevenue": 1619000000,
        "grossProfit": 768000000,
        "grossProfitRatio": 0.3217427734,
        "researchAndDevelopmentExpenses": 0,
        "generalAndAdministrativeExpenses": 0,
        "sellingAndMarketingExpenses": 0,
        "sellingGeneralAndAdministrativeExpenses": 633000000,
        "otherExpenses": 63000000,
        "operatingExpenses": 696000000,
        "costAndExpenses": 2315000000,
        "interestIncome": 0,
        "interestExpense": 0,
        "depreciationAndAmortization": 63000000,
        "ebitda": 135000000,
        "ebitdaratio": 0.0565563469,
        "operatingIncome": 72000000,
        "operatingIncomeRatio": 0.030163385,
        "totalOtherIncomeExpensesNet": -799000000,
        "incomeBeforeTax": -727000000,
        "incomeBeforeTaxRatio": -0.3045664013,
        "incomeTaxExpense": -275000000,
        "netIncome": -452000000,
        "netIncomeRatio": -0.1893590281,
        "eps": -3.43,
        "epsdiluted": -3.43,
        "weightedAverageShsOut": 131778426,
        "weightedAverageShsOutDil": 131778426,
        "link": null,
        "finalLink": null
    },
    {
        "date": "1993-07-31",
        "symbol": "FL",
        "reportedCurrency": "USD",
        "cik": "0000850209",
        "fillingDate": "1993-07-31",
        "acceptedDate": "1993-07-31 00:00:00",
        "calendarYear": "1993",
        "period": "Q2",
        "revenue": 2288000000,
        "costOfRevenue": 1582000000,
        "grossProfit": 706000000,
        "grossProfitRatio": 0.3085664336,
        "researchAndDevelopmentExpenses": 0,
        "generalAndAdministrativeExpenses": 0,
        "sellingAndMarketingExpenses": 0,
        "sellingGeneralAndAdministrativeExpenses": 618000000,
        "otherExpenses": 66000000,
        "operatingExpenses": 684000000,
        "costAndExpenses": 2266000000,
        "interestIncome": 0,
        "interestExpense": 0,
        "depreciationAndAmortization": 66000000,
        "ebitda": 88000000,
        "ebitdaratio": 0.0384615385,
        "operatingIncome": 22000000,
        "operatingIncomeRatio": 0.0096153846,
        "totalOtherIncomeExpensesNet": -19000000,
        "incomeBeforeTax": 3000000,
        "incomeBeforeTaxRatio": 0.0013111888,
        "incomeTaxExpense": 1000000,
        "netIncome": 2000000,
        "netIncomeRatio": 0.0008741259,
        "eps": 0.01,
        "epsdiluted": 0.01,
        "weightedAverageShsOut": 100000000,
        "weightedAverageShsOutDil": 100000000,
        "link": null,
        "finalLink": null
    },
    {
        "date": "1993-04-30",
        "symbol": "FL",
        "reportedCurrency": "USD",
        "cik": "0000850209",
        "fillingDate": "1993-04-30",
        "acceptedDate": "1993-04-30 00:00:00",
        "calendarYear": "1993",
        "period": "Q1",
        "revenue": 2135000000,
        "costOfRevenue": 1446000000,
        "grossProfit": 689000000,
        "grossProfitRatio": 0.3227166276,
        "researchAndDevelopmentExpenses": 0,
        "generalAndAdministrativeExpenses": 0,
        "sellingAndMarketingExpenses": 0,
        "sellingGeneralAndAdministrativeExpenses": 609000000,
        "otherExpenses": 63000000,
        "operatingExpenses": 672000000,
        "costAndExpenses": 2118000000,
        "interestIncome": 0,
        "interestExpense": 0,
        "depreciationAndAmortization": 63000000,
        "ebitda": 80000000,
        "ebitdaratio": 0.037470726,
        "operatingIncome": 17000000,
        "operatingIncomeRatio": 0.0079625293,
        "totalOtherIncomeExpensesNet": 0,
        "incomeBeforeTax": 0,
        "incomeBeforeTaxRatio": 0,
        "incomeTaxExpense": 16000000,
        "netIncome": 1000000,
        "netIncomeRatio": 0.0004683841,
        "eps": 0.01,
        "epsdiluted": 0.01,
        "weightedAverageShsOut": 100000000,
        "weightedAverageShsOutDil": 100000000,
        "link": null,
        "finalLink": null
    },
    {
        "date": "1993-01-31",
        "symbol": "FL",
        "reportedCurrency": "USD",
        "cik": "0000850209",
        "fillingDate": "1993-01-31",
        "acceptedDate": "1993-01-31 00:00:00",
        "calendarYear": "1992",
        "period": "Q4",
        "revenue": 3135000000,
        "costOfRevenue": 2162000000,
        "grossProfit": 973000000,
        "grossProfitRatio": 0.3103668262,
        "researchAndDevelopmentExpenses": 0,
        "generalAndAdministrativeExpenses": 0,
        "sellingAndMarketingExpenses": 0,
        "sellingGeneralAndAdministrativeExpenses": 637000000,
        "otherExpenses": 65000000,
        "operatingExpenses": 702000000,
        "costAndExpenses": 2864000000,
        "interestIncome": 0,
        "interestExpense": 0,
        "depreciationAndAmortization": 65000000,
        "ebitda": 336000000,
        "ebitdaratio": 0.1071770335,
        "operatingIncome": 271000000,
        "operatingIncomeRatio": 0.0864433812,
        "totalOtherIncomeExpensesNet": -16000000,
        "incomeBeforeTax": 255000000,
        "incomeBeforeTaxRatio": 0.0813397129,
        "incomeTaxExpense": 90000000,
        "netIncome": 165000000,
        "netIncomeRatio": 0.0526315789,
        "eps": 1.27,
        "epsdiluted": 1.27,
        "weightedAverageShsOut": 130000000,
        "weightedAverageShsOutDil": 130000000,
        "link": null,
        "finalLink": null
    },
    {
        "date": "1992-10-31",
        "symbol": "FL",
        "reportedCurrency": "USD",
        "cik": "0000850209",
        "fillingDate": "1992-10-31",
        "acceptedDate": "1992-10-31 00:00:00",
        "calendarYear": "1992",
        "period": "Q3",
        "revenue": 2501000000,
        "costOfRevenue": 1644000000,
        "grossProfit": 857000000,
        "grossProfitRatio": 0.3426629348,
        "researchAndDevelopmentExpenses": 0,
        "generalAndAdministrativeExpenses": 0,
        "sellingAndMarketingExpenses": 0,
        "sellingGeneralAndAdministrativeExpenses": 664000000,
        "otherExpenses": 65000000,
        "operatingExpenses": 729000000,
        "costAndExpenses": 2373000000,
        "interestIncome": 0,
        "interestExpense": 0,
        "depreciationAndAmortization": 65000000,
        "ebitda": 193000000,
        "ebitdaratio": 0.0771691323,
        "operatingIncome": 128000000,
        "operatingIncomeRatio": 0.0511795282,
        "totalOtherIncomeExpensesNet": -25000000,
        "incomeBeforeTax": 103000000,
        "incomeBeforeTaxRatio": 0.0411835266,
        "incomeTaxExpense": 38000000,
        "netIncome": 65000000,
        "netIncomeRatio": 0.0259896042,
        "eps": 0.5,
        "epsdiluted": 0.5,
        "weightedAverageShsOut": 130000000,
        "weightedAverageShsOutDil": 130000000,
        "link": null,
        "finalLink": null
    },
    {
        "date": "1992-07-31",
        "symbol": "FL",
        "reportedCurrency": "USD",
        "cik": "0000850209",
        "fillingDate": "1992-07-31",
        "acceptedDate": "1992-07-31 00:00:00",
        "calendarYear": "1992",
        "period": "Q2",
        "revenue": 2230000000,
        "costOfRevenue": 1484000000,
        "grossProfit": 746000000,
        "grossProfitRatio": 0.334529148,
        "researchAndDevelopmentExpenses": 0,
        "generalAndAdministrativeExpenses": 0,
        "sellingAndMarketingExpenses": 0,
        "sellingGeneralAndAdministrativeExpenses": 606000000,
        "otherExpenses": 64000000,
        "operatingExpenses": 670000000,
        "costAndExpenses": 2154000000,
        "interestIncome": 0,
        "interestExpense": 0,
        "depreciationAndAmortization": 64000000,
        "ebitda": 140000000,
        "ebitdaratio": 0.0627802691,
        "operatingIncome": 76000000,
        "operatingIncomeRatio": 0.0340807175,
        "totalOtherIncomeExpensesNet": -24000000,
        "incomeBeforeTax": 52000000,
        "incomeBeforeTaxRatio": 0.0233183857,
        "incomeTaxExpense": 19000000,
        "netIncome": 33000000,
        "netIncomeRatio": 0.0147982063,
        "eps": 0.25,
        "epsdiluted": 0.25,
        "weightedAverageShsOut": 132000000,
        "weightedAverageShsOutDil": 132000000,
        "link": null,
        "finalLink": null
    },
    {
        "date": "1992-04-30",
        "symbol": "FL",
        "reportedCurrency": "USD",
        "cik": "0000850209",
        "fillingDate": "1992-04-30",
        "acceptedDate": "1992-04-30 00:00:00",
        "calendarYear": "1992",
        "period": "Q1",
        "revenue": 2096000000,
        "costOfRevenue": 1393000000,
        "grossProfit": 703000000,
        "grossProfitRatio": 0.3354007634,
        "researchAndDevelopmentExpenses": 0,
        "generalAndAdministrativeExpenses": 0,
        "sellingAndMarketingExpenses": 0,
        "sellingGeneralAndAdministrativeExpenses": 594000000,
        "otherExpenses": 60000000,
        "operatingExpenses": 654000000,
        "costAndExpenses": 2047000000,
        "interestIncome": 0,
        "interestExpense": 0,
        "depreciationAndAmortization": 60000000,
        "ebitda": 109000000,
        "ebitdaratio": 0.0520038168,
        "operatingIncome": 49000000,
        "operatingIncomeRatio": 0.0233778626,
        "totalOtherIncomeExpensesNet": -22000000,
        "incomeBeforeTax": 27000000,
        "incomeBeforeTaxRatio": 0.0128816794,
        "incomeTaxExpense": 10000000,
        "netIncome": 17000000,
        "netIncomeRatio": 0.008110687,
        "eps": 0.13,
        "epsdiluted": 0.13,
        "weightedAverageShsOut": 130769231,
        "weightedAverageShsOutDil": 130769231,
        "link": null,
        "finalLink": null
    },
    {
        "date": "1992-01-31",
        "symbol": "FL",
        "reportedCurrency": "USD",
        "cik": "0000850209",
        "fillingDate": "1992-01-31",
        "acceptedDate": "1992-01-31 00:00:00",
        "calendarYear": "1991",
        "period": "Q4",
        "revenue": 3136000000,
        "costOfRevenue": 2129000000,
        "grossProfit": 1007000000,
        "grossProfitRatio": 0.3211096939,
        "researchAndDevelopmentExpenses": 0,
        "generalAndAdministrativeExpenses": 0,
        "sellingAndMarketingExpenses": 0,
        "sellingGeneralAndAdministrativeExpenses": 727000000,
        "otherExpenses": 72000000,
        "operatingExpenses": 799000000,
        "costAndExpenses": 2928000000,
        "interestIncome": 0,
        "interestExpense": 0,
        "depreciationAndAmortization": 72000000,
        "ebitda": 280000000,
        "ebitdaratio": 0.0892857143,
        "operatingIncome": 208000000,
        "operatingIncomeRatio": 0.0663265306,
        "totalOtherIncomeExpensesNet": -410000000,
        "incomeBeforeTax": -202000000,
        "incomeBeforeTaxRatio": -0.0644132653,
        "incomeTaxExpense": -74000000,
        "netIncome": -128000000,
        "netIncomeRatio": -0.0408163265,
        "eps": -0.97,
        "epsdiluted": -0.97,
        "weightedAverageShsOut": 132258065,
        "weightedAverageShsOutDil": 132258065,
        "link": null,
        "finalLink": null
    },
    {
        "date": "1991-10-31",
        "symbol": "FL",
        "reportedCurrency": "USD",
        "cik": "0000850209",
        "fillingDate": "1991-10-31",
        "acceptedDate": "1991-10-31 00:00:00",
        "calendarYear": "1991",
        "period": "Q3",
        "revenue": 2423000000,
        "costOfRevenue": 1625000000,
        "grossProfit": 798000000,
        "grossProfitRatio": 0.3293437887,
        "researchAndDevelopmentExpenses": 0,
        "generalAndAdministrativeExpenses": 0,
        "sellingAndMarketingExpenses": 0,
        "sellingGeneralAndAdministrativeExpenses": 641000000,
        "otherExpenses": 65000000,
        "operatingExpenses": 706000000,
        "costAndExpenses": 2331000000,
        "interestIncome": 0,
        "interestExpense": 0,
        "depreciationAndAmortization": 65000000,
        "ebitda": 157000000,
        "ebitdaratio": 0.0647957078,
        "operatingIncome": 92000000,
        "operatingIncomeRatio": 0.0379694593,
        "totalOtherIncomeExpensesNet": -27000000,
        "incomeBeforeTax": 65000000,
        "incomeBeforeTaxRatio": 0.0268262485,
        "incomeTaxExpense": 24000000,
        "netIncome": 41000000,
        "netIncomeRatio": 0.0169211721,
        "eps": 0.31,
        "epsdiluted": 0.31,
        "weightedAverageShsOut": 132258065,
        "weightedAverageShsOutDil": 132258065,
        "link": null,
        "finalLink": null
    },
    {
        "date": "1991-07-31",
        "symbol": "FL",
        "reportedCurrency": "USD",
        "cik": "0000850209",
        "fillingDate": "1991-07-31",
        "acceptedDate": "1991-07-31 00:00:00",
        "calendarYear": "1991",
        "period": "Q2",
        "revenue": 2228000000,
        "costOfRevenue": 1509000000,
        "grossProfit": 719000000,
        "grossProfitRatio": 0.3227109515,
        "researchAndDevelopmentExpenses": 0,
        "generalAndAdministrativeExpenses": 0,
        "sellingAndMarketingExpenses": 0,
        "sellingGeneralAndAdministrativeExpenses": 602000000,
        "otherExpenses": 62000000,
        "operatingExpenses": 664000000,
        "costAndExpenses": 2173000000,
        "interestIncome": 0,
        "interestExpense": 0,
        "depreciationAndAmortization": 62000000,
        "ebitda": 117000000,
        "ebitdaratio": 0.052513465,
        "operatingIncome": 55000000,
        "operatingIncomeRatio": 0.0246858169,
        "totalOtherIncomeExpensesNet": -22000000,
        "incomeBeforeTax": 33000000,
        "incomeBeforeTaxRatio": 0.0148114901,
        "incomeTaxExpense": 12000000,
        "netIncome": 21000000,
        "netIncomeRatio": 0.0094254937,
        "eps": 0.16,
        "epsdiluted": 0.16,
        "weightedAverageShsOut": 131250000,
        "weightedAverageShsOutDil": 131250000,
        "link": null,
        "finalLink": null
    },
    {
        "date": "1991-04-30",
        "symbol": "FL",
        "reportedCurrency": "USD",
        "cik": "0000850209",
        "fillingDate": "1991-04-30",
        "acceptedDate": "1991-04-30 00:00:00",
        "calendarYear": "1991",
        "period": "Q1",
        "revenue": 2127000000,
        "costOfRevenue": 1421000000,
        "grossProfit": 706000000,
        "grossProfitRatio": 0.3319228961,
        "researchAndDevelopmentExpenses": 0,
        "generalAndAdministrativeExpenses": 0,
        "sellingAndMarketingExpenses": 0,
        "sellingGeneralAndAdministrativeExpenses": 605000000,
        "otherExpenses": 62000000,
        "operatingExpenses": 667000000,
        "costAndExpenses": 2088000000,
        "interestIncome": 0,
        "interestExpense": 0,
        "depreciationAndAmortization": 62000000,
        "ebitda": 101000000,
        "ebitdaratio": 0.0474847203,
        "operatingIncome": 39000000,
        "operatingIncomeRatio": 0.0183356841,
        "totalOtherIncomeExpensesNet": -18000000,
        "incomeBeforeTax": 21000000,
        "incomeBeforeTaxRatio": 0.0098730606,
        "incomeTaxExpense": 8000000,
        "netIncome": 13000000,
        "netIncomeRatio": 0.0061118947,
        "eps": 0.1,
        "epsdiluted": 0.1,
        "weightedAverageShsOut": 130000000,
        "weightedAverageShsOutDil": 130000000,
        "link": null,
        "finalLink": null
    },
    {
        "date": "1991-01-31",
        "symbol": "FL",
        "reportedCurrency": "USD",
        "cik": "0000850209",
        "fillingDate": "1991-01-31",
        "acceptedDate": "1991-01-31 00:00:00",
        "calendarYear": "1990",
        "period": "Q4",
        "revenue": 3064000000,
        "costOfRevenue": 2122000000,
        "grossProfit": 942000000,
        "grossProfitRatio": 0.3074412533,
        "researchAndDevelopmentExpenses": 0,
        "generalAndAdministrativeExpenses": 0,
        "sellingAndMarketingExpenses": 0,
        "sellingGeneralAndAdministrativeExpenses": 632000000,
        "otherExpenses": 66000000,
        "operatingExpenses": 698000000,
        "costAndExpenses": 2820000000,
        "interestIncome": 0,
        "interestExpense": 0,
        "depreciationAndAmortization": 66000000,
        "ebitda": 310000000,
        "ebitdaratio": 0.1011749347,
        "operatingIncome": 244000000,
        "operatingIncomeRatio": 0.0796344648,
        "totalOtherIncomeExpensesNet": -19000000,
        "incomeBeforeTax": 225000000,
        "incomeBeforeTaxRatio": 0.0734334204,
        "incomeTaxExpense": 76000000,
        "netIncome": 149000000,
        "netIncomeRatio": 0.0486292428,
        "eps": 1.15,
        "epsdiluted": 1.15,
        "weightedAverageShsOut": 129032258,
        "weightedAverageShsOutDil": 129032258,
        "link": null,
        "finalLink": null
    },
    {
        "date": "1990-10-31",
        "symbol": "FL",
        "reportedCurrency": "USD",
        "cik": "0000850209",
        "fillingDate": "1990-10-31",
        "acceptedDate": "1990-10-31 00:00:00",
        "calendarYear": "1990",
        "period": "Q3",
        "revenue": 2469000000,
        "costOfRevenue": 1624000000,
        "grossProfit": 845000000,
        "grossProfitRatio": 0.3422438234,
        "researchAndDevelopmentExpenses": 0,
        "generalAndAdministrativeExpenses": 0,
        "sellingAndMarketingExpenses": 0,
        "sellingGeneralAndAdministrativeExpenses": 633000000,
        "otherExpenses": 58000000,
        "operatingExpenses": 691000000,
        "costAndExpenses": 2315000000,
        "interestIncome": 0,
        "interestExpense": 0,
        "depreciationAndAmortization": 58000000,
        "ebitda": 212000000,
        "ebitdaratio": 0.0858647226,
        "operatingIncome": 154000000,
        "operatingIncomeRatio": 0.0623734305,
        "totalOtherIncomeExpensesNet": -26000000,
        "incomeBeforeTax": 128000000,
        "incomeBeforeTaxRatio": 0.0518428514,
        "incomeTaxExpense": 48000000,
        "netIncome": 80000000,
        "netIncomeRatio": 0.0324017821,
        "eps": 0.62,
        "epsdiluted": 0.62,
        "weightedAverageShsOut": 129032258,
        "weightedAverageShsOutDil": 129032258,
        "link": null,
        "finalLink": null
    },
    {
        "date": "1990-07-31",
        "symbol": "FL",
        "reportedCurrency": "USD",
        "cik": "0000850209",
        "fillingDate": "1990-07-31",
        "acceptedDate": "1990-07-31 00:00:00",
        "calendarYear": "1990",
        "period": "Q2",
        "revenue": 2191000000,
        "costOfRevenue": 1441000000,
        "grossProfit": 750000000,
        "grossProfitRatio": 0.3423094477,
        "researchAndDevelopmentExpenses": 0,
        "generalAndAdministrativeExpenses": 0,
        "sellingAndMarketingExpenses": 0,
        "sellingGeneralAndAdministrativeExpenses": 585000000,
        "otherExpenses": 57000000,
        "operatingExpenses": 642000000,
        "costAndExpenses": 2083000000,
        "interestIncome": 0,
        "interestExpense": 0,
        "depreciationAndAmortization": 57000000,
        "ebitda": 165000000,
        "ebitdaratio": 0.0753080785,
        "operatingIncome": 108000000,
        "operatingIncomeRatio": 0.0492925605,
        "totalOtherIncomeExpensesNet": -28000000,
        "incomeBeforeTax": 80000000,
        "incomeBeforeTaxRatio": 0.0365130078,
        "incomeTaxExpense": 30000000,
        "netIncome": 50000000,
        "netIncomeRatio": 0.0228206298,
        "eps": 0.39,
        "epsdiluted": 0.39,
        "weightedAverageShsOut": 128205128,
        "weightedAverageShsOutDil": 128205128,
        "link": null,
        "finalLink": null
    },
    {
        "date": "1990-04-30",
        "symbol": "FL",
        "reportedCurrency": "USD",
        "cik": "0000850209",
        "fillingDate": "1990-04-30",
        "acceptedDate": "1990-04-30 00:00:00",
        "calendarYear": "1990",
        "period": "Q1",
        "revenue": 2065000000,
        "costOfRevenue": 1347000000,
        "grossProfit": 718000000,
        "grossProfitRatio": 0.3476997579,
        "researchAndDevelopmentExpenses": 0,
        "generalAndAdministrativeExpenses": 0,
        "sellingAndMarketingExpenses": 0,
        "sellingGeneralAndAdministrativeExpenses": 583000000,
        "otherExpenses": 53000000,
        "operatingExpenses": 636000000,
        "costAndExpenses": 1983000000,
        "interestIncome": 0,
        "interestExpense": 0,
        "depreciationAndAmortization": 53000000,
        "ebitda": 135000000,
        "ebitdaratio": 0.0653753027,
        "operatingIncome": 82000000,
        "operatingIncomeRatio": 0.0397094431,
        "totalOtherIncomeExpensesNet": -22000000,
        "incomeBeforeTax": 60000000,
        "incomeBeforeTaxRatio": 0.0290556901,
        "incomeTaxExpense": 22000000,
        "netIncome": 38000000,
        "netIncomeRatio": 0.018401937,
        "eps": 0.29,
        "epsdiluted": 0.29,
        "weightedAverageShsOut": 131034483,
        "weightedAverageShsOutDil": 131034483,
        "link": null,
        "finalLink": null
    },
    {
        "date": "1990-01-31",
        "symbol": "FL",
        "reportedCurrency": "USD",
        "cik": "0000850209",
        "fillingDate": "1990-01-31",
        "acceptedDate": "1990-01-30 19:00:00",
        "calendarYear": "1989",
        "period": "Q4",
        "revenue": 2795000000,
        "costOfRevenue": 0,
        "grossProfit": 2795000000,
        "grossProfitRatio": 1,
        "researchAndDevelopmentExpenses": 0,
        "generalAndAdministrativeExpenses": 0,
        "sellingAndMarketingExpenses": 0,
        "sellingGeneralAndAdministrativeExpenses": 0,
        "otherExpenses": -8205000000,
        "operatingExpenses": -8205000000,
        "costAndExpenses": -8205000000,
        "interestIncome": 0,
        "interestExpense": 0,
        "depreciationAndAmortization": 0,
        "ebitda": -5410000000,
        "ebitdaratio": -1.9355992844,
        "operatingIncome": -5410000000,
        "operatingIncomeRatio": -1.9355992844,
        "totalOtherIncomeExpensesNet": 5410000000,
        "incomeBeforeTax": 0,
        "incomeBeforeTaxRatio": 0,
        "incomeTaxExpense": 0,
        "netIncome": 175000000,
        "netIncomeRatio": 0.0626118068,
        "eps": 1.3597091,
        "epsdiluted": 1.3597091,
        "weightedAverageShsOut": 128704000,
        "weightedAverageShsOutDil": 128704000,
        "link": "",
        "finalLink": ""
    },
    {
        "date": "1989-10-31",
        "symbol": "FL",
        "reportedCurrency": "USD",
        "cik": "0000850209",
        "fillingDate": "1989-10-31",
        "acceptedDate": "1989-10-30 19:00:00",
        "calendarYear": "1989",
        "period": "Q3",
        "revenue": 2165000000,
        "costOfRevenue": 0,
        "grossProfit": 2165000000,
        "grossProfitRatio": 1,
        "researchAndDevelopmentExpenses": 0,
        "generalAndAdministrativeExpenses": 0,
        "sellingAndMarketingExpenses": 0,
        "sellingGeneralAndAdministrativeExpenses": 0,
        "otherExpenses": 0,
        "operatingExpenses": 0,
        "costAndExpenses": 0,
        "interestIncome": 0,
        "interestExpense": 0,
        "depreciationAndAmortization": 0,
        "ebitda": 2165000000,
        "ebitdaratio": 1,
        "operatingIncome": 2165000000,
        "operatingIncomeRatio": 1,
        "totalOtherIncomeExpensesNet": -2165000000,
        "incomeBeforeTax": 0,
        "incomeBeforeTaxRatio": 0,
        "incomeTaxExpense": 0,
        "netIncome": 70000000,
        "netIncomeRatio": 0.0323325635,
        "eps": 0.54,
        "epsdiluted": 0.54,
        "weightedAverageShsOut": 128704000,
        "weightedAverageShsOutDil": 128704000,
        "link": "",
        "finalLink": ""
    },
    {
        "date": "1989-07-31",
        "symbol": "FL",
        "reportedCurrency": "USD",
        "cik": "0000850209",
        "fillingDate": "1989-07-31",
        "acceptedDate": "1989-07-30 20:00:00",
        "calendarYear": "1989",
        "period": "Q2",
        "revenue": 1983000000,
        "costOfRevenue": 0,
        "grossProfit": 1983000000,
        "grossProfitRatio": 1,
        "researchAndDevelopmentExpenses": 0,
        "generalAndAdministrativeExpenses": 0,
        "sellingAndMarketingExpenses": 0,
        "sellingGeneralAndAdministrativeExpenses": 0,
        "otherExpenses": 0,
        "operatingExpenses": 0,
        "costAndExpenses": 0,
        "interestIncome": 0,
        "interestExpense": 0,
        "depreciationAndAmortization": 0,
        "ebitda": 1983000000,
        "ebitdaratio": 1,
        "operatingIncome": 1983000000,
        "operatingIncomeRatio": 1,
        "totalOtherIncomeExpensesNet": -1983000000,
        "incomeBeforeTax": 0,
        "incomeBeforeTaxRatio": 0,
        "incomeTaxExpense": 0,
        "netIncome": 48000000,
        "netIncomeRatio": 0.0242057489,
        "eps": 0.37,
        "epsdiluted": 0.37,
        "weightedAverageShsOut": 127994000,
        "weightedAverageShsOutDil": 127994000,
        "link": "",
        "finalLink": ""
    },
    {
        "date": "1989-04-30",
        "symbol": "FL",
        "reportedCurrency": "USD",
        "cik": "0000850209",
        "fillingDate": "1989-04-30",
        "acceptedDate": "1989-04-29 20:00:00",
        "calendarYear": "1989",
        "period": "Q1",
        "revenue": 1877000000,
        "costOfRevenue": 0,
        "grossProfit": 1877000000,
        "grossProfitRatio": 1,
        "researchAndDevelopmentExpenses": 0,
        "generalAndAdministrativeExpenses": 0,
        "sellingAndMarketingExpenses": 0,
        "sellingGeneralAndAdministrativeExpenses": 0,
        "otherExpenses": 0,
        "operatingExpenses": 0,
        "costAndExpenses": 0,
        "interestIncome": 0,
        "interestExpense": 0,
        "depreciationAndAmortization": 0,
        "ebitda": 1877000000,
        "ebitdaratio": 1,
        "operatingIncome": 1877000000,
        "operatingIncomeRatio": 1,
        "totalOtherIncomeExpensesNet": -1877000000,
        "incomeBeforeTax": 0,
        "incomeBeforeTaxRatio": 0,
        "incomeTaxExpense": 0,
        "netIncome": 36000000,
        "netIncomeRatio": 0.0191795418,
        "eps": 0.28,
        "epsdiluted": 0.28,
        "weightedAverageShsOut": 127772000,
        "weightedAverageShsOutDil": 127772000,
        "link": "",
        "finalLink": ""
    },
    {
        "date": "1989-01-31",
        "symbol": "FL",
        "reportedCurrency": "USD",
        "cik": "0000850209",
        "fillingDate": "1989-01-31",
        "acceptedDate": "1989-01-30 19:00:00",
        "calendarYear": "1988",
        "period": "Q4",
        "revenue": 2546000000,
        "costOfRevenue": 0,
        "grossProfit": 2546000000,
        "grossProfitRatio": 1,
        "researchAndDevelopmentExpenses": 0,
        "generalAndAdministrativeExpenses": 0,
        "sellingAndMarketingExpenses": 0,
        "sellingGeneralAndAdministrativeExpenses": 0,
        "otherExpenses": -7573000000,
        "operatingExpenses": -7573000000,
        "costAndExpenses": -7573000000,
        "interestIncome": 0,
        "interestExpense": 0,
        "depreciationAndAmortization": 0,
        "ebitda": -5027000000,
        "ebitdaratio": -1.9744697565,
        "operatingIncome": -5027000000,
        "operatingIncomeRatio": -1.9744697565,
        "totalOtherIncomeExpensesNet": 5027000000,
        "incomeBeforeTax": 0,
        "incomeBeforeTaxRatio": 0,
        "incomeTaxExpense": 0,
        "netIncome": 144000000,
        "netIncomeRatio": 0.0565593087,
        "eps": 1.1270074821,
        "epsdiluted": 1.1270074821,
        "weightedAverageShsOut": 127772000,
        "weightedAverageShsOutDil": 127772000,
        "link": "",
        "finalLink": ""
    },
    {
        "date": "1988-10-31",
        "symbol": "FL",
        "reportedCurrency": "USD",
        "cik": "0000850209",
        "fillingDate": "1988-10-31",
        "acceptedDate": "1988-10-30 19:00:00",
        "calendarYear": "1988",
        "period": "Q3",
        "revenue": 1974000000,
        "costOfRevenue": 0,
        "grossProfit": 1974000000,
        "grossProfitRatio": 1,
        "researchAndDevelopmentExpenses": 0,
        "generalAndAdministrativeExpenses": 0,
        "sellingAndMarketingExpenses": 0,
        "sellingGeneralAndAdministrativeExpenses": 0,
        "otherExpenses": 0,
        "operatingExpenses": 0,
        "costAndExpenses": 0,
        "interestIncome": 0,
        "interestExpense": 0,
        "depreciationAndAmortization": 0,
        "ebitda": 1974000000,
        "ebitdaratio": 1,
        "operatingIncome": 1974000000,
        "operatingIncomeRatio": 1,
        "totalOtherIncomeExpensesNet": -1974000000,
        "incomeBeforeTax": 0,
        "incomeBeforeTaxRatio": 0,
        "incomeTaxExpense": 0,
        "netIncome": 66000000,
        "netIncomeRatio": 0.0334346505,
        "eps": 0.51,
        "epsdiluted": 0.51,
        "weightedAverageShsOut": 127772000,
        "weightedAverageShsOutDil": 127772000,
        "link": "",
        "finalLink": ""
    },
    {
        "date": "1988-07-31",
        "symbol": "FL",
        "reportedCurrency": "USD",
        "cik": "0000850209",
        "fillingDate": "1988-07-31",
        "acceptedDate": "1988-07-30 20:00:00",
        "calendarYear": "1988",
        "period": "Q2",
        "revenue": 1847000000,
        "costOfRevenue": 0,
        "grossProfit": 1847000000,
        "grossProfitRatio": 1,
        "researchAndDevelopmentExpenses": 0,
        "generalAndAdministrativeExpenses": 0,
        "sellingAndMarketingExpenses": 0,
        "sellingGeneralAndAdministrativeExpenses": 0,
        "otherExpenses": 0,
        "operatingExpenses": 0,
        "costAndExpenses": 0,
        "interestIncome": 0,
        "interestExpense": 0,
        "depreciationAndAmortization": 0,
        "ebitda": 1847000000,
        "ebitdaratio": 1,
        "operatingIncome": 1847000000,
        "operatingIncomeRatio": 1,
        "totalOtherIncomeExpensesNet": -1847000000,
        "incomeBeforeTax": 0,
        "incomeBeforeTaxRatio": 0,
        "incomeTaxExpense": 0,
        "netIncome": 43000000,
        "netIncomeRatio": 0.0232809962,
        "eps": 0.34,
        "epsdiluted": 0.34,
        "weightedAverageShsOut": 128510000,
        "weightedAverageShsOutDil": 128510000,
        "link": "",
        "finalLink": ""
    },
    {
        "date": "1988-04-30",
        "symbol": "FL",
        "reportedCurrency": "USD",
        "cik": "0000850209",
        "fillingDate": "1988-04-30",
        "acceptedDate": "1988-04-29 20:00:00",
        "calendarYear": "1988",
        "period": "Q1",
        "revenue": 1721000000,
        "costOfRevenue": 0,
        "grossProfit": 1721000000,
        "grossProfitRatio": 1,
        "researchAndDevelopmentExpenses": 0,
        "generalAndAdministrativeExpenses": 0,
        "sellingAndMarketingExpenses": 0,
        "sellingGeneralAndAdministrativeExpenses": 0,
        "otherExpenses": 0,
        "operatingExpenses": 0,
        "costAndExpenses": 0,
        "interestIncome": 0,
        "interestExpense": 0,
        "depreciationAndAmortization": 0,
        "ebitda": 1721000000,
        "ebitdaratio": 1,
        "operatingIncome": 1721000000,
        "operatingIncomeRatio": 1,
        "totalOtherIncomeExpensesNet": -1721000000,
        "incomeBeforeTax": 0,
        "incomeBeforeTaxRatio": 0,
        "incomeTaxExpense": 0,
        "netIncome": 35000000,
        "netIncomeRatio": 0.0203370134,
        "eps": 0.27,
        "epsdiluted": 0.27,
        "weightedAverageShsOut": 131354000,
        "weightedAverageShsOutDil": 131354000,
        "link": "",
        "finalLink": ""
    },
    {
        "date": "1988-01-31",
        "symbol": "FL",
        "reportedCurrency": "USD",
        "cik": "0000850209",
        "fillingDate": "1988-01-31",
        "acceptedDate": "1988-01-30 19:00:00",
        "calendarYear": "1987",
        "period": "Q4",
        "revenue": 1783500000,
        "costOfRevenue": 0,
        "grossProfit": 1783500000,
        "grossProfitRatio": 1,
        "researchAndDevelopmentExpenses": 0,
        "generalAndAdministrativeExpenses": 0,
        "sellingAndMarketingExpenses": 0,
        "sellingGeneralAndAdministrativeExpenses": 0,
        "otherExpenses": -6720000000,
        "operatingExpenses": -6720000000,
        "costAndExpenses": -6720000000,
        "interestIncome": 0,
        "interestExpense": 0,
        "depreciationAndAmortization": 0,
        "ebitda": -4936500000,
        "ebitdaratio": -2.7678721615,
        "operatingIncome": -4936500000,
        "operatingIncomeRatio": -2.7678721615,
        "totalOtherIncomeExpensesNet": 4936500000,
        "incomeBeforeTax": 0,
        "incomeBeforeTaxRatio": 0,
        "incomeTaxExpense": 0,
        "netIncome": 62800000,
        "netIncomeRatio": 0.0352116625,
        "eps": 0.4915004852,
        "epsdiluted": 0.4915004852,
        "weightedAverageShsOut": 127772000,
        "weightedAverageShsOutDil": 127772000,
        "link": "",
        "finalLink": ""
    },
    {
        "date": "1987-10-31",
        "symbol": "FL",
        "reportedCurrency": "USD",
        "cik": "0000850209",
        "fillingDate": "1987-10-31",
        "acceptedDate": "1987-10-30 19:00:00",
        "calendarYear": "1987",
        "period": "Q3",
        "revenue": 1783500000,
        "costOfRevenue": 0,
        "grossProfit": 1783500000,
        "grossProfitRatio": 1,
        "researchAndDevelopmentExpenses": 0,
        "generalAndAdministrativeExpenses": 0,
        "sellingAndMarketingExpenses": 0,
        "sellingGeneralAndAdministrativeExpenses": 0,
        "otherExpenses": 0,
        "operatingExpenses": 0,
        "costAndExpenses": 0,
        "interestIncome": 0,
        "interestExpense": 0,
        "depreciationAndAmortization": 0,
        "ebitda": 1783500000,
        "ebitdaratio": 1,
        "operatingIncome": 1783500000,
        "operatingIncomeRatio": 1,
        "totalOtherIncomeExpensesNet": -1783500000,
        "incomeBeforeTax": 0,
        "incomeBeforeTaxRatio": 0,
        "incomeTaxExpense": 0,
        "netIncome": 62800000,
        "netIncomeRatio": 0.0352116625,
        "eps": 0.48,
        "epsdiluted": 0.48,
        "weightedAverageShsOut": 127772000,
        "weightedAverageShsOutDil": 127772000,
        "link": "",
        "finalLink": ""
    },
    {
        "date": "1987-07-31",
        "symbol": "FL",
        "reportedCurrency": "USD",
        "cik": "0000850209",
        "fillingDate": "1987-07-31",
        "acceptedDate": "1987-07-30 20:00:00",
        "calendarYear": "1987",
        "period": "Q2",
        "revenue": 1783500000,
        "costOfRevenue": 0,
        "grossProfit": 1783500000,
        "grossProfitRatio": 1,
        "researchAndDevelopmentExpenses": 0,
        "generalAndAdministrativeExpenses": 0,
        "sellingAndMarketingExpenses": 0,
        "sellingGeneralAndAdministrativeExpenses": 0,
        "otherExpenses": 0,
        "operatingExpenses": 0,
        "costAndExpenses": 0,
        "interestIncome": 0,
        "interestExpense": 0,
        "depreciationAndAmortization": 0,
        "ebitda": 1783500000,
        "ebitdaratio": 1,
        "operatingIncome": 1783500000,
        "operatingIncomeRatio": 1,
        "totalOtherIncomeExpensesNet": -1783500000,
        "incomeBeforeTax": 0,
        "incomeBeforeTaxRatio": 0,
        "incomeTaxExpense": 0,
        "netIncome": 62700000,
        "netIncomeRatio": 0.0351555929,
        "eps": 0.48,
        "epsdiluted": 0.48,
        "weightedAverageShsOut": 127772000,
        "weightedAverageShsOutDil": 127772000,
        "link": "",
        "finalLink": ""
    },
    {
        "date": "1987-04-30",
        "symbol": "FL",
        "reportedCurrency": "USD",
        "cik": "0000850209",
        "fillingDate": "1987-04-30",
        "acceptedDate": "1987-04-29 20:00:00",
        "calendarYear": "1987",
        "period": "Q1",
        "revenue": 1783500000,
        "costOfRevenue": 0,
        "grossProfit": 1783500000,
        "grossProfitRatio": 1,
        "researchAndDevelopmentExpenses": 0,
        "generalAndAdministrativeExpenses": 0,
        "sellingAndMarketingExpenses": 0,
        "sellingGeneralAndAdministrativeExpenses": 0,
        "otherExpenses": 0,
        "operatingExpenses": 0,
        "costAndExpenses": 0,
        "interestIncome": 0,
        "interestExpense": 0,
        "depreciationAndAmortization": 0,
        "ebitda": 1783500000,
        "ebitdaratio": 1,
        "operatingIncome": 1783500000,
        "operatingIncomeRatio": 1,
        "totalOtherIncomeExpensesNet": -1783500000,
        "incomeBeforeTax": 0,
        "incomeBeforeTaxRatio": 0,
        "incomeTaxExpense": 0,
        "netIncome": 62700000,
        "netIncomeRatio": 0.0351555929,
        "eps": 0.48,
        "epsdiluted": 0.48,
        "weightedAverageShsOut": 127772000,
        "weightedAverageShsOutDil": 127772000,
        "link": "",
        "finalLink": ""
    },
    {
        "date": "1987-01-31",
        "symbol": "FL",
        "reportedCurrency": "USD",
        "cik": "0000850209",
        "fillingDate": "1987-01-31",
        "acceptedDate": "1987-01-30 19:00:00",
        "calendarYear": "1986",
        "period": "Q4",
        "revenue": 2020000000,
        "costOfRevenue": 0,
        "grossProfit": 2020000000,
        "grossProfitRatio": 1,
        "researchAndDevelopmentExpenses": 0,
        "generalAndAdministrativeExpenses": 0,
        "sellingAndMarketingExpenses": 0,
        "sellingGeneralAndAdministrativeExpenses": 0,
        "otherExpenses": -6101000000,
        "operatingExpenses": -6101000000,
        "costAndExpenses": -6101000000,
        "interestIncome": 0,
        "interestExpense": 0,
        "depreciationAndAmortization": 0,
        "ebitda": -4081000000,
        "ebitdaratio": -2.0202970297,
        "operatingIncome": -4081000000,
        "operatingIncomeRatio": -2.0202970297,
        "totalOtherIncomeExpensesNet": 4081000000,
        "incomeBeforeTax": 0,
        "incomeBeforeTaxRatio": 0,
        "incomeTaxExpense": 0,
        "netIncome": 117000000,
        "netIncomeRatio": 0.0579207921,
        "eps": 0.8937164856,
        "epsdiluted": 0.8937164856,
        "weightedAverageShsOut": 130914000,
        "weightedAverageShsOutDil": 130914000,
        "link": "",
        "finalLink": ""
    },
    {
        "date": "1986-10-31",
        "symbol": "FL",
        "reportedCurrency": "USD",
        "cik": "0000850209",
        "fillingDate": "1986-10-31",
        "acceptedDate": "1986-10-30 19:00:00",
        "calendarYear": "1986",
        "period": "Q3",
        "revenue": 1601000000,
        "costOfRevenue": 0,
        "grossProfit": 1601000000,
        "grossProfitRatio": 1,
        "researchAndDevelopmentExpenses": 0,
        "generalAndAdministrativeExpenses": 0,
        "sellingAndMarketingExpenses": 0,
        "sellingGeneralAndAdministrativeExpenses": 0,
        "otherExpenses": 0,
        "operatingExpenses": 0,
        "costAndExpenses": 0,
        "interestIncome": 0,
        "interestExpense": 0,
        "depreciationAndAmortization": 0,
        "ebitda": 1601000000,
        "ebitdaratio": 1,
        "operatingIncome": 1601000000,
        "operatingIncomeRatio": 1,
        "totalOtherIncomeExpensesNet": -1601000000,
        "incomeBeforeTax": 0,
        "incomeBeforeTaxRatio": 0,
        "incomeTaxExpense": 0,
        "netIncome": 49000000,
        "netIncomeRatio": 0.0306058713,
        "eps": 0.37,
        "epsdiluted": 0.37,
        "weightedAverageShsOut": 130914000,
        "weightedAverageShsOutDil": 130914000,
        "link": "",
        "finalLink": ""
    },
    {
        "date": "1986-07-31",
        "symbol": "FL",
        "reportedCurrency": "USD",
        "cik": "0000850209",
        "fillingDate": "1986-07-31",
        "acceptedDate": "1986-07-30 20:00:00",
        "calendarYear": "1986",
        "period": "Q2",
        "revenue": 1515000000,
        "costOfRevenue": 0,
        "grossProfit": 1515000000,
        "grossProfitRatio": 1,
        "researchAndDevelopmentExpenses": 0,
        "generalAndAdministrativeExpenses": 0,
        "sellingAndMarketingExpenses": 0,
        "sellingGeneralAndAdministrativeExpenses": 0,
        "otherExpenses": 0,
        "operatingExpenses": 0,
        "costAndExpenses": 0,
        "interestIncome": 0,
        "interestExpense": 0,
        "depreciationAndAmortization": 0,
        "ebitda": 1515000000,
        "ebitdaratio": 1,
        "operatingIncome": 1515000000,
        "operatingIncomeRatio": 1,
        "totalOtherIncomeExpensesNet": -1515000000,
        "incomeBeforeTax": 0,
        "incomeBeforeTaxRatio": 0,
        "incomeTaxExpense": 0,
        "netIncome": 35000000,
        "netIncomeRatio": 0.0231023102,
        "eps": 0.27,
        "epsdiluted": 0.27,
        "weightedAverageShsOut": 129116000,
        "weightedAverageShsOutDil": 129116000,
        "link": "",
        "finalLink": ""
    },
    {
        "date": "1986-04-30",
        "symbol": "FL",
        "reportedCurrency": "USD",
        "cik": "0000850209",
        "fillingDate": "1986-04-30",
        "acceptedDate": "1986-04-29 20:00:00",
        "calendarYear": "1986",
        "period": "Q1",
        "revenue": 1365000000,
        "costOfRevenue": 0,
        "grossProfit": 1365000000,
        "grossProfitRatio": 1,
        "researchAndDevelopmentExpenses": 0,
        "generalAndAdministrativeExpenses": 0,
        "sellingAndMarketingExpenses": 0,
        "sellingGeneralAndAdministrativeExpenses": 0,
        "otherExpenses": 0,
        "operatingExpenses": 0,
        "costAndExpenses": 0,
        "interestIncome": 0,
        "interestExpense": 0,
        "depreciationAndAmortization": 0,
        "ebitda": 1365000000,
        "ebitdaratio": 1,
        "operatingIncome": 1365000000,
        "operatingIncomeRatio": 1,
        "totalOtherIncomeExpensesNet": -1365000000,
        "incomeBeforeTax": 0,
        "incomeBeforeTaxRatio": 0,
        "incomeTaxExpense": 0,
        "netIncome": 13000000,
        "netIncomeRatio": 0.0095238095,
        "eps": 0.1,
        "epsdiluted": 0.1,
        "weightedAverageShsOut": 127832000,
        "weightedAverageShsOutDil": 127832000,
        "link": "",
        "finalLink": ""
    },
    {
        "date": "1986-01-31",
        "symbol": "FL",
        "reportedCurrency": "USD",
        "cik": "0000850209",
        "fillingDate": "1986-01-31",
        "acceptedDate": "1986-01-30 19:00:00",
        "calendarYear": "1985",
        "period": "Q4",
        "revenue": 1852000000,
        "costOfRevenue": 0,
        "grossProfit": 1852000000,
        "grossProfitRatio": 1,
        "researchAndDevelopmentExpenses": 0,
        "generalAndAdministrativeExpenses": 0,
        "sellingAndMarketingExpenses": 0,
        "sellingGeneralAndAdministrativeExpenses": 0,
        "otherExpenses": -5608000000,
        "operatingExpenses": -5608000000,
        "costAndExpenses": -5608000000,
        "interestIncome": 0,
        "interestExpense": 0,
        "depreciationAndAmortization": 0,
        "ebitda": -3756000000,
        "ebitdaratio": -2.0280777538,
        "operatingIncome": -3756000000,
        "operatingIncomeRatio": -2.0280777538,
        "totalOtherIncomeExpensesNet": 3756000000,
        "incomeBeforeTax": 0,
        "incomeBeforeTaxRatio": 0,
        "incomeTaxExpense": 0,
        "netIncome": 106000000,
        "netIncomeRatio": 0.0572354212,
        "eps": 0.8400164833,
        "epsdiluted": 0.8400164833,
        "weightedAverageShsOut": 126188000,
        "weightedAverageShsOutDil": 126188000,
        "link": "",
        "finalLink": ""
    },
    {
        "date": "1985-10-31",
        "symbol": "FL",
        "reportedCurrency": "USD",
        "cik": "0000850209",
        "fillingDate": "1985-10-31",
        "acceptedDate": "1985-10-30 19:00:00",
        "calendarYear": "1985",
        "period": "Q3",
        "revenue": 1470000000,
        "costOfRevenue": 0,
        "grossProfit": 1470000000,
        "grossProfitRatio": 1,
        "researchAndDevelopmentExpenses": 0,
        "generalAndAdministrativeExpenses": 0,
        "sellingAndMarketingExpenses": 0,
        "sellingGeneralAndAdministrativeExpenses": 0,
        "otherExpenses": 0,
        "operatingExpenses": 0,
        "costAndExpenses": 0,
        "interestIncome": 0,
        "interestExpense": 0,
        "depreciationAndAmortization": 0,
        "ebitda": 1470000000,
        "ebitdaratio": 1,
        "operatingIncome": 1470000000,
        "operatingIncomeRatio": 1,
        "totalOtherIncomeExpensesNet": -1470000000,
        "incomeBeforeTax": 0,
        "incomeBeforeTaxRatio": 0,
        "incomeTaxExpense": 0,
        "netIncome": 38000000,
        "netIncomeRatio": 0.0258503401,
        "eps": 0.3,
        "epsdiluted": 0.3,
        "weightedAverageShsOut": 126188000,
        "weightedAverageShsOutDil": 126188000,
        "link": "",
        "finalLink": ""
    }
]