[
    {
        "date": "2025-05-31",
        "symbol": "FLC",
        "reportedCurrency": "USD",
        "cik": "0001245648",
        "fillingDate": "2025-05-31",
        "acceptedDate": "2025-05-31 00:00:00",
        "calendarYear": "2025",
        "period": "Q2",
        "revenue": 10531173,
        "costOfRevenue": 1093628,
        "grossProfit": 10531173,
        "grossProfitRatio": 1,
        "researchAndDevelopmentExpenses": 0,
        "generalAndAdministrativeExpenses": 1231279,
        "sellingAndMarketingExpenses": 44184,
        "sellingGeneralAndAdministrativeExpenses": 1275463,
        "otherExpenses": 0,
        "operatingExpenses": 1275463,
        "costAndExpenses": 1275463,
        "interestIncome": 0,
        "interestExpense": 3152726,
        "depreciationAndAmortization": -9255710,
        "ebitda": 0,
        "ebitdaratio": 0,
        "operatingIncome": 9255710,
        "operatingIncomeRatio": 0.8788869008,
        "totalOtherIncomeExpensesNet": -7441122,
        "incomeBeforeTax": 1814588,
        "incomeBeforeTaxRatio": 0.1723063518,
        "incomeTaxExpense": 0,
        "netIncome": 1814588,
        "netIncomeRatio": 0.1723063518,
        "eps": 0.17,
        "epsdiluted": 0.17,
        "weightedAverageShsOut": 10456852,
        "weightedAverageShsOutDil": 10456821,
        "link": null,
        "finalLink": null
    },
    {
        "date": "2024-11-30",
        "symbol": "FLC",
        "reportedCurrency": "USD",
        "cik": "0001245648",
        "fillingDate": "2024-11-30",
        "acceptedDate": "2024-11-30 00:00:00",
        "calendarYear": "2024",
        "period": "Q4",
        "revenue": 10760174,
        "costOfRevenue": 1092783,
        "grossProfit": 9667391,
        "grossProfitRatio": 0.8984418839,
        "researchAndDevelopmentExpenses": 0,
        "generalAndAdministrativeExpenses": 1232682,
        "sellingAndMarketingExpenses": 44373,
        "sellingGeneralAndAdministrativeExpenses": 1277055,
        "otherExpenses": -11330586,
        "operatingExpenses": -10053531,
        "costAndExpenses": -8960748,
        "interestIncome": 0,
        "interestExpense": 0,
        "depreciationAndAmortization": -9237109,
        "ebitda": 19720922,
        "ebitdaratio": 1.8327698047,
        "operatingIncome": 19720922,
        "operatingIncomeRatio": 1.8327698047,
        "totalOtherIncomeExpensesNet": -3623677,
        "incomeBeforeTax": 16097245,
        "incomeBeforeTaxRatio": 1.4960022951,
        "incomeTaxExpense": 0,
        "netIncome": 16097245,
        "netIncomeRatio": 1.4960022951,
        "eps": 1.54,
        "epsdiluted": 1.54,
        "weightedAverageShsOut": 10456821,
        "weightedAverageShsOutDil": 10456821,
        "link": null,
        "finalLink": null
    },
    {
        "date": "2024-05-31",
        "symbol": "FLC",
        "reportedCurrency": "USD",
        "cik": "0001245648",
        "fillingDate": "2024-05-31",
        "acceptedDate": "2024-05-29 20:00:00",
        "calendarYear": "2024",
        "period": "Q2",
        "revenue": 9481469,
        "costOfRevenue": 1064736,
        "grossProfit": 10356303,
        "grossProfitRatio": 1.0922677699,
        "researchAndDevelopmentExpenses": 0,
        "generalAndAdministrativeExpenses": 1204696,
        "sellingAndMarketingExpenses": 49794,
        "sellingGeneralAndAdministrativeExpenses": 1254490,
        "otherExpenses": 0,
        "operatingExpenses": 1254490,
        "costAndExpenses": -12746970,
        "interestIncome": 0,
        "interestExpense": 0,
        "depreciationAndAmortization": -8983006,
        "ebitda": 0,
        "ebitdaratio": 0,
        "operatingIncome": 9101814,
        "operatingIncomeRatio": 0.959958209,
        "totalOtherIncomeExpensesNet": 9381938,
        "incomeBeforeTax": 18483752,
        "incomeBeforeTaxRatio": 1.949460785,
        "incomeTaxExpense": 0,
        "netIncome": 18483752,
        "netIncomeRatio": 1.949460785,
        "eps": 1.77,
        "epsdiluted": 1.77,
        "weightedAverageShsOut": 10456821,
        "weightedAverageShsOutDil": 10456821,
        "link": null,
        "finalLink": null
    },
    {
        "date": "2023-11-30",
        "symbol": "FLC",
        "reportedCurrency": "USD",
        "cik": "0001245648",
        "fillingDate": "2023-11-30",
        "acceptedDate": "2023-11-29 19:00:00",
        "calendarYear": "2023",
        "period": "Q4",
        "revenue": 10120028,
        "costOfRevenue": 1014925,
        "grossProfit": 10120028,
        "grossProfitRatio": 1,
        "researchAndDevelopmentExpenses": 0,
        "generalAndAdministrativeExpenses": 1143206,
        "sellingAndMarketingExpenses": 47240,
        "sellingGeneralAndAdministrativeExpenses": 1190446,
        "otherExpenses": 0,
        "operatingExpenses": 1190447,
        "costAndExpenses": 1190447,
        "interestIncome": 3693352,
        "interestExpense": 0,
        "depreciationAndAmortization": -8929580,
        "ebitda": 0,
        "ebitdaratio": 0,
        "operatingIncome": 8929580,
        "operatingIncomeRatio": 0.8823671239,
        "totalOtherIncomeExpensesNet": 1567294,
        "incomeBeforeTax": 10496874,
        "incomeBeforeTaxRatio": 1.037237644,
        "incomeTaxExpense": 0,
        "netIncome": 10496874,
        "netIncomeRatio": 1.037237644,
        "eps": 1,
        "epsdiluted": 1,
        "weightedAverageShsOut": 20913648,
        "weightedAverageShsOutDil": 20913642,
        "link": null,
        "finalLink": null
    },
    {
        "date": "2023-05-31",
        "symbol": "FLC",
        "reportedCurrency": "USD",
        "cik": "0001245648",
        "fillingDate": "2023-05-31",
        "acceptedDate": "2023-05-31 00:00:00",
        "calendarYear": "2023",
        "period": "Q2",
        "revenue": 10019210,
        "costOfRevenue": 0,
        "grossProfit": 10019210,
        "grossProfitRatio": 1,
        "researchAndDevelopmentExpenses": 0,
        "generalAndAdministrativeExpenses": 1191390,
        "sellingAndMarketingExpenses": 45628,
        "sellingGeneralAndAdministrativeExpenses": 1237018,
        "otherExpenses": 0,
        "operatingExpenses": 15158184,
        "costAndExpenses": 15158184,
        "interestIncome": 3251946,
        "interestExpense": 0,
        "depreciationAndAmortization": -8782194,
        "ebitda": 0,
        "ebitdaratio": 0,
        "operatingIncome": 8782194,
        "operatingIncomeRatio": 0.8765355752,
        "totalOtherIncomeExpensesNet": -17173116,
        "incomeBeforeTax": -8390922,
        "incomeBeforeTaxRatio": -0.8374833944,
        "incomeTaxExpense": 0,
        "netIncome": -8390922,
        "netIncomeRatio": -0.8374833944,
        "eps": -0.78,
        "epsdiluted": -0.8,
        "weightedAverageShsOut": 10760521,
        "weightedAverageShsOutDil": 10446955,
        "link": null,
        "finalLink": null
    },
    {
        "date": "2022-11-30",
        "symbol": "FLC",
        "reportedCurrency": "USD",
        "cik": "0001245648",
        "fillingDate": "2022-11-30",
        "acceptedDate": "2022-11-30 00:00:00",
        "calendarYear": "2022",
        "period": "Q4",
        "revenue": 11522257,
        "costOfRevenue": 1078181,
        "grossProfit": 10444076,
        "grossProfitRatio": 0.9064262323,
        "researchAndDevelopmentExpenses": 0,
        "generalAndAdministrativeExpenses": 603328,
        "sellingAndMarketingExpenses": 22246,
        "sellingGeneralAndAdministrativeExpenses": 625574,
        "otherExpenses": -0.9689763038613007,
        "operatingExpenses": 9569835,
        "costAndExpenses": 20732988,
        "interestIncome": 977031,
        "interestExpense": 1954063,
        "depreciationAndAmortization": -4338895,
        "ebitda": -9210731,
        "ebitdaratio": -0.7993860057,
        "operatingIncome": -9210730,
        "operatingIncomeRatio": -0.7993859189,
        "totalOtherIncomeExpensesNet": -1954063,
        "incomeBeforeTax": -11164794,
        "incomeBeforeTaxRatio": -0.9689763039,
        "incomeTaxExpense": -1.0677,
        "netIncome": -11164794,
        "netIncomeRatio": -0.9689763039,
        "eps": -1.07,
        "epsdiluted": -1.07,
        "weightedAverageShsOut": 10456821,
        "weightedAverageShsOutDil": 10456821,
        "link": null,
        "finalLink": null
    },
    {
        "date": "2022-05-31",
        "symbol": "FLC",
        "reportedCurrency": "USD",
        "cik": "0001245648",
        "fillingDate": "2022-05-31",
        "acceptedDate": "2022-05-31 00:00:00",
        "calendarYear": "2022",
        "period": "Q2",
        "revenue": 9896913,
        "costOfRevenue": 1174436,
        "grossProfit": 8722477,
        "grossProfitRatio": 0.8813330985,
        "researchAndDevelopmentExpenses": 0,
        "generalAndAdministrativeExpenses": 656101,
        "sellingAndMarketingExpenses": 22125,
        "sellingGeneralAndAdministrativeExpenses": 678226,
        "otherExpenses": -33636355,
        "operatingExpenses": 17338684,
        "costAndExpenses": 34810787,
        "interestIncome": 329942,
        "interestExpense": 0,
        "depreciationAndAmortization": -4203521,
        "ebitda": -24913880,
        "ebitdaratio": -2.5173384873,
        "operatingIncome": -24913880,
        "operatingIncomeRatio": -2.5173384873,
        "totalOtherIncomeExpensesNet": 12126995,
        "incomeBeforeTax": -25573757,
        "incomeBeforeTaxRatio": -2.5840135202,
        "incomeTaxExpense": 4203521,
        "netIncome": -25573757,
        "netIncomeRatio": -2.5840135202,
        "eps": -2.45,
        "epsdiluted": -2.45,
        "weightedAverageShsOut": 10421806,
        "weightedAverageShsOutDil": 10421806,
        "link": null,
        "finalLink": null
    },
    {
        "date": "2021-11-30",
        "symbol": "FLC",
        "reportedCurrency": "USD",
        "cik": "0001245648",
        "fillingDate": "2021-11-30",
        "acceptedDate": "2021-11-30 00:00:00",
        "calendarYear": "2021",
        "period": "Q4",
        "revenue": 10091032,
        "costOfRevenue": 1216300,
        "grossProfit": 8874732,
        "grossProfitRatio": 0.8794672339,
        "researchAndDevelopmentExpenses": 0,
        "generalAndAdministrativeExpenses": 673156,
        "sellingAndMarketingExpenses": 22251,
        "sellingGeneralAndAdministrativeExpenses": 695407,
        "otherExpenses": 0,
        "operatingExpenses": 2611285,
        "costAndExpenses": 5670144,
        "interestIncome": 265374,
        "interestExpense": 0,
        "depreciationAndAmortization": -4126323,
        "ebitda": 294565,
        "ebitdaratio": 0.0291907706,
        "operatingIncome": 4420890,
        "operatingIncomeRatio": 0.4381008801,
        "totalOtherIncomeExpensesNet": -530749,
        "incomeBeforeTax": 3890141,
        "incomeBeforeTaxRatio": 0.385504773,
        "incomeTaxExpense": 4126323,
        "netIncome": 3890141,
        "netIncomeRatio": 0.385504773,
        "eps": 0.37,
        "epsdiluted": 0.37,
        "weightedAverageShsOut": 10398218,
        "weightedAverageShsOutDil": 10398218,
        "link": null,
        "finalLink": null
    },
    {
        "date": "2021-05-31",
        "symbol": "FLC",
        "reportedCurrency": "USD",
        "cik": "0001245648",
        "fillingDate": "2021-05-31",
        "acceptedDate": "2021-05-31 00:00:00",
        "calendarYear": "2021",
        "period": "Q2",
        "revenue": 10084900,
        "costOfRevenue": 1182695,
        "grossProfit": 8902205,
        "grossProfitRatio": 0.8827261549,
        "researchAndDevelopmentExpenses": 0,
        "generalAndAdministrativeExpenses": 662866,
        "sellingAndMarketingExpenses": 22150,
        "sellingGeneralAndAdministrativeExpenses": 685016,
        "otherExpenses": 0,
        "operatingExpenses": 2343540,
        "costAndExpenses": -3953217,
        "interestIncome": 252988,
        "interestExpense": 0,
        "depreciationAndAmortization": -3990503,
        "ebitda": 14038110,
        "ebitdaratio": 1.3919929796,
        "operatingIncome": 14038110,
        "operatingIncomeRatio": 1.3919929796,
        "totalOtherIncomeExpensesNet": -505976,
        "incomeBeforeTax": 13532141,
        "incomeBeforeTaxRatio": 1.341822031,
        "incomeTaxExpense": 3990503,
        "netIncome": 13532141,
        "netIncomeRatio": 1.341822031,
        "eps": 1.34,
        "epsdiluted": 1.34,
        "weightedAverageShsOut": 10098612,
        "weightedAverageShsOutDil": 10098612,
        "link": null,
        "finalLink": null
    },
    {
        "date": "2020-11-30",
        "symbol": "FLC",
        "reportedCurrency": "USD",
        "cik": "0001245648",
        "fillingDate": "2020-11-30",
        "acceptedDate": "2020-11-30 00:00:00",
        "calendarYear": "2020",
        "period": "Q4",
        "revenue": 10136622,
        "costOfRevenue": 1113599,
        "grossProfit": 9023023,
        "grossProfitRatio": 0.8901410154,
        "researchAndDevelopmentExpenses": 0,
        "generalAndAdministrativeExpenses": 616014,
        "sellingAndMarketingExpenses": 22386,
        "sellingGeneralAndAdministrativeExpenses": 638400,
        "otherExpenses": 0,
        "operatingExpenses": 11093733,
        "costAndExpenses": -21524875,
        "interestIncome": 265147,
        "interestExpense": 0,
        "depreciationAndAmortization": -4098616,
        "ebitda": 31661500,
        "ebitdaratio": 3.1234764402,
        "operatingIncome": 31661500,
        "operatingIncomeRatio": 3.1234764402,
        "totalOtherIncomeExpensesNet": -530294,
        "incomeBeforeTax": 31131203,
        "incomeBeforeTaxRatio": 3.0711614777,
        "incomeTaxExpense": 0,
        "netIncome": 31131203,
        "netIncomeRatio": 3.0711614777,
        "eps": 3.11,
        "epsdiluted": 3.11,
        "weightedAverageShsOut": 10008848,
        "weightedAverageShsOutDil": 10008848,
        "link": null,
        "finalLink": null
    },
    {
        "date": "2020-05-31",
        "symbol": "FLC",
        "reportedCurrency": "USD",
        "cik": "0001245648",
        "fillingDate": "2020-05-31",
        "acceptedDate": "2020-05-31 00:00:00",
        "calendarYear": "2020",
        "period": "Q2",
        "revenue": 9132636,
        "costOfRevenue": 1110321,
        "grossProfit": 8022315,
        "grossProfitRatio": 0.8784227248,
        "researchAndDevelopmentExpenses": 0,
        "generalAndAdministrativeExpenses": 620703,
        "sellingAndMarketingExpenses": 20898,
        "sellingGeneralAndAdministrativeExpenses": 641601,
        "otherExpenses": 0,
        "operatingExpenses": 11090527,
        "costAndExpenses": 22863945,
        "interestIncome": 560467,
        "interestExpense": 0,
        "depreciationAndAmortization": -4143738,
        "ebitda": -13731309,
        "ebitdaratio": -1.5035427887,
        "operatingIncome": -12610380,
        "operatingIncomeRatio": -1.380803965,
        "totalOtherIncomeExpensesNet": 6865654,
        "incomeBeforeTax": -13731309,
        "incomeBeforeTaxRatio": -1.5035427887,
        "incomeTaxExpense": 4143738,
        "netIncome": -13731309,
        "netIncomeRatio": -1.5035427887,
        "eps": -1.37,
        "epsdiluted": -1.37,
        "weightedAverageShsOut": 9991053,
        "weightedAverageShsOutDil": 9991053,
        "link": null,
        "finalLink": null
    },
    {
        "date": "2019-11-30",
        "symbol": "FLC",
        "reportedCurrency": "USD",
        "cik": "0001245648",
        "fillingDate": "2019-11-30",
        "acceptedDate": "2019-11-30 00:00:00",
        "calendarYear": "2019",
        "period": "Q4",
        "revenue": 10572445,
        "costOfRevenue": 1135739,
        "grossProfit": 9436706,
        "grossProfitRatio": 0.8925755584,
        "researchAndDevelopmentExpenses": 0,
        "generalAndAdministrativeExpenses": 633765,
        "sellingAndMarketingExpenses": 16565,
        "sellingGeneralAndAdministrativeExpenses": 650330,
        "otherExpenses": 1.8466491904190563,
        "operatingExpenses": 5775638,
        "costAndExpenses": 21142960,
        "interestIncome": 809681,
        "interestExpense": 0,
        "depreciationAndAmortization": 19523597,
        "ebitda": 19523597,
        "ebitdaratio": 1.8466491904,
        "operatingIncome": 19523597,
        "operatingIncomeRatio": 1.8466491904,
        "totalOtherIncomeExpensesNet": 15378086,
        "incomeBeforeTax": 1.9571,
        "incomeBeforeTaxRatio": 1.851e-07,
        "incomeTaxExpense": 1.9571,
        "netIncome": 9975684,
        "netIncomeRatio": 0.9435550622,
        "eps": 1,
        "epsdiluted": 1,
        "weightedAverageShsOut": 9975687,
        "weightedAverageShsOutDil": 9975684,
        "link": null,
        "finalLink": null
    },
    {
        "date": "2019-05-31",
        "symbol": "FLC",
        "reportedCurrency": "USD",
        "cik": "0001245648",
        "fillingDate": "2019-05-31",
        "acceptedDate": "2019-05-31 00:00:00",
        "calendarYear": "2019",
        "period": "Q2",
        "revenue": 2080202,
        "costOfRevenue": 1089615,
        "grossProfit": 990587,
        "grossProfitRatio": 0.4761975039,
        "researchAndDevelopmentExpenses": 0,
        "generalAndAdministrativeExpenses": 613024,
        "sellingAndMarketingExpenses": 31396,
        "sellingGeneralAndAdministrativeExpenses": 644420,
        "otherExpenses": 21186025,
        "operatingExpenses": -21186025,
        "costAndExpenses": -18318384,
        "interestIncome": 889012,
        "interestExpense": 0,
        "depreciationAndAmortization": -4117871,
        "ebitda": 22176610,
        "ebitdaratio": 10.6607964034,
        "operatingIncome": 22176610,
        "operatingIncomeRatio": 10.6607964034,
        "totalOtherIncomeExpensesNet": 0,
        "incomeBeforeTax": 20398586,
        "incomeBeforeTaxRatio": 9.8060601807,
        "incomeTaxExpense": 4117871,
        "netIncome": 20398586,
        "netIncomeRatio": 9.8060601807,
        "eps": 2.05,
        "epsdiluted": 2.05,
        "weightedAverageShsOut": 9958104,
        "weightedAverageShsOutDil": 9958104,
        "link": null,
        "finalLink": null
    },
    {
        "date": "2018-11-30",
        "symbol": "FLC",
        "reportedCurrency": "USD",
        "cik": "0001245648",
        "fillingDate": "2018-11-30",
        "acceptedDate": "2018-11-30 00:00:00",
        "calendarYear": "2018",
        "period": "Q4",
        "revenue": 9508174,
        "costOfRevenue": 0,
        "grossProfit": 9508174,
        "grossProfitRatio": 1,
        "researchAndDevelopmentExpenses": 0,
        "generalAndAdministrativeExpenses": 1213498,
        "sellingAndMarketingExpenses": 25384,
        "sellingGeneralAndAdministrativeExpenses": 1238882,
        "otherExpenses": 0,
        "operatingExpenses": 15013640,
        "costAndExpenses": 15013640,
        "interestIncome": 1607758,
        "interestExpense": 0,
        "depreciationAndAmortization": -8269290,
        "ebitda": -14226450,
        "ebitdaratio": -1.4962336617,
        "operatingIncome": 8269290,
        "operatingIncomeRatio": 0.8697032679,
        "totalOtherIncomeExpensesNet": -22495740,
        "incomeBeforeTax": -7113224,
        "incomeBeforeTaxRatio": -0.7481167257,
        "incomeTaxExpense": -15382514,
        "netIncome": -7113224,
        "netIncomeRatio": -0.7481167257,
        "eps": -0.72,
        "epsdiluted": -0.72,
        "weightedAverageShsOut": 9958119,
        "weightedAverageShsOutDil": 9958104,
        "link": null,
        "finalLink": null
    },
    {
        "date": "2018-05-31",
        "symbol": "FLC",
        "reportedCurrency": "USD",
        "cik": "0001245648",
        "fillingDate": "2018-05-31",
        "acceptedDate": "2018-05-31 00:00:00",
        "calendarYear": "2018",
        "period": "Q2",
        "revenue": 9225394,
        "costOfRevenue": 0,
        "grossProfit": 9225394,
        "grossProfitRatio": 1,
        "researchAndDevelopmentExpenses": 0,
        "generalAndAdministrativeExpenses": 1266852,
        "sellingAndMarketingExpenses": 25248,
        "sellingGeneralAndAdministrativeExpenses": 1292100,
        "otherExpenses": 0,
        "operatingExpenses": 12198530,
        "costAndExpenses": 12198530,
        "interestIncome": 1338556,
        "interestExpense": 0,
        "depreciationAndAmortization": -7933296,
        "ebitda": -8623382,
        "ebitdaratio": -0.9347440337,
        "operatingIncome": 7933296,
        "operatingIncomeRatio": 0.8599411581,
        "totalOtherIncomeExpensesNet": -12244988,
        "incomeBeforeTax": -4311692,
        "incomeBeforeTaxRatio": -0.4673721252,
        "incomeTaxExpense": 0,
        "netIncome": -4311692,
        "netIncomeRatio": -0.4673721252,
        "eps": -0.44,
        "epsdiluted": -0.44,
        "weightedAverageShsOut": 9958132,
        "weightedAverageShsOutDil": 9958104,
        "link": null,
        "finalLink": null
    },
    {
        "date": "2017-11-30",
        "symbol": "FLC",
        "reportedCurrency": "USD",
        "cik": "0001245648",
        "fillingDate": "2017-11-30",
        "acceptedDate": "2017-11-29 19:00:00",
        "calendarYear": "2017",
        "period": "Q4",
        "revenue": 9406462,
        "costOfRevenue": 0,
        "grossProfit": 9406462,
        "grossProfitRatio": 1,
        "researchAndDevelopmentExpenses": 0,
        "generalAndAdministrativeExpenses": 1282136,
        "sellingAndMarketingExpenses": 44666,
        "sellingGeneralAndAdministrativeExpenses": 1326802,
        "otherExpenses": 0,
        "operatingExpenses": 1070674,
        "costAndExpenses": 1070674,
        "interestIncome": 1114602,
        "interestExpense": 0,
        "depreciationAndAmortization": -8079658,
        "ebitda": 1282876,
        "ebitdaratio": 0.1363824146,
        "operatingIncome": 8079658,
        "operatingIncomeRatio": 0.8589476043,
        "totalOtherIncomeExpensesNet": 1282874,
        "incomeBeforeTax": 9362534,
        "incomeBeforeTaxRatio": 0.9953300189,
        "incomeTaxExpense": 0,
        "netIncome": 9362534,
        "netIncomeRatio": 0.9953300189,
        "eps": 0.94,
        "epsdiluted": 0.94,
        "weightedAverageShsOut": 9958108,
        "weightedAverageShsOutDil": 9958104,
        "link": null,
        "finalLink": null
    },
    {
        "date": "2017-05-31",
        "symbol": "FLC",
        "reportedCurrency": "USD",
        "cik": "0001245648",
        "fillingDate": "2017-05-31",
        "acceptedDate": "2017-05-30 20:00:00",
        "calendarYear": "2017",
        "period": "Q2",
        "revenue": 9599140,
        "costOfRevenue": 0,
        "grossProfit": 9599140,
        "grossProfitRatio": 1,
        "researchAndDevelopmentExpenses": 0,
        "generalAndAdministrativeExpenses": 1272800,
        "sellingAndMarketingExpenses": 63392,
        "sellingGeneralAndAdministrativeExpenses": 1336192,
        "otherExpenses": 0,
        "operatingExpenses": 16263358,
        "costAndExpenses": 16263358,
        "interestIncome": 1016706,
        "interestExpense": 0,
        "depreciationAndAmortization": -8262950,
        "ebitda": 0,
        "ebitdaratio": 0,
        "operatingIncome": 8262950,
        "operatingIncomeRatio": 0.8608010718,
        "totalOtherIncomeExpensesNet": 41428636,
        "incomeBeforeTax": 24845794,
        "incomeBeforeTaxRatio": 2.5883354134,
        "incomeTaxExpense": 16582844,
        "netIncome": 24845794,
        "netIncomeRatio": 2.5883354134,
        "eps": 2.5,
        "epsdiluted": 2.5,
        "weightedAverageShsOut": 9951581,
        "weightedAverageShsOutDil": 9951581,
        "link": null,
        "finalLink": null
    },
    {
        "date": "2016-11-30",
        "symbol": "FLC",
        "reportedCurrency": "USD",
        "cik": "0001245648",
        "fillingDate": "2016-11-30",
        "acceptedDate": "2016-11-29 19:00:00",
        "calendarYear": "2016",
        "period": "Q4",
        "revenue": 9886596,
        "costOfRevenue": 0,
        "grossProfit": 9886596,
        "grossProfitRatio": 1,
        "researchAndDevelopmentExpenses": 0,
        "generalAndAdministrativeExpenses": 1231128,
        "sellingAndMarketingExpenses": 63740,
        "sellingGeneralAndAdministrativeExpenses": 1294868,
        "otherExpenses": 0,
        "operatingExpenses": 6123090,
        "costAndExpenses": 6123090,
        "interestIncome": 781326,
        "interestExpense": 0,
        "depreciationAndAmortization": -8591728,
        "ebitda": -2627368,
        "ebitdaratio": -0.2657505172,
        "operatingIncome": 8591728,
        "operatingIncomeRatio": 0.8690279243,
        "totalOtherIncomeExpensesNet": -5609548,
        "incomeBeforeTax": 2982180,
        "incomeBeforeTaxRatio": 0.3016387036,
        "incomeTaxExpense": -5609548,
        "netIncome": 2982180,
        "netIncomeRatio": 0.3016387036,
        "eps": 0.3,
        "epsdiluted": 0.3,
        "weightedAverageShsOut": 9936029,
        "weightedAverageShsOutDil": 9936000,
        "link": null,
        "finalLink": null
    },
    {
        "date": "2016-05-31",
        "symbol": "FLC",
        "reportedCurrency": "USD",
        "cik": "0001245648",
        "fillingDate": "2016-05-31",
        "acceptedDate": "2016-05-30 20:00:00",
        "calendarYear": "2016",
        "period": "Q2",
        "revenue": 10042130,
        "costOfRevenue": 0,
        "grossProfit": 10042130,
        "grossProfitRatio": 1,
        "researchAndDevelopmentExpenses": 0,
        "generalAndAdministrativeExpenses": 1260786,
        "sellingAndMarketingExpenses": 63738,
        "sellingGeneralAndAdministrativeExpenses": 1324524,
        "otherExpenses": 0,
        "operatingExpenses": 1520392,
        "costAndExpenses": 1520392,
        "interestIncome": 687916,
        "interestExpense": 0,
        "depreciationAndAmortization": -8717606,
        "ebitda": 0,
        "ebitdaratio": 0,
        "operatingIncome": 8717606,
        "operatingIncomeRatio": 0.8681032809,
        "totalOtherIncomeExpensesNet": -883784,
        "incomeBeforeTax": 7833822,
        "incomeBeforeTaxRatio": 0.780095657,
        "incomeTaxExpense": 0,
        "netIncome": 7833822,
        "netIncomeRatio": 0.780095657,
        "eps": 0.78,
        "epsdiluted": 0.78,
        "weightedAverageShsOut": 9916406,
        "weightedAverageShsOutDil": 9916405,
        "link": null,
        "finalLink": null
    },
    {
        "date": "2015-11-30",
        "symbol": "FLC",
        "reportedCurrency": "USD",
        "cik": "0001245648",
        "fillingDate": "2015-11-30",
        "acceptedDate": "2015-11-29 19:00:00",
        "calendarYear": "2015",
        "period": "Q4",
        "revenue": 10084440,
        "costOfRevenue": 0,
        "grossProfit": 10084440,
        "grossProfitRatio": 1,
        "researchAndDevelopmentExpenses": 0,
        "generalAndAdministrativeExpenses": 1229664,
        "sellingAndMarketingExpenses": 63740,
        "sellingGeneralAndAdministrativeExpenses": 1293404,
        "otherExpenses": 0,
        "operatingExpenses": 7110508,
        "costAndExpenses": 7110508,
        "interestIncome": 554276,
        "interestExpense": 0,
        "depreciationAndAmortization": -8791038,
        "ebitda": 0,
        "ebitdaratio": 0,
        "operatingIncome": 8791038,
        "operatingIncomeRatio": 0.8717428038,
        "totalOtherIncomeExpensesNet": -6371382,
        "incomeBeforeTax": 2419656,
        "incomeBeforeTaxRatio": 0.2399395504,
        "incomeTaxExpense": 0,
        "netIncome": 2419656,
        "netIncomeRatio": 0.2399395504,
        "eps": 0.24,
        "epsdiluted": 0.24,
        "weightedAverageShsOut": 9903148,
        "weightedAverageShsOutDil": 9903086,
        "link": null,
        "finalLink": null
    },
    {
        "date": "2015-05-31",
        "symbol": "FLC",
        "reportedCurrency": "USD",
        "cik": "0001245648",
        "fillingDate": "2015-05-31",
        "acceptedDate": "2015-05-30 20:00:00",
        "calendarYear": "2015",
        "period": "Q2",
        "revenue": 9916428,
        "costOfRevenue": 0,
        "grossProfit": 9916428,
        "grossProfitRatio": 1,
        "researchAndDevelopmentExpenses": 0,
        "generalAndAdministrativeExpenses": 1271564,
        "sellingAndMarketingExpenses": 63390,
        "sellingGeneralAndAdministrativeExpenses": 1334954,
        "otherExpenses": 0,
        "operatingExpenses": 2935932,
        "costAndExpenses": 2935932,
        "interestIncome": 524024,
        "interestExpense": 0,
        "depreciationAndAmortization": -8581474,
        "ebitda": 0,
        "ebitdaratio": 0,
        "operatingIncome": 8581474,
        "operatingIncomeRatio": 0.86537955,
        "totalOtherIncomeExpensesNet": -2125002,
        "incomeBeforeTax": 6456472,
        "incomeBeforeTaxRatio": 0.6510884766,
        "incomeTaxExpense": 0,
        "netIncome": 6456472,
        "netIncomeRatio": 0.6510884766,
        "eps": 0.66,
        "epsdiluted": 0.66,
        "weightedAverageShsOut": 9903111,
        "weightedAverageShsOutDil": 9903086,
        "link": null,
        "finalLink": null
    },
    {
        "date": "2014-11-30",
        "symbol": "FLC",
        "reportedCurrency": "USD",
        "cik": "0001245648",
        "fillingDate": "2014-11-30",
        "acceptedDate": "2014-11-29 19:00:00",
        "calendarYear": "2014",
        "period": "Q4",
        "revenue": 10089420,
        "costOfRevenue": 0,
        "grossProfit": 10089420,
        "grossProfitRatio": 1,
        "researchAndDevelopmentExpenses": 0,
        "generalAndAdministrativeExpenses": 1220400,
        "sellingAndMarketingExpenses": 63738,
        "sellingGeneralAndAdministrativeExpenses": 1284138,
        "otherExpenses": 0,
        "operatingExpenses": 995020,
        "costAndExpenses": 995020,
        "interestIncome": 513344,
        "interestExpense": 0,
        "depreciationAndAmortization": -8805282,
        "ebitda": 0,
        "ebitdaratio": 0,
        "operatingIncome": 8805282,
        "operatingIncomeRatio": 0.8727242993,
        "totalOtherIncomeExpensesNet": 1765812,
        "incomeBeforeTax": 10571094,
        "incomeBeforeTaxRatio": 1.0477405044,
        "incomeTaxExpense": 0,
        "netIncome": 10571094,
        "netIncomeRatio": 1.0477405044,
        "eps": 1.06,
        "epsdiluted": 1.06,
        "weightedAverageShsOut": 9900642,
        "weightedAverageShsOutDil": 9900625,
        "link": null,
        "finalLink": null
    },
    {
        "date": "2014-05-31",
        "symbol": "FLC",
        "reportedCurrency": "USD",
        "cik": "0001245648",
        "fillingDate": "2014-05-31",
        "acceptedDate": "2014-05-30 20:00:00",
        "calendarYear": "2014",
        "period": "Q2",
        "revenue": 10012354,
        "costOfRevenue": 0,
        "grossProfit": 10012354,
        "grossProfitRatio": 1,
        "researchAndDevelopmentExpenses": 0,
        "generalAndAdministrativeExpenses": 1221960,
        "sellingAndMarketingExpenses": 56364,
        "sellingGeneralAndAdministrativeExpenses": 1278324,
        "otherExpenses": 0,
        "operatingExpenses": 12147950,
        "costAndExpenses": 12147950,
        "interestIncome": 513028,
        "interestExpense": 0,
        "depreciationAndAmortization": -8734032,
        "ebitda": 0,
        "ebitdaratio": 0,
        "operatingIncome": 8734032,
        "operatingIncomeRatio": 0.872325529,
        "totalOtherIncomeExpensesNet": 12913246,
        "incomeBeforeTax": 21647278,
        "incomeBeforeTaxRatio": 2.162056795,
        "incomeTaxExpense": 0,
        "netIncome": 21647278,
        "netIncomeRatio": 2.162056795,
        "eps": 2.18,
        "epsdiluted": 2.18,
        "weightedAverageShsOut": 9900632,
        "weightedAverageShsOutDil": 9900625,
        "link": null,
        "finalLink": null
    },
    {
        "date": "2013-11-30",
        "symbol": "FLC",
        "reportedCurrency": "USD",
        "cik": "0001245648",
        "fillingDate": "2013-11-30",
        "acceptedDate": "2013-11-29 19:00:00",
        "calendarYear": "2013",
        "period": "Q4",
        "revenue": 10079098,
        "costOfRevenue": 0,
        "grossProfit": 10079098,
        "grossProfitRatio": 1,
        "researchAndDevelopmentExpenses": 0,
        "generalAndAdministrativeExpenses": 1191106,
        "sellingAndMarketingExpenses": 55900,
        "sellingGeneralAndAdministrativeExpenses": 1247006,
        "otherExpenses": 0,
        "operatingExpenses": 13786800,
        "costAndExpenses": 13786800,
        "interestIncome": 530490,
        "interestExpense": 0,
        "depreciationAndAmortization": -8832094,
        "ebitda": 0,
        "ebitdaratio": 0,
        "operatingIncome": 8832094,
        "operatingIncomeRatio": 0.8762782146,
        "totalOtherIncomeExpensesNet": -13070286,
        "incomeBeforeTax": -4238192,
        "incomeBeforeTaxRatio": -0.420493183,
        "incomeTaxExpense": 0,
        "netIncome": -4238192,
        "netIncomeRatio": -0.420493183,
        "eps": -0.42,
        "epsdiluted": -0.42,
        "weightedAverageShsOut": 9897831,
        "weightedAverageShsOutDil": 9897817,
        "link": null,
        "finalLink": null
    },
    {
        "date": "2013-05-31",
        "symbol": "FLC",
        "reportedCurrency": "USD",
        "cik": "0001245648",
        "fillingDate": "2013-05-31",
        "acceptedDate": "2013-05-30 20:00:00",
        "calendarYear": "2013",
        "period": "Q2",
        "revenue": 10184340,
        "costOfRevenue": 0,
        "grossProfit": 10184340,
        "grossProfitRatio": 1,
        "researchAndDevelopmentExpenses": 0,
        "generalAndAdministrativeExpenses": 1258236,
        "sellingAndMarketingExpenses": 51666,
        "sellingGeneralAndAdministrativeExpenses": 1309902,
        "otherExpenses": 0,
        "operatingExpenses": 5407206,
        "costAndExpenses": 5407206,
        "interestIncome": 538682,
        "interestExpense": 0,
        "depreciationAndAmortization": -8874438,
        "ebitda": 6178428,
        "ebitdaratio": 0.6066596363,
        "operatingIncome": 8874438,
        "operatingIncomeRatio": 0.8713807669,
        "totalOtherIncomeExpensesNet": 6178428,
        "incomeBeforeTax": 15052866,
        "incomeBeforeTaxRatio": 1.4780404032,
        "incomeTaxExpense": 0,
        "netIncome": 15052866,
        "netIncomeRatio": 1.4780404032,
        "eps": 1.52,
        "epsdiluted": 1.52,
        "weightedAverageShsOut": 9897822,
        "weightedAverageShsOutDil": 9897817,
        "link": null,
        "finalLink": null
    },
    {
        "date": "2012-11-30",
        "symbol": "FLC",
        "reportedCurrency": "USD",
        "cik": "0001245648",
        "fillingDate": "2012-11-30",
        "acceptedDate": "2012-11-29 19:00:00",
        "calendarYear": "2012",
        "period": "Q4",
        "revenue": 10258372,
        "costOfRevenue": 0,
        "grossProfit": 10258372,
        "grossProfitRatio": 1,
        "researchAndDevelopmentExpenses": 0,
        "generalAndAdministrativeExpenses": 1199770,
        "sellingAndMarketingExpenses": 51952,
        "sellingGeneralAndAdministrativeExpenses": 1251722,
        "otherExpenses": 0,
        "operatingExpenses": 15103814,
        "costAndExpenses": 15103814,
        "interestIncome": 573162,
        "interestExpense": 0,
        "depreciationAndAmortization": -9006652,
        "ebitda": 15782372,
        "ebitdaratio": 1.5384870036,
        "operatingIncome": 9006652,
        "operatingIncomeRatio": 0.8779806386,
        "totalOtherIncomeExpensesNet": 15782372,
        "incomeBeforeTax": 24789024,
        "incomeBeforeTaxRatio": 2.4164676422,
        "incomeTaxExpense": 0,
        "netIncome": 24789024,
        "netIncomeRatio": 2.4164676422,
        "eps": 2.52,
        "epsdiluted": 2.52,
        "weightedAverageShsOut": 9875200,
        "weightedAverageShsOutDil": 9875198,
        "link": null,
        "finalLink": null
    },
    {
        "date": "2012-05-30",
        "symbol": "FLC",
        "reportedCurrency": "USD",
        "cik": "0001245648",
        "fillingDate": "2012-05-30",
        "acceptedDate": "2012-05-29 19:00:00",
        "calendarYear": "2012",
        "period": "Q2",
        "revenue": 10173568,
        "costOfRevenue": 0,
        "grossProfit": 10173568,
        "grossProfitRatio": 1,
        "researchAndDevelopmentExpenses": 0,
        "generalAndAdministrativeExpenses": 1165516,
        "sellingAndMarketingExpenses": 53483,
        "sellingGeneralAndAdministrativeExpenses": 1218999,
        "otherExpenses": 0,
        "operatingExpenses": 13472541,
        "costAndExpenses": 13472541,
        "interestIncome": 581893,
        "interestExpense": 0,
        "depreciationAndAmortization": -8954567,
        "ebitda": 14109650,
        "ebitdaratio": 1.386892976,
        "operatingIncome": 8954567,
        "operatingIncomeRatio": 0.8801795987,
        "totalOtherIncomeExpensesNet": 14109650,
        "incomeBeforeTax": 23064217,
        "incomeBeforeTaxRatio": 2.2670725747,
        "incomeTaxExpense": 0,
        "netIncome": 23064217,
        "netIncomeRatio": 2.2670725747,
        "eps": 2.3299999999999996,
        "epsdiluted": 2.3299999999999996,
        "weightedAverageShsOut": 9875200,
        "weightedAverageShsOutDil": 9875198,
        "link": null,
        "finalLink": null
    }
]