[
    {
        "date": "2025-06-30",
        "symbol": "FLR",
        "reportedCurrency": "USD",
        "cik": "0001124198",
        "fillingDate": "2025-08-01",
        "acceptedDate": "2025-07-31 20:23:12",
        "calendarYear": "2025",
        "period": "Q2",
        "revenue": 3978000000,
        "costOfRevenue": 3922000000,
        "grossProfit": 56000000,
        "grossProfitRatio": 0.0140774258,
        "researchAndDevelopmentExpenses": 0,
        "generalAndAdministrativeExpenses": 48000000,
        "sellingAndMarketingExpenses": 0,
        "sellingGeneralAndAdministrativeExpenses": 48000000,
        "otherExpenses": 34000000,
        "operatingExpenses": 82000000,
        "costAndExpenses": 4004000000,
        "interestIncome": 26000000,
        "interestExpense": 9000000,
        "depreciationAndAmortization": 17000000,
        "ebitda": 17000000,
        "ebitdaratio": 0.0042735043,
        "operatingIncome": -26000000,
        "operatingIncomeRatio": -0.0065359477,
        "totalOtherIncomeExpensesNet": 17000000,
        "incomeBeforeTax": -9000000,
        "incomeBeforeTaxRatio": -0.0022624434,
        "incomeTaxExpense": 765000000,
        "netIncome": 2460000000,
        "netIncomeRatio": 0.6184012066,
        "eps": 14.54,
        "epsdiluted": 13.98,
        "weightedAverageShsOut": 169229000,
        "weightedAverageShsOutDil": 176000000,
        "link": "https://www.sec.gov/Archives/edgar/data/1124198/000112419825000027/0001124198-25-000027-index.htm",
        "finalLink": "https://www.sec.gov/Archives/edgar/data/1124198/000112419825000027/flr-20250630.htm"
    },
    {
        "date": "2025-03-31",
        "symbol": "FLR",
        "reportedCurrency": "USD",
        "cik": "0001124198",
        "fillingDate": "2025-05-02",
        "acceptedDate": "2025-05-01 18:02:15",
        "calendarYear": "2025",
        "period": "Q1",
        "revenue": 3982000000,
        "costOfRevenue": 3842000000,
        "grossProfit": 140000000,
        "grossProfitRatio": 0.035158212,
        "researchAndDevelopmentExpenses": 0,
        "generalAndAdministrativeExpenses": 36000000,
        "sellingAndMarketingExpenses": 0,
        "sellingGeneralAndAdministrativeExpenses": 36000000,
        "otherExpenses": 13000000,
        "operatingExpenses": 49000000,
        "costAndExpenses": 3891000000,
        "interestIncome": 29000000,
        "interestExpense": 12000000,
        "depreciationAndAmortization": 18000000,
        "ebitda": 138000000,
        "ebitdaratio": 0.0346559518,
        "operatingIncome": 91000000,
        "operatingIncomeRatio": 0.0228528378,
        "totalOtherIncomeExpensesNet": 17000000,
        "incomeBeforeTax": 108000000,
        "incomeBeforeTaxRatio": 0.0271220492,
        "incomeTaxExpense": -53000000,
        "netIncome": -241000000,
        "netIncomeRatio": -0.0605223506,
        "eps": -1.42,
        "epsdiluted": -1.37,
        "weightedAverageShsOut": 169229000,
        "weightedAverageShsOutDil": 176000000,
        "link": "https://www.sec.gov/Archives/edgar/data/1124198/000112419825000007/0001124198-25-000007-index.htm",
        "finalLink": "https://www.sec.gov/Archives/edgar/data/1124198/000112419825000007/flr-20250331.htm"
    },
    {
        "date": "2024-12-31",
        "symbol": "FLR",
        "reportedCurrency": "USD",
        "cik": "0001124198",
        "fillingDate": "2025-02-18",
        "acceptedDate": "2025-02-18 07:05:33",
        "calendarYear": "2024",
        "period": "Q4",
        "revenue": 4260000000,
        "costOfRevenue": 4052000000,
        "grossProfit": 208000000,
        "grossProfitRatio": 0.0488262911,
        "researchAndDevelopmentExpenses": 0,
        "generalAndAdministrativeExpenses": 56000000,
        "sellingAndMarketingExpenses": 0,
        "sellingGeneralAndAdministrativeExpenses": 56000000,
        "otherExpenses": -34000000,
        "operatingExpenses": 22000000,
        "costAndExpenses": 4074000000,
        "interestIncome": 47000000,
        "interestExpense": 11000000,
        "depreciationAndAmortization": 20000000,
        "ebitda": 253000000,
        "ebitdaratio": 0.0593896714,
        "operatingIncome": 186000000,
        "operatingIncomeRatio": 0.0436619718,
        "totalOtherIncomeExpensesNet": 36000000,
        "incomeBeforeTax": 222000000,
        "incomeBeforeTaxRatio": 0.0521126761,
        "incomeTaxExpense": 462000000,
        "netIncome": 1863000000,
        "netIncomeRatio": 0.4373239437,
        "eps": 11.01,
        "epsdiluted": 10.54,
        "weightedAverageShsOut": 169229000,
        "weightedAverageShsOutDil": 176000000,
        "link": "https://www.sec.gov/Archives/edgar/data/1124198/000162828025005924/0001628280-25-005924-index.htm",
        "finalLink": "https://www.sec.gov/Archives/edgar/data/1124198/000162828025005924/flr-20241231.htm"
    },
    {
        "date": "2024-09-30",
        "symbol": "FLR",
        "reportedCurrency": "USD",
        "cik": "0001124198",
        "fillingDate": "2024-11-08",
        "acceptedDate": "2024-11-07 18:00:43",
        "calendarYear": "2024",
        "period": "Q3",
        "revenue": 4094000000,
        "costOfRevenue": 4006000000,
        "grossProfit": 88000000,
        "grossProfitRatio": 0.0214948705,
        "researchAndDevelopmentExpenses": 0,
        "generalAndAdministrativeExpenses": 37000000,
        "sellingAndMarketingExpenses": 0,
        "sellingGeneralAndAdministrativeExpenses": 37000000,
        "otherExpenses": 2000000,
        "operatingExpenses": 39000000,
        "costAndExpenses": 4045000000,
        "interestIncome": 48000000,
        "interestExpense": 11000000,
        "depreciationAndAmortization": 19000000,
        "ebitda": 116000000,
        "ebitdaratio": 0.0283341475,
        "operatingIncome": 49000000,
        "operatingIncomeRatio": 0.0119687347,
        "totalOtherIncomeExpensesNet": 37000000,
        "incomeBeforeTax": 86000000,
        "incomeBeforeTaxRatio": 0.0210063508,
        "incomeTaxExpense": 61000000,
        "netIncome": 54000000,
        "netIncomeRatio": 0.0131900342,
        "eps": 0.32,
        "epsdiluted": 0.31,
        "weightedAverageShsOut": 171000000,
        "weightedAverageShsOutDil": 174000000,
        "link": "https://www.sec.gov/Archives/edgar/data/1124198/000162828024046432/0001628280-24-046432-index.htm",
        "finalLink": "https://www.sec.gov/Archives/edgar/data/1124198/000162828024046432/flr-20240930.htm"
    },
    {
        "date": "2024-06-30",
        "symbol": "FLR",
        "reportedCurrency": "USD",
        "cik": "0001124198",
        "fillingDate": "2024-08-02",
        "acceptedDate": "2024-08-01 18:01:55",
        "calendarYear": "2024",
        "period": "Q2",
        "revenue": 4227000000,
        "costOfRevenue": 4049000000,
        "grossProfit": 178000000,
        "grossProfitRatio": 0.0421102437,
        "researchAndDevelopmentExpenses": 0,
        "generalAndAdministrativeExpenses": 50000000,
        "sellingAndMarketingExpenses": 0,
        "sellingGeneralAndAdministrativeExpenses": 50000000,
        "otherExpenses": -48000000,
        "operatingExpenses": 2000000,
        "costAndExpenses": 4051000000,
        "interestIncome": 49000000,
        "interestExpense": 11000000,
        "depreciationAndAmortization": 16000000,
        "ebitda": 241000000,
        "ebitdaratio": 0.057014431,
        "operatingIncome": 176000000,
        "operatingIncomeRatio": 0.0416370949,
        "totalOtherIncomeExpensesNet": 38000000,
        "incomeBeforeTax": 214000000,
        "incomeBeforeTaxRatio": 0.0506269222,
        "incomeTaxExpense": 61000000,
        "netIncome": 169000000,
        "netIncomeRatio": 0.039981074,
        "eps": 0.99,
        "epsdiluted": 0.97,
        "weightedAverageShsOut": 171000000,
        "weightedAverageShsOutDil": 174000000,
        "link": "https://www.sec.gov/Archives/edgar/data/1124198/000162828024034242/0001628280-24-034242-index.htm",
        "finalLink": "https://www.sec.gov/Archives/edgar/data/1124198/000162828024034242/flr-20240630.htm"
    },
    {
        "date": "2024-03-31",
        "symbol": "FLR",
        "reportedCurrency": "USD",
        "cik": "0001124198",
        "fillingDate": "2024-05-03",
        "acceptedDate": "2024-05-02 18:01:02",
        "calendarYear": "2024",
        "period": "Q1",
        "revenue": 3734000000,
        "costOfRevenue": 3635000000,
        "grossProfit": 99000000,
        "grossProfitRatio": 0.0265131227,
        "researchAndDevelopmentExpenses": 0,
        "generalAndAdministrativeExpenses": 59000000,
        "sellingAndMarketingExpenses": 0,
        "sellingGeneralAndAdministrativeExpenses": 59000000,
        "otherExpenses": -12000000,
        "operatingExpenses": 47000000,
        "costAndExpenses": 3682000000,
        "interestIncome": 52000000,
        "interestExpense": 13000000,
        "depreciationAndAmortization": 18000000,
        "ebitda": 122000000,
        "ebitdaratio": 0.032672737,
        "operatingIncome": 52000000,
        "operatingIncomeRatio": 0.0139260846,
        "totalOtherIncomeExpensesNet": 39000000,
        "incomeBeforeTax": 91000000,
        "incomeBeforeTaxRatio": 0.0243706481,
        "incomeTaxExpense": 51000000,
        "netIncome": 59000000,
        "netIncomeRatio": 0.0158007499,
        "eps": 0.35,
        "epsdiluted": 0.34,
        "weightedAverageShsOut": 171000000,
        "weightedAverageShsOutDil": 173000000,
        "link": "https://www.sec.gov/Archives/edgar/data/1124198/000162828024020092/0001628280-24-020092-index.htm",
        "finalLink": "https://www.sec.gov/Archives/edgar/data/1124198/000162828024020092/flr-20240331.htm"
    },
    {
        "date": "2023-12-31",
        "symbol": "FLR",
        "reportedCurrency": "USD",
        "cik": "0001124198",
        "fillingDate": "2024-02-20",
        "acceptedDate": "2024-02-20 07:16:07",
        "calendarYear": "2023",
        "period": "Q4",
        "revenue": 3820000000,
        "costOfRevenue": 3754000000,
        "grossProfit": 66000000,
        "grossProfitRatio": 0.0172774869,
        "researchAndDevelopmentExpenses": 0,
        "generalAndAdministrativeExpenses": 50000000,
        "sellingAndMarketingExpenses": 0,
        "sellingGeneralAndAdministrativeExpenses": 50000000,
        "otherExpenses": 41000000,
        "operatingExpenses": 91000000,
        "costAndExpenses": 3845000000,
        "interestIncome": 62000000,
        "interestExpense": 13000000,
        "depreciationAndAmortization": 17000000,
        "ebitda": 54000000,
        "ebitdaratio": 0.0141361257,
        "operatingIncome": -25000000,
        "operatingIncomeRatio": -0.0065445026,
        "totalOtherIncomeExpensesNet": 49000000,
        "incomeBeforeTax": 24000000,
        "incomeBeforeTaxRatio": 0.0062827225,
        "incomeTaxExpense": 64000000,
        "netIncome": -22000000,
        "netIncomeRatio": -0.0057591623,
        "eps": -0.13,
        "epsdiluted": -0.13,
        "weightedAverageShsOut": 170000000,
        "weightedAverageShsOutDil": 170000000,
        "link": "https://www.sec.gov/Archives/edgar/data/1124198/000162828024005451/0001628280-24-005451-index.htm",
        "finalLink": "https://www.sec.gov/Archives/edgar/data/1124198/000162828024005451/flr-20231231.htm"
    },
    {
        "date": "2023-09-30",
        "symbol": "FLR",
        "reportedCurrency": "USD",
        "cik": "0001124198",
        "fillingDate": "2023-11-03",
        "acceptedDate": "2023-11-02 18:12:35",
        "calendarYear": "2023",
        "period": "Q3",
        "revenue": 3963000000,
        "costOfRevenue": 3712000000,
        "grossProfit": 251000000,
        "grossProfitRatio": 0.0633358567,
        "researchAndDevelopmentExpenses": 0,
        "generalAndAdministrativeExpenses": 56000000,
        "sellingAndMarketingExpenses": 0,
        "sellingGeneralAndAdministrativeExpenses": 56000000,
        "otherExpenses": -23000000,
        "operatingExpenses": 33000000,
        "costAndExpenses": 3745000000,
        "interestIncome": 56000000,
        "interestExpense": 14000000,
        "depreciationAndAmortization": 20000000,
        "ebitda": 294000000,
        "ebitdaratio": 0.0741862226,
        "operatingIncome": 218000000,
        "operatingIncomeRatio": 0.0550088317,
        "totalOtherIncomeExpensesNet": 42000000,
        "incomeBeforeTax": 260000000,
        "incomeBeforeTaxRatio": 0.0656068635,
        "incomeTaxExpense": 79000000,
        "netIncome": 206000000,
        "netIncomeRatio": 0.0519808226,
        "eps": 1.17,
        "epsdiluted": 1.15,
        "weightedAverageShsOut": 144000000,
        "weightedAverageShsOutDil": 147000000,
        "link": "https://www.sec.gov/Archives/edgar/data/1124198/000162828023036490/0001628280-23-036490-index.htm",
        "finalLink": "https://www.sec.gov/Archives/edgar/data/1124198/000162828023036490/flr-20230930.htm"
    },
    {
        "date": "2023-06-30",
        "symbol": "FLR",
        "reportedCurrency": "USD",
        "cik": "0001124198",
        "fillingDate": "2023-08-04",
        "acceptedDate": "2023-08-03 17:59:52",
        "calendarYear": "2023",
        "period": "Q2",
        "revenue": 3939000000,
        "costOfRevenue": 3741000000,
        "grossProfit": 198000000,
        "grossProfitRatio": 0.0502665651,
        "researchAndDevelopmentExpenses": 0,
        "generalAndAdministrativeExpenses": 57000000,
        "sellingAndMarketingExpenses": 0,
        "sellingGeneralAndAdministrativeExpenses": 57000000,
        "otherExpenses": 47000000,
        "operatingExpenses": 104000000,
        "costAndExpenses": 3845000000,
        "interestIncome": 53000000,
        "interestExpense": 16000000,
        "depreciationAndAmortization": 19000000,
        "ebitda": 166000000,
        "ebitdaratio": 0.0421426758,
        "operatingIncome": 94000000,
        "operatingIncomeRatio": 0.0238639249,
        "totalOtherIncomeExpensesNet": 37000000,
        "incomeBeforeTax": 131000000,
        "incomeBeforeTaxRatio": 0.0332571719,
        "incomeTaxExpense": 63000000,
        "netIncome": 61000000,
        "netIncomeRatio": 0.015486164,
        "eps": 0.36,
        "epsdiluted": 0.3,
        "weightedAverageShsOut": 143000000,
        "weightedAverageShsOutDil": 172000000,
        "link": "https://www.sec.gov/Archives/edgar/data/1124198/000162828023027363/0001628280-23-027363-index.htm",
        "finalLink": "https://www.sec.gov/Archives/edgar/data/1124198/000162828023027363/flr-20230630.htm"
    },
    {
        "date": "2023-03-31",
        "symbol": "FLR",
        "reportedCurrency": "USD",
        "cik": "0001124198",
        "fillingDate": "2023-05-05",
        "acceptedDate": "2023-05-05 07:06:20",
        "calendarYear": "2023",
        "period": "Q1",
        "revenue": 3752000000,
        "costOfRevenue": 3790000000,
        "grossProfit": -38000000,
        "grossProfitRatio": -0.0101279318,
        "researchAndDevelopmentExpenses": 0,
        "generalAndAdministrativeExpenses": 62000000,
        "sellingAndMarketingExpenses": 0,
        "sellingGeneralAndAdministrativeExpenses": 62000000,
        "otherExpenses": 41000000,
        "operatingExpenses": 103000000,
        "costAndExpenses": 3893000000,
        "interestIncome": 57000000,
        "interestExpense": 16000000,
        "depreciationAndAmortization": 18000000,
        "ebitda": -66000000,
        "ebitdaratio": -0.0175906183,
        "operatingIncome": -141000000,
        "operatingIncomeRatio": -0.0375799574,
        "totalOtherIncomeExpensesNet": 41000000,
        "incomeBeforeTax": -100000000,
        "incomeBeforeTaxRatio": -0.026652452,
        "incomeTaxExpense": 30000000,
        "netIncome": -107000000,
        "netIncomeRatio": -0.0285181237,
        "eps": -0.82,
        "epsdiluted": -0.82,
        "weightedAverageShsOut": 142000000,
        "weightedAverageShsOutDil": 142000000,
        "link": "https://www.sec.gov/Archives/edgar/data/1124198/000162828023015984/0001628280-23-015984-index.htm",
        "finalLink": "https://www.sec.gov/Archives/edgar/data/1124198/000162828023015984/flr-20230331.htm"
    },
    {
        "date": "2022-12-31",
        "symbol": "FLR",
        "reportedCurrency": "USD",
        "cik": "0001124198",
        "fillingDate": "2023-02-21",
        "acceptedDate": "2023-02-21 07:12:06",
        "calendarYear": "2022",
        "period": "Q4",
        "revenue": 3710000000,
        "costOfRevenue": 3577000000,
        "grossProfit": 133000000,
        "grossProfitRatio": 0.0358490566,
        "researchAndDevelopmentExpenses": 0,
        "generalAndAdministrativeExpenses": 60000000,
        "sellingAndMarketingExpenses": 0,
        "sellingGeneralAndAdministrativeExpenses": 60000000,
        "otherExpenses": 54000000,
        "operatingExpenses": 114000000,
        "costAndExpenses": 3691000000,
        "interestIncome": 47000000,
        "interestExpense": 16000000,
        "depreciationAndAmortization": 18000000,
        "ebitda": 84000000,
        "ebitdaratio": 0.0226415094,
        "operatingIncome": 19000000,
        "operatingIncomeRatio": 0.0051212938,
        "totalOtherIncomeExpensesNet": 31000000,
        "incomeBeforeTax": 50000000,
        "incomeBeforeTaxRatio": 0.0134770889,
        "incomeTaxExpense": 260000000,
        "netIncome": 9000000,
        "netIncomeRatio": 0.002425876,
        "eps": -1.48,
        "epsdiluted": -1.48,
        "weightedAverageShsOut": 142322000,
        "weightedAverageShsOutDil": 142322000,
        "link": "https://www.sec.gov/Archives/edgar/data/1124198/000162828023004139/0001628280-23-004139-index.htm",
        "finalLink": "https://www.sec.gov/Archives/edgar/data/1124198/000162828023004139/flr-20221231.htm"
    },
    {
        "date": "2022-09-30",
        "symbol": "FLR",
        "reportedCurrency": "USD",
        "cik": "0001124198",
        "fillingDate": "2022-11-04",
        "acceptedDate": "2022-11-04 07:09:21",
        "calendarYear": "2022",
        "period": "Q3",
        "revenue": 3612000000,
        "costOfRevenue": 3627000000,
        "grossProfit": -15000000,
        "grossProfitRatio": -0.0041528239,
        "researchAndDevelopmentExpenses": 0,
        "generalAndAdministrativeExpenses": 30000000,
        "sellingAndMarketingExpenses": 0,
        "sellingGeneralAndAdministrativeExpenses": 30000000,
        "otherExpenses": -34000000,
        "operatingExpenses": -4000000,
        "costAndExpenses": 3623000000,
        "interestIncome": 28000000,
        "interestExpense": 14000000,
        "depreciationAndAmortization": 20000000,
        "ebitda": 37000000,
        "ebitdaratio": 0.0102436323,
        "operatingIncome": -11000000,
        "operatingIncomeRatio": -0.0030454042,
        "totalOtherIncomeExpensesNet": 14000000,
        "incomeBeforeTax": 3000000,
        "incomeBeforeTaxRatio": 0.0008305648,
        "incomeTaxExpense": 27000000,
        "netIncome": 22000000,
        "netIncomeRatio": 0.0060908084,
        "eps": 0.21,
        "epsdiluted": 0.08,
        "weightedAverageShsOut": 142000000,
        "weightedAverageShsOutDil": 145000000,
        "link": "https://www.sec.gov/Archives/edgar/data/1124198/000162828022028343/0001628280-22-028343-index.htm",
        "finalLink": "https://www.sec.gov/Archives/edgar/data/1124198/000162828022028343/flr-20220930.htm"
    },
    {
        "date": "2022-06-30",
        "symbol": "FLR",
        "reportedCurrency": "USD",
        "cik": "0001124198",
        "fillingDate": "2022-08-05",
        "acceptedDate": "2022-08-05 07:08:49",
        "calendarYear": "2022",
        "period": "Q2",
        "revenue": 3299000000,
        "costOfRevenue": 3184000000,
        "grossProfit": 115000000,
        "grossProfitRatio": 0.0348590482,
        "researchAndDevelopmentExpenses": 0,
        "generalAndAdministrativeExpenses": 40000000,
        "sellingAndMarketingExpenses": 0,
        "sellingGeneralAndAdministrativeExpenses": 40000000,
        "otherExpenses": -31000000,
        "operatingExpenses": 9000000,
        "costAndExpenses": 3193000000,
        "interestIncome": 12000000,
        "interestExpense": 13000000,
        "depreciationAndAmortization": 20000000,
        "ebitda": 138000000,
        "ebitdaratio": 0.0418308578,
        "operatingIncome": 106000000,
        "operatingIncomeRatio": 0.0321309488,
        "totalOtherIncomeExpensesNet": -1000000,
        "incomeBeforeTax": 105000000,
        "incomeBeforeTaxRatio": 0.0318278266,
        "incomeTaxExpense": 32000000,
        "netIncome": 66000000,
        "netIncomeRatio": 0.0200060624,
        "eps": 0.4,
        "epsdiluted": 0.38,
        "weightedAverageShsOut": 142000000,
        "weightedAverageShsOutDil": 172000000,
        "link": "https://www.sec.gov/Archives/edgar/data/1124198/000162828022021226/0001628280-22-021226-index.htm",
        "finalLink": "https://www.sec.gov/Archives/edgar/data/1124198/000162828022021226/flr-20220630.htm"
    },
    {
        "date": "2022-03-31",
        "symbol": "FLR",
        "reportedCurrency": "USD",
        "cik": "0001124198",
        "fillingDate": "2022-05-06",
        "acceptedDate": "2022-05-06 07:02:47",
        "calendarYear": "2022",
        "period": "Q1",
        "revenue": 3122000000,
        "costOfRevenue": 2999000000,
        "grossProfit": 123000000,
        "grossProfitRatio": 0.0393978219,
        "researchAndDevelopmentExpenses": 0,
        "generalAndAdministrativeExpenses": 71000000,
        "sellingAndMarketingExpenses": 0,
        "sellingGeneralAndAdministrativeExpenses": 71000000,
        "otherExpenses": 148000000,
        "operatingExpenses": 219000000,
        "costAndExpenses": 3218000000,
        "interestIncome": 7000000,
        "interestExpense": 16000000,
        "depreciationAndAmortization": 15000000,
        "ebitda": 118000000,
        "ebitdaratio": 0.0377962844,
        "operatingIncome": -96000000,
        "operatingIncomeRatio": -0.0307495195,
        "totalOtherIncomeExpensesNet": 183000000,
        "incomeBeforeTax": 87000000,
        "incomeBeforeTaxRatio": 0.0278667521,
        "incomeTaxExpense": 31000000,
        "netIncome": 48000000,
        "netIncomeRatio": 0.0153747598,
        "eps": 0.27,
        "epsdiluted": 0.27,
        "weightedAverageShsOut": 142000000,
        "weightedAverageShsOutDil": 144000000,
        "link": "https://www.sec.gov/Archives/edgar/data/1124198/000162828022012833/0001628280-22-012833-index.htm",
        "finalLink": "https://www.sec.gov/Archives/edgar/data/1124198/000162828022012833/flr-20220331.htm"
    },
    {
        "date": "2021-12-31",
        "symbol": "FLR",
        "reportedCurrency": "USD",
        "cik": "0001124198",
        "fillingDate": "2022-02-22",
        "acceptedDate": "2022-02-22 07:04:53",
        "calendarYear": "2021",
        "period": "Q4",
        "revenue": 3156862000,
        "costOfRevenue": 3003993000,
        "grossProfit": 152869000,
        "grossProfitRatio": 0.048424353,
        "researchAndDevelopmentExpenses": 0,
        "generalAndAdministrativeExpenses": 281883000,
        "sellingAndMarketingExpenses": 0,
        "sellingGeneralAndAdministrativeExpenses": 281883000,
        "otherExpenses": 19408000,
        "operatingExpenses": 301291000,
        "costAndExpenses": 3305284000,
        "interestIncome": 4240000,
        "interestExpense": 34481000,
        "depreciationAndAmortization": 13863000,
        "ebitda": -108798000,
        "ebitdaratio": -0.0344639709,
        "operatingIncome": -148422000,
        "operatingIncomeRatio": -0.0470156757,
        "totalOtherIncomeExpensesNet": -8720000,
        "incomeBeforeTax": -157142000,
        "incomeBeforeTaxRatio": -0.0497779124,
        "incomeTaxExpense": -12310000,
        "netIncome": -279169000,
        "netIncomeRatio": -0.088432437,
        "eps": -1.98,
        "epsdiluted": -1.97,
        "weightedAverageShsOut": 141000000,
        "weightedAverageShsOutDil": 141412000,
        "link": "https://www.sec.gov/Archives/edgar/data/1124198/000162828022003231/0001628280-22-003231-index.htm",
        "finalLink": "https://www.sec.gov/Archives/edgar/data/1124198/000162828022003231/flr-20211231.htm"
    },
    {
        "date": "2021-09-30",
        "symbol": "FLR",
        "reportedCurrency": "USD",
        "cik": "0001124198",
        "fillingDate": "2021-11-05",
        "acceptedDate": "2021-11-05 07:04:11",
        "calendarYear": "2021",
        "period": "Q3",
        "revenue": 3503000000,
        "costOfRevenue": 3390000000,
        "grossProfit": 113000000,
        "grossProfitRatio": 0.0322580645,
        "researchAndDevelopmentExpenses": 0,
        "generalAndAdministrativeExpenses": 39000000,
        "sellingAndMarketingExpenses": 0,
        "sellingGeneralAndAdministrativeExpenses": 39000000,
        "otherExpenses": -27000000,
        "operatingExpenses": 12000000,
        "costAndExpenses": 3402000000,
        "interestIncome": 4000000,
        "interestExpense": 37000000,
        "depreciationAndAmortization": 17000000,
        "ebitda": 122000000,
        "ebitdaratio": 0.0348272909,
        "operatingIncome": 101000000,
        "operatingIncomeRatio": 0.0288324293,
        "totalOtherIncomeExpensesNet": -33000000,
        "incomeBeforeTax": 68000000,
        "incomeBeforeTaxRatio": 0.0194119326,
        "incomeTaxExpense": -29000000,
        "netIncome": 40469000,
        "netIncomeRatio": 0.0115526691,
        "eps": 0.22,
        "epsdiluted": 0.21,
        "weightedAverageShsOut": 141000000,
        "weightedAverageShsOutDil": 143000000,
        "link": "https://www.sec.gov/Archives/edgar/data/1124198/000162828021021890/0001628280-21-021890-index.htm",
        "finalLink": "https://www.sec.gov/Archives/edgar/data/1124198/000162828021021890/flr-20210930.htm"
    },
    {
        "date": "2021-06-30",
        "symbol": "FLR",
        "reportedCurrency": "USD",
        "cik": "0001124198",
        "fillingDate": "2021-08-06",
        "acceptedDate": "2021-08-06 07:01:51",
        "calendarYear": "2021",
        "period": "Q2",
        "revenue": 3684000000,
        "costOfRevenue": 3596000000,
        "grossProfit": 88000000,
        "grossProfitRatio": 0.0238870793,
        "researchAndDevelopmentExpenses": 0,
        "generalAndAdministrativeExpenses": 33000000,
        "sellingAndMarketingExpenses": 0,
        "sellingGeneralAndAdministrativeExpenses": 33000000,
        "otherExpenses": 131000000,
        "operatingExpenses": 164000000,
        "costAndExpenses": 3760000000,
        "interestIncome": 5000000,
        "interestExpense": 17000000,
        "depreciationAndAmortization": 19000000,
        "ebitda": -52000000,
        "ebitdaratio": -0.0141150923,
        "operatingIncome": -76000000,
        "operatingIncomeRatio": -0.0206297503,
        "totalOtherIncomeExpensesNet": -12000000,
        "incomeBeforeTax": -88000000,
        "incomeBeforeTaxRatio": -0.0238870793,
        "incomeTaxExpense": 2000000,
        "netIncome": -115000000,
        "netIncomeRatio": -0.0312160695,
        "eps": -0.84,
        "epsdiluted": -0.84,
        "weightedAverageShsOut": 141000000,
        "weightedAverageShsOutDil": 141000000,
        "link": "https://www.sec.gov/Archives/edgar/data/1124198/000162828021015977/0001628280-21-015977-index.htm",
        "finalLink": "https://www.sec.gov/Archives/edgar/data/1124198/000162828021015977/flr-20210630.htm"
    },
    {
        "date": "2021-03-31",
        "symbol": "FLR",
        "reportedCurrency": "USD",
        "cik": "0001124198",
        "fillingDate": "2021-05-07",
        "acceptedDate": "2021-05-07 07:04:16",
        "calendarYear": "2021",
        "period": "Q1",
        "revenue": 3347000000,
        "costOfRevenue": 3254000000,
        "grossProfit": 93000000,
        "grossProfitRatio": 0.0277860771,
        "researchAndDevelopmentExpenses": 0,
        "generalAndAdministrativeExpenses": 67000000,
        "sellingAndMarketingExpenses": 0,
        "sellingGeneralAndAdministrativeExpenses": 67000000,
        "otherExpenses": 58000000,
        "operatingExpenses": 125000000,
        "costAndExpenses": 3379000000,
        "interestIncome": 4000000,
        "interestExpense": 22000000,
        "depreciationAndAmortization": 24000000,
        "ebitda": -4000000,
        "ebitdaratio": -0.0011951001,
        "operatingIncome": -32000000,
        "operatingIncomeRatio": -0.0095608007,
        "totalOtherIncomeExpensesNet": -18000000,
        "incomeBeforeTax": -50000000,
        "incomeBeforeTaxRatio": -0.0149387511,
        "incomeTaxExpense": 3000000,
        "netIncome": -87024000,
        "netIncomeRatio": -0.0260005976,
        "eps": -0.62,
        "epsdiluted": -0.62,
        "weightedAverageShsOut": 140900000,
        "weightedAverageShsOutDil": 141000000,
        "link": "https://www.sec.gov/Archives/edgar/data/1124198/000162828021009434/0001628280-21-009434-index.htm",
        "finalLink": "https://www.sec.gov/Archives/edgar/data/1124198/000162828021009434/flr-20210331.htm"
    },
    {
        "date": "2020-12-31",
        "symbol": "FLR",
        "reportedCurrency": "USD",
        "cik": "0001124198",
        "fillingDate": "2021-02-26",
        "acceptedDate": "2021-02-26 07:07:27",
        "calendarYear": "2020",
        "period": "Q4",
        "revenue": 3655718000,
        "costOfRevenue": 3533002000,
        "grossProfit": 122716000,
        "grossProfitRatio": 0.0335682347,
        "researchAndDevelopmentExpenses": 0,
        "generalAndAdministrativeExpenses": 146516000,
        "sellingAndMarketingExpenses": 0,
        "sellingGeneralAndAdministrativeExpenses": 146516000,
        "otherExpenses": -23800000,
        "operatingExpenses": 122716000,
        "costAndExpenses": 3655718000,
        "interestIncome": 4097000,
        "interestExpense": 19103000,
        "depreciationAndAmortization": 26282000,
        "ebitda": 3651000,
        "ebitdaratio": 0.0009987094,
        "operatingIncome": -23800000,
        "operatingIncomeRatio": -0.006510349,
        "totalOtherIncomeExpensesNet": -17934000,
        "incomeBeforeTax": -41734000,
        "incomeBeforeTaxRatio": -0.0114160884,
        "incomeTaxExpense": 25535000,
        "netIncome": -163438000,
        "netIncomeRatio": -0.0447074966,
        "eps": -1.16,
        "epsdiluted": -1.16,
        "weightedAverageShsOut": 140598000,
        "weightedAverageShsOutDil": 140598000,
        "link": "https://www.sec.gov/Archives/edgar/data/1124198/000162828021003360/0001628280-21-003360-index.htm",
        "finalLink": "https://www.sec.gov/Archives/edgar/data/1124198/000162828021003360/flr-20201231.htm"
    },
    {
        "date": "2020-09-30",
        "symbol": "FLR",
        "reportedCurrency": "USD",
        "cik": "0001124198",
        "fillingDate": "2020-12-10",
        "acceptedDate": "2020-12-10 07:05:21",
        "calendarYear": "2020",
        "period": "Q3",
        "revenue": 3456938000,
        "costOfRevenue": 3324363000,
        "grossProfit": 132575000,
        "grossProfitRatio": 0.038350413,
        "researchAndDevelopmentExpenses": 0,
        "generalAndAdministrativeExpenses": 36200000,
        "sellingAndMarketingExpenses": 0,
        "sellingGeneralAndAdministrativeExpenses": 36200000,
        "otherExpenses": 30260000,
        "operatingExpenses": 66460000,
        "costAndExpenses": 3390823000,
        "interestIncome": 3762000,
        "interestExpense": 15700000,
        "depreciationAndAmortization": 22371000,
        "ebitda": 92298000,
        "ebitdaratio": 0.0266993507,
        "operatingIncome": 66115000,
        "operatingIncomeRatio": 0.0191253068,
        "totalOtherIncomeExpensesNet": -11888000,
        "incomeBeforeTax": 54227000,
        "incomeBeforeTaxRatio": 0.0156864254,
        "incomeTaxExpense": 28516000,
        "netIncome": 19341000,
        "netIncomeRatio": 0.0055948357,
        "eps": 0.14,
        "epsdiluted": 0.14,
        "weightedAverageShsOut": 140598000,
        "weightedAverageShsOutDil": 141168000,
        "link": "https://www.sec.gov/Archives/edgar/data/1124198/000162828020017321/0001628280-20-017321-index.htm",
        "finalLink": "https://www.sec.gov/Archives/edgar/data/1124198/000162828020017321/flr-20200930x10q.htm"
    },
    {
        "date": "2020-06-30",
        "symbol": "FLR",
        "reportedCurrency": "USD",
        "cik": "0001124198",
        "fillingDate": "2020-11-12",
        "acceptedDate": "2020-11-12 07:02:10",
        "calendarYear": "2020",
        "period": "Q2",
        "revenue": 3734942000,
        "costOfRevenue": 3656048000,
        "grossProfit": 78894000,
        "grossProfitRatio": 0.0211232196,
        "researchAndDevelopmentExpenses": 0,
        "generalAndAdministrativeExpenses": 42598000,
        "sellingAndMarketingExpenses": 0,
        "sellingGeneralAndAdministrativeExpenses": 42598000,
        "otherExpenses": 3026000,
        "operatingExpenses": 45624000,
        "costAndExpenses": 3701672000,
        "interestIncome": 5302000,
        "interestExpense": 15707000,
        "depreciationAndAmortization": 28204000,
        "ebitda": 66768000,
        "ebitdaratio": 0.0178765828,
        "operatingIncome": 33270000,
        "operatingIncomeRatio": 0.0089077688,
        "totalOtherIncomeExpensesNet": -10413000,
        "incomeBeforeTax": 22857000,
        "incomeBeforeTaxRatio": 0.0061197737,
        "incomeTaxExpense": 31359000,
        "netIncome": -24990000,
        "netIncomeRatio": -0.006690867,
        "eps": -0.18,
        "epsdiluted": -0.18,
        "weightedAverageShsOut": 140536000,
        "weightedAverageShsOutDil": 140536000,
        "link": "https://www.sec.gov/Archives/edgar/data/1124198/000162828020016243/0001628280-20-016243-index.htm",
        "finalLink": "https://www.sec.gov/Archives/edgar/data/1124198/000162828020016243/flr-20200630x10q.htm"
    },
    {
        "date": "2020-03-31",
        "symbol": "FLR",
        "reportedCurrency": "USD",
        "cik": "0001124198",
        "fillingDate": "2020-10-22",
        "acceptedDate": "2020-10-22 07:04:05",
        "calendarYear": "2020",
        "period": "Q1",
        "revenue": 3697694000,
        "costOfRevenue": 3633848000,
        "grossProfit": 63846000,
        "grossProfitRatio": 0.0172664369,
        "researchAndDevelopmentExpenses": 0,
        "generalAndAdministrativeExpenses": 33600000,
        "sellingAndMarketingExpenses": 0,
        "sellingGeneralAndAdministrativeExpenses": 33600000,
        "otherExpenses": 57161000,
        "operatingExpenses": 90761000,
        "costAndExpenses": 3724609000,
        "interestIncome": 11925000,
        "interestExpense": 16551000,
        "depreciationAndAmortization": 28717000,
        "ebitda": 13727000,
        "ebitdaratio": 0.0037123137,
        "operatingIncome": -26915000,
        "operatingIncomeRatio": -0.0072788608,
        "totalOtherIncomeExpensesNet": -4626000,
        "incomeBeforeTax": -31541000,
        "incomeBeforeTaxRatio": -0.0085299108,
        "incomeTaxExpense": -62281000,
        "netIncome": -265959000,
        "netIncomeRatio": -0.071925638,
        "eps": -1.9,
        "epsdiluted": -1.9,
        "weightedAverageShsOut": 140262000,
        "weightedAverageShsOutDil": 140262000,
        "link": "https://www.sec.gov/Archives/edgar/data/1124198/000162828020014673/0001628280-20-014673-index.htm",
        "finalLink": "https://www.sec.gov/Archives/edgar/data/1124198/000162828020014673/flr-20200331x10q.htm"
    },
    {
        "date": "2019-12-31",
        "symbol": "FLR",
        "reportedCurrency": "USD",
        "cik": "0001124198",
        "fillingDate": "2020-09-25",
        "acceptedDate": "2020-09-25 07:06:54",
        "calendarYear": "2019",
        "period": "Q4",
        "revenue": 3725817000,
        "costOfRevenue": 3597592000,
        "grossProfit": 128225000,
        "grossProfitRatio": 0.0344152705,
        "researchAndDevelopmentExpenses": 0,
        "generalAndAdministrativeExpenses": 181561000,
        "sellingAndMarketingExpenses": 0,
        "sellingGeneralAndAdministrativeExpenses": 181561000,
        "otherExpenses": -53336000,
        "operatingExpenses": 128225000,
        "costAndExpenses": 3725817000,
        "interestIncome": 13677000,
        "interestExpense": 17614000,
        "depreciationAndAmortization": 28435000,
        "ebitda": -155797000,
        "ebitdaratio": -0.0418155266,
        "operatingIncome": -53336000,
        "operatingIncomeRatio": -0.0143152495,
        "totalOtherIncomeExpensesNet": -148510000,
        "incomeBeforeTax": -201846000,
        "incomeBeforeTaxRatio": -0.0541749635,
        "incomeTaxExpense": 72693000,
        "netIncome": -166946000,
        "netIncomeRatio": -0.0448078905,
        "eps": -1.19,
        "epsdiluted": -1.19,
        "weightedAverageShsOut": 140163000,
        "weightedAverageShsOutDil": 140262000,
        "link": "https://www.sec.gov/Archives/edgar/data/1124198/000162828020013900/0001628280-20-013900-index.htm",
        "finalLink": "https://www.sec.gov/Archives/edgar/data/1124198/000162828020013900/flr10kq42019.htm"
    },
    {
        "date": "2019-09-30",
        "symbol": "FLR",
        "reportedCurrency": "USD",
        "cik": "0001124198",
        "fillingDate": "2019-10-31",
        "acceptedDate": "2019-10-31 08:23:36",
        "calendarYear": "2019",
        "period": "Q3",
        "revenue": 4628578000,
        "costOfRevenue": 4537327000,
        "grossProfit": 91251000,
        "grossProfitRatio": 0.0197146942,
        "researchAndDevelopmentExpenses": 0,
        "generalAndAdministrativeExpenses": 11167000,
        "sellingAndMarketingExpenses": 0,
        "sellingGeneralAndAdministrativeExpenses": 11167000,
        "otherExpenses": 80084000,
        "operatingExpenses": 91251000,
        "costAndExpenses": 4628578000,
        "interestIncome": 14088000,
        "interestExpense": 18984000,
        "depreciationAndAmortization": 45132000,
        "ebitda": -194684000,
        "ebitdaratio": -0.0420612983,
        "operatingIncome": 80084000,
        "operatingIncomeRatio": 0.0173020742,
        "totalOtherIncomeExpensesNet": -338884000,
        "incomeBeforeTax": -258800000,
        "incomeBeforeTaxRatio": -0.0559135009,
        "incomeTaxExpense": 495307000,
        "netIncome": -741984000,
        "netIncomeRatio": -0.1603049576,
        "eps": -5.29,
        "epsdiluted": -5.29,
        "weightedAverageShsOut": 140137000,
        "weightedAverageShsOutDil": 140163000,
        "link": "https://www.sec.gov/Archives/edgar/data/1124198/000162828019012912/0001628280-19-012912-index.htm",
        "finalLink": "https://www.sec.gov/Archives/edgar/data/1124198/000162828019012912/flr-20190930x10q.htm"
    },
    {
        "date": "2019-06-30",
        "symbol": "FLR",
        "reportedCurrency": "USD",
        "cik": "0001124198",
        "fillingDate": "2019-08-01",
        "acceptedDate": "2019-08-01 16:29:06",
        "calendarYear": "2019",
        "period": "Q2",
        "revenue": 4146404000,
        "costOfRevenue": 4577607000,
        "grossProfit": -431203000,
        "grossProfitRatio": -0.1039944492,
        "researchAndDevelopmentExpenses": 0,
        "generalAndAdministrativeExpenses": 50900000,
        "sellingAndMarketingExpenses": 0,
        "sellingGeneralAndAdministrativeExpenses": 50900000,
        "otherExpenses": -482103000,
        "operatingExpenses": -431203000,
        "costAndExpenses": 4146404000,
        "interestIncome": 14816000,
        "interestExpense": 18876000,
        "depreciationAndAmortization": 47083000,
        "ebitda": -445907000,
        "ebitdaratio": -0.1075406545,
        "operatingIncome": -482103000,
        "operatingIncomeRatio": -0.1162701464,
        "totalOtherIncomeExpensesNet": -29763000,
        "incomeBeforeTax": -511866000,
        "incomeBeforeTaxRatio": -0.1234481734,
        "incomeTaxExpense": -75757000,
        "netIncome": -554808000,
        "netIncomeRatio": -0.1338046172,
        "eps": -3.96,
        "epsdiluted": -3.96,
        "weightedAverageShsOut": 139940000,
        "weightedAverageShsOutDil": 140141000,
        "link": "https://www.sec.gov/Archives/edgar/data/1124198/000162828019009786/0001628280-19-009786-index.htm",
        "finalLink": "https://www.sec.gov/Archives/edgar/data/1124198/000162828019009786/flr-20190630x10q.htm"
    },
    {
        "date": "2019-03-31",
        "symbol": "FLR",
        "reportedCurrency": "USD",
        "cik": "0001124198",
        "fillingDate": "2019-05-02",
        "acceptedDate": "2019-05-02 07:26:02",
        "calendarYear": "2019",
        "period": "Q1",
        "revenue": 4133612000,
        "costOfRevenue": 4070859000,
        "grossProfit": 62753000,
        "grossProfitRatio": 0.0151811539,
        "researchAndDevelopmentExpenses": 0,
        "generalAndAdministrativeExpenses": 58621000,
        "sellingAndMarketingExpenses": 0,
        "sellingGeneralAndAdministrativeExpenses": 58621000,
        "otherExpenses": 4132000,
        "operatingExpenses": 62753000,
        "costAndExpenses": 4133612000,
        "interestIncome": 12892000,
        "interestExpense": 18630000,
        "depreciationAndAmortization": 49831000,
        "ebitda": 39487000,
        "ebitdaratio": 0.0095526624,
        "operatingIncome": 4132000,
        "operatingIncomeRatio": 0.00099961,
        "totalOtherIncomeExpensesNet": -33106000,
        "incomeBeforeTax": -28974000,
        "incomeBeforeTaxRatio": -0.0070093661,
        "incomeTaxExpense": 15257000,
        "netIncome": -58426000,
        "netIncomeRatio": -0.0141343697,
        "eps": -0.42,
        "epsdiluted": -0.42,
        "weightedAverageShsOut": 138959000,
        "weightedAverageShsOutDil": 139776000,
        "link": "https://www.sec.gov/Archives/edgar/data/1124198/000162828019005625/0001628280-19-005625-index.htm",
        "finalLink": "https://www.sec.gov/Archives/edgar/data/1124198/000162828019005625/flr-20190331x10q.htm"
    },
    {
        "date": "2018-12-31",
        "symbol": "FLR",
        "reportedCurrency": "USD",
        "cik": "0001124198",
        "fillingDate": "2019-02-21",
        "acceptedDate": "2019-02-21 16:35:07",
        "calendarYear": "2018",
        "period": "Q4",
        "revenue": 4801077000,
        "costOfRevenue": 4624891000,
        "grossProfit": 176186000,
        "grossProfitRatio": 0.0366971827,
        "researchAndDevelopmentExpenses": 0,
        "generalAndAdministrativeExpenses": 8173000,
        "sellingAndMarketingExpenses": 0,
        "sellingGeneralAndAdministrativeExpenses": 8173000,
        "otherExpenses": 168013000,
        "operatingExpenses": 176186000,
        "costAndExpenses": 4801077000,
        "interestIncome": 11696000,
        "interestExpense": 19045000,
        "depreciationAndAmortization": 51737000,
        "ebitda": 231446000,
        "ebitdaratio": 0.0482071002,
        "operatingIncome": 168013000,
        "operatingIncomeRatio": 0.0349948564,
        "totalOtherIncomeExpensesNet": -7349000,
        "incomeBeforeTax": 160664000,
        "incomeBeforeTaxRatio": 0.0334641581,
        "incomeTaxExpense": 82834000,
        "netIncome": 50246000,
        "netIncomeRatio": 0.0104655685,
        "eps": 0.56,
        "epsdiluted": 0.56,
        "weightedAverageShsOut": 139776000,
        "weightedAverageShsOutDil": 139776000,
        "link": "https://www.sec.gov/Archives/edgar/data/1124198/000162828019001658/0001628280-19-001658-index.htm",
        "finalLink": "https://www.sec.gov/Archives/edgar/data/1124198/000162828019001658/flr12-31x201810k.htm"
    },
    {
        "date": "2018-09-30",
        "symbol": "FLR",
        "reportedCurrency": "USD",
        "cik": "0001124198",
        "fillingDate": "2018-11-01",
        "acceptedDate": "2018-11-01 16:32:09",
        "calendarYear": "2018",
        "period": "Q3",
        "revenue": 3842235000,
        "costOfRevenue": 3654953000,
        "grossProfit": 187282000,
        "grossProfitRatio": 0.0487429842,
        "researchAndDevelopmentExpenses": 0,
        "generalAndAdministrativeExpenses": 61058000,
        "sellingAndMarketingExpenses": 0,
        "sellingGeneralAndAdministrativeExpenses": 61058000,
        "otherExpenses": 126224000,
        "operatingExpenses": 187282000,
        "costAndExpenses": 3842235000,
        "interestIncome": 9504000,
        "interestExpense": 24238000,
        "depreciationAndAmortization": 53013000,
        "ebitda": 188741000,
        "ebitdaratio": 0.0491227111,
        "operatingIncome": 126224000,
        "operatingIncomeRatio": 0.0328517126,
        "totalOtherIncomeExpensesNet": -14734000,
        "incomeBeforeTax": 111490000,
        "incomeBeforeTaxRatio": 0.0290169654,
        "incomeTaxExpense": 28710000,
        "netIncome": 77345000,
        "netIncomeRatio": 0.0201302107,
        "eps": 0.55,
        "epsdiluted": 0.55,
        "weightedAverageShsOut": 140713000,
        "weightedAverageShsOutDil": 141549000,
        "link": "https://www.sec.gov/Archives/edgar/data/1124198/000110465918065439/0001104659-18-065439-index.htm",
        "finalLink": "https://www.sec.gov/Archives/edgar/data/1124198/000110465918065439/a18-18988_110q.htm"
    },
    {
        "date": "2018-06-30",
        "symbol": "FLR",
        "reportedCurrency": "USD",
        "cik": "0001124198",
        "fillingDate": "2018-08-02",
        "acceptedDate": "2018-08-02 16:27:36",
        "calendarYear": "2018",
        "period": "Q2",
        "revenue": 4883796000,
        "costOfRevenue": 4673644000,
        "grossProfit": 210152000,
        "grossProfitRatio": 0.0430304624,
        "researchAndDevelopmentExpenses": 0,
        "generalAndAdministrativeExpenses": 17776000,
        "sellingAndMarketingExpenses": 0,
        "sellingGeneralAndAdministrativeExpenses": 17776000,
        "otherExpenses": 192376000,
        "operatingExpenses": 210152000,
        "costAndExpenses": 4883796000,
        "interestIncome": 8043000,
        "interestExpense": 16784000,
        "depreciationAndAmortization": 55252000,
        "ebitda": 255671000,
        "ebitdaratio": 0.0523508762,
        "operatingIncome": 192376000,
        "operatingIncomeRatio": 0.0393906707,
        "totalOtherIncomeExpensesNet": -8741000,
        "incomeBeforeTax": 183635000,
        "incomeBeforeTaxRatio": 0.0376008744,
        "incomeTaxExpense": 52471000,
        "netIncome": 114832000,
        "netIncomeRatio": 0.0235128576,
        "eps": 0.82,
        "epsdiluted": 0.81,
        "weightedAverageShsOut": 140654000,
        "weightedAverageShsOutDil": 141306000,
        "link": "https://www.sec.gov/Archives/edgar/data/1124198/000110465918049205/0001104659-18-049205-index.htm",
        "finalLink": "https://www.sec.gov/Archives/edgar/data/1124198/000110465918049205/a18-14043_110q.htm"
    },
    {
        "date": "2018-03-31",
        "symbol": "FLR",
        "reportedCurrency": "USD",
        "cik": "0001124198",
        "fillingDate": "2018-05-03",
        "acceptedDate": "2018-05-03 16:32:25",
        "calendarYear": "2018",
        "period": "Q1",
        "revenue": 4823770000,
        "costOfRevenue": 4765975000,
        "grossProfit": 57795000,
        "grossProfitRatio": 0.0119812926,
        "researchAndDevelopmentExpenses": 0,
        "generalAndAdministrativeExpenses": 57271000,
        "sellingAndMarketingExpenses": 0,
        "sellingGeneralAndAdministrativeExpenses": 57271000,
        "otherExpenses": 524000,
        "operatingExpenses": 57795000,
        "costAndExpenses": 4823770000,
        "interestIncome": 7533000,
        "interestExpense": 17112000,
        "depreciationAndAmortization": 56654000,
        "ebitda": 64711000,
        "ebitdaratio": 0.013415026,
        "operatingIncome": 524000,
        "operatingIncomeRatio": 0.0001086287,
        "totalOtherIncomeExpensesNet": -9579000,
        "incomeBeforeTax": -9055000,
        "incomeBeforeTaxRatio": -0.0018771625,
        "incomeTaxExpense": 3006000,
        "netIncome": -17590000,
        "netIncomeRatio": -0.0036465254,
        "eps": -0.13,
        "epsdiluted": -0.13,
        "weightedAverageShsOut": 135308000,
        "weightedAverageShsOutDil": 140099000,
        "link": "https://www.sec.gov/Archives/edgar/data/1124198/000110465918030273/0001104659-18-030273-index.htm",
        "finalLink": "https://www.sec.gov/Archives/edgar/data/1124198/000110465918030273/a18-8612_110q.htm"
    },
    {
        "date": "2017-12-31",
        "symbol": "FLR",
        "reportedCurrency": "USD",
        "cik": "0001124198",
        "fillingDate": "2018-02-20",
        "acceptedDate": "2018-02-20 16:37:36",
        "calendarYear": "2017",
        "period": "Q4",
        "revenue": 5027339000,
        "costOfRevenue": 4812389000,
        "grossProfit": 214950000,
        "grossProfitRatio": 0.0427562176,
        "researchAndDevelopmentExpenses": 0,
        "generalAndAdministrativeExpenses": 53851000,
        "sellingAndMarketingExpenses": 0,
        "sellingGeneralAndAdministrativeExpenses": 53851000,
        "otherExpenses": 99000,
        "operatingExpenses": 53950000,
        "costAndExpenses": 4866339000,
        "interestIncome": 7129000,
        "interestExpense": 16647000,
        "depreciationAndAmortization": 57314000,
        "ebitda": 225542000,
        "ebitdaratio": 0.0448630976,
        "operatingIncome": 161000000,
        "operatingIncomeRatio": 0.0320248943,
        "totalOtherIncomeExpensesNet": -9419000,
        "incomeBeforeTax": 151581000,
        "incomeBeforeTaxRatio": 0.0301513385,
        "incomeTaxExpense": 70723000,
        "netIncome": 60300000,
        "netIncomeRatio": 0.0119944169,
        "eps": 0.43,
        "epsdiluted": 0.43,
        "weightedAverageShsOut": 139900000,
        "weightedAverageShsOutDil": 141000000,
        "link": "https://www.sec.gov/Archives/edgar/data/1124198/000104746918000900/0001047469-18-000900-index.htm",
        "finalLink": "https://www.sec.gov/Archives/edgar/data/1124198/000104746918000900/a2234507z10-k.htm"
    },
    {
        "date": "2017-09-30",
        "symbol": "FLR",
        "reportedCurrency": "USD",
        "cik": "0001124198",
        "fillingDate": "2017-11-02",
        "acceptedDate": "2017-11-02 16:31:42",
        "calendarYear": "2017",
        "period": "Q3",
        "revenue": 4941634000,
        "costOfRevenue": 4720071000,
        "grossProfit": 221563000,
        "grossProfitRatio": 0.0448359794,
        "researchAndDevelopmentExpenses": 0,
        "generalAndAdministrativeExpenses": 45973000,
        "sellingAndMarketingExpenses": 0,
        "sellingGeneralAndAdministrativeExpenses": 45973000,
        "otherExpenses": 175590000,
        "operatingExpenses": 221563000,
        "costAndExpenses": 4941634000,
        "interestIncome": 6749000,
        "interestExpense": 16955000,
        "depreciationAndAmortization": 56514000,
        "ebitda": 238853000,
        "ebitdaratio": 0.048334822,
        "operatingIncome": 175590000,
        "operatingIncomeRatio": 0.0355327813,
        "totalOtherIncomeExpensesNet": -10206000,
        "incomeBeforeTax": 165384000,
        "incomeBeforeTaxRatio": 0.0334674725,
        "incomeTaxExpense": 52495000,
        "netIncome": 94463000,
        "netIncomeRatio": 0.0191157419,
        "eps": 0.68,
        "epsdiluted": 0.67,
        "weightedAverageShsOut": 139887000,
        "weightedAverageShsOutDil": 140830000,
        "link": "https://www.sec.gov/Archives/edgar/data/1124198/000110465917065675/0001104659-17-065675-index.htm",
        "finalLink": "https://www.sec.gov/Archives/edgar/data/1124198/000110465917065675/a17-20578_110q.htm"
    },
    {
        "date": "2017-06-30",
        "symbol": "FLR",
        "reportedCurrency": "USD",
        "cik": "0001124198",
        "fillingDate": "2017-08-03",
        "acceptedDate": "2017-08-03 16:27:45",
        "calendarYear": "2017",
        "period": "Q2",
        "revenue": 4716092000,
        "costOfRevenue": 4684116000,
        "grossProfit": 31976000,
        "grossProfitRatio": 0.00678019,
        "researchAndDevelopmentExpenses": 0,
        "generalAndAdministrativeExpenses": 47315000,
        "sellingAndMarketingExpenses": 0,
        "sellingGeneralAndAdministrativeExpenses": 47315000,
        "otherExpenses": -15339000,
        "operatingExpenses": 31976000,
        "costAndExpenses": 4716092000,
        "interestIncome": 7863000,
        "interestExpense": 16473000,
        "depreciationAndAmortization": 55664000,
        "ebitda": 48188000,
        "ebitdaratio": 0.010217782,
        "operatingIncome": -15339000,
        "operatingIncomeRatio": -0.0032524811,
        "totalOtherIncomeExpensesNet": -8610000,
        "incomeBeforeTax": -23949000,
        "incomeBeforeTaxRatio": -0.0050781452,
        "incomeTaxExpense": -17317000,
        "netIncome": -24025000,
        "netIncomeRatio": -0.0050942602,
        "eps": -0.17,
        "epsdiluted": -0.17,
        "weightedAverageShsOut": 139818000,
        "weightedAverageShsOutDil": 139818000,
        "link": "https://www.sec.gov/Archives/edgar/data/1124198/000110465917049319/0001104659-17-049319-index.htm",
        "finalLink": "https://www.sec.gov/Archives/edgar/data/1124198/000110465917049319/a17-13290_110q.htm"
    },
    {
        "date": "2017-03-31",
        "symbol": "FLR",
        "reportedCurrency": "USD",
        "cik": "0001124198",
        "fillingDate": "2017-05-04",
        "acceptedDate": "2017-05-04 16:32:58",
        "calendarYear": "2017",
        "period": "Q1",
        "revenue": 4835905000,
        "costOfRevenue": 4685904000,
        "grossProfit": 150001000,
        "grossProfitRatio": 0.0310181858,
        "researchAndDevelopmentExpenses": 0,
        "generalAndAdministrativeExpenses": 45048000,
        "sellingAndMarketingExpenses": 0,
        "sellingGeneralAndAdministrativeExpenses": 45048000,
        "otherExpenses": 104953000,
        "operatingExpenses": 150001000,
        "costAndExpenses": 4835905000,
        "interestIncome": 6035000,
        "interestExpense": 17563000,
        "depreciationAndAmortization": 55777000,
        "ebitda": 166765000,
        "ebitdaratio": 0.0344847552,
        "operatingIncome": 104953000,
        "operatingIncomeRatio": 0.0217028664,
        "totalOtherIncomeExpensesNet": -11528000,
        "incomeBeforeTax": 93425000,
        "incomeBeforeTaxRatio": 0.0193190313,
        "incomeTaxExpense": 16071000,
        "netIncome": 60611000,
        "netIncomeRatio": 0.0125335382,
        "eps": 0.43,
        "epsdiluted": 0.43,
        "weightedAverageShsOut": 139443000,
        "weightedAverageShsOutDil": 140958000,
        "link": "https://www.sec.gov/Archives/edgar/data/1124198/000110465917029914/0001104659-17-029914-index.htm",
        "finalLink": "https://www.sec.gov/Archives/edgar/data/1124198/000110465917029914/a17-8824_110q.htm"
    },
    {
        "date": "2016-12-31",
        "symbol": "FLR",
        "reportedCurrency": "USD",
        "cik": "0001124198",
        "fillingDate": "2017-02-17",
        "acceptedDate": "2017-02-17 07:58:44",
        "calendarYear": "2016",
        "period": "Q4",
        "revenue": 4989655000,
        "costOfRevenue": 4740637000,
        "grossProfit": 249018000,
        "grossProfitRatio": 0.0499068573,
        "researchAndDevelopmentExpenses": 0,
        "generalAndAdministrativeExpenses": 56176000,
        "sellingAndMarketingExpenses": 0,
        "sellingGeneralAndAdministrativeExpenses": 56176000,
        "otherExpenses": 192842000,
        "operatingExpenses": 249018000,
        "costAndExpenses": 4989655000,
        "interestIncome": 4734000,
        "interestExpense": 18948000,
        "depreciationAndAmortization": 58374000,
        "ebitda": 255950000,
        "ebitdaratio": 0.0512961317,
        "operatingIncome": 192842000,
        "operatingIncomeRatio": 0.0386483635,
        "totalOtherIncomeExpensesNet": -14214000,
        "incomeBeforeTax": 178628000,
        "incomeBeforeTaxRatio": 0.0357996695,
        "incomeTaxExpense": 107650000,
        "netIncome": 70500000,
        "netIncomeRatio": 0.0141292334,
        "eps": 0.51,
        "epsdiluted": 0.5,
        "weightedAverageShsOut": 139300000,
        "weightedAverageShsOutDil": 141100000,
        "link": "https://www.sec.gov/Archives/edgar/data/1124198/000104746917000724/0001047469-17-000724-index.htm",
        "finalLink": "https://www.sec.gov/Archives/edgar/data/1124198/000104746917000724/a2230876z10-k.htm"
    },
    {
        "date": "2016-09-30",
        "symbol": "FLR",
        "reportedCurrency": "USD",
        "cik": "0001124198",
        "fillingDate": "2016-11-03",
        "acceptedDate": "2016-11-03 16:29:23",
        "calendarYear": "2016",
        "period": "Q3",
        "revenue": 4766864000,
        "costOfRevenue": 4729637000,
        "grossProfit": 37227000,
        "grossProfitRatio": 0.0078095368,
        "researchAndDevelopmentExpenses": 0,
        "generalAndAdministrativeExpenses": 27144000,
        "sellingAndMarketingExpenses": 0,
        "sellingGeneralAndAdministrativeExpenses": 27144000,
        "otherExpenses": 10083000,
        "operatingExpenses": 37227000,
        "costAndExpenses": 4766864000,
        "interestIncome": 4643000,
        "interestExpense": 17377000,
        "depreciationAndAmortization": 58958000,
        "ebitda": 73684000,
        "ebitdaratio": 0.0154575419,
        "operatingIncome": 10083000,
        "operatingIncomeRatio": 0.0021152271,
        "totalOtherIncomeExpensesNet": -12734000,
        "incomeBeforeTax": -2651000,
        "incomeBeforeTaxRatio": -0.0005561308,
        "incomeTaxExpense": -20057000,
        "netIncome": 4804000,
        "netIncomeRatio": 0.0010077904,
        "eps": 0.03,
        "epsdiluted": 0.03,
        "weightedAverageShsOut": 139250000,
        "weightedAverageShsOutDil": 140924000,
        "link": "https://www.sec.gov/Archives/edgar/data/1124198/000110465916154586/0001104659-16-154586-index.htm",
        "finalLink": "https://www.sec.gov/Archives/edgar/data/1124198/000110465916154586/a16-17119_110q.htm"
    },
    {
        "date": "2016-06-30",
        "symbol": "FLR",
        "reportedCurrency": "USD",
        "cik": "0001124198",
        "fillingDate": "2016-08-04",
        "acceptedDate": "2016-08-04 16:22:57",
        "calendarYear": "2016",
        "period": "Q2",
        "revenue": 4856117000,
        "costOfRevenue": 4607868000,
        "grossProfit": 248249000,
        "grossProfitRatio": 0.0511208853,
        "researchAndDevelopmentExpenses": 0,
        "generalAndAdministrativeExpenses": 52640000,
        "sellingAndMarketingExpenses": 0,
        "sellingGeneralAndAdministrativeExpenses": 52640000,
        "otherExpenses": 195609000,
        "operatingExpenses": 248249000,
        "costAndExpenses": 4856117000,
        "interestIncome": 4512000,
        "interestExpense": 18719000,
        "depreciationAndAmortization": 61212000,
        "ebitda": 261333000,
        "ebitdaratio": 0.053815219,
        "operatingIncome": 195609000,
        "operatingIncomeRatio": 0.0402809487,
        "totalOtherIncomeExpensesNet": -14207000,
        "incomeBeforeTax": 181402000,
        "incomeBeforeTaxRatio": 0.0373553603,
        "incomeTaxExpense": 61348000,
        "netIncome": 101813000,
        "netIncomeRatio": 0.0209659281,
        "eps": 0.73,
        "epsdiluted": 0.72,
        "weightedAverageShsOut": 139226000,
        "weightedAverageShsOutDil": 140801000,
        "link": "https://www.sec.gov/Archives/edgar/data/1124198/000110465916137043/0001104659-16-137043-index.htm",
        "finalLink": "https://www.sec.gov/Archives/edgar/data/1124198/000110465916137043/a16-11501_110q.htm"
    },
    {
        "date": "2016-03-31",
        "symbol": "FLR",
        "reportedCurrency": "USD",
        "cik": "0001124198",
        "fillingDate": "2016-05-05",
        "acceptedDate": "2016-05-05 16:27:07",
        "calendarYear": "2016",
        "period": "Q1",
        "revenue": 4423889000,
        "costOfRevenue": 4168067000,
        "grossProfit": 255822000,
        "grossProfitRatio": 0.0578274003,
        "researchAndDevelopmentExpenses": 0,
        "generalAndAdministrativeExpenses": 55113000,
        "sellingAndMarketingExpenses": 0,
        "sellingGeneralAndAdministrativeExpenses": 55113000,
        "otherExpenses": 200709000,
        "operatingExpenses": 255822000,
        "costAndExpenses": 4423889000,
        "interestIncome": 3156000,
        "interestExpense": 14645000,
        "depreciationAndAmortization": 47369000,
        "ebitda": 251234000,
        "ebitdaratio": 0.0567903037,
        "operatingIncome": 200709000,
        "operatingIncomeRatio": 0.0453693571,
        "totalOtherIncomeExpensesNet": -11489000,
        "incomeBeforeTax": 189220000,
        "incomeBeforeTaxRatio": 0.0427723209,
        "incomeTaxExpense": 70209000,
        "netIncome": 104323000,
        "netIncomeRatio": 0.02358174,
        "eps": 0.75,
        "epsdiluted": 0.74,
        "weightedAverageShsOut": 138950000,
        "weightedAverageShsOutDil": 140865000,
        "link": "https://www.sec.gov/Archives/edgar/data/1124198/000110465916118320/0001104659-16-118320-index.htm",
        "finalLink": "https://www.sec.gov/Archives/edgar/data/1124198/000110465916118320/a16-6569_110q.htm"
    },
    {
        "date": "2015-12-31",
        "symbol": "FLR",
        "reportedCurrency": "USD",
        "cik": "0001124198",
        "fillingDate": "2016-02-18",
        "acceptedDate": "2016-02-18 16:33:56",
        "calendarYear": "2015",
        "period": "Q4",
        "revenue": 4370681000,
        "costOfRevenue": 4118219000,
        "grossProfit": 252462000,
        "grossProfitRatio": 0.0577626233,
        "researchAndDevelopmentExpenses": 0,
        "generalAndAdministrativeExpenses": 284165000,
        "sellingAndMarketingExpenses": 0,
        "sellingGeneralAndAdministrativeExpenses": 284165000,
        "otherExpenses": -31703000,
        "operatingExpenses": 252462000,
        "costAndExpenses": 4370681000,
        "interestIncome": 3349000,
        "interestExpense": 11031000,
        "depreciationAndAmortization": 48109000,
        "ebitda": 19755000,
        "ebitdaratio": 0.0045198906,
        "operatingIncome": -31703000,
        "operatingIncomeRatio": -0.0072535607,
        "totalOtherIncomeExpensesNet": -7682000,
        "incomeBeforeTax": -39385000,
        "incomeBeforeTaxRatio": -0.0090111816,
        "incomeTaxExpense": -6908000,
        "netIncome": -51400000,
        "netIncomeRatio": -0.0117601811,
        "eps": -0.37,
        "epsdiluted": -0.36,
        "weightedAverageShsOut": 140447000,
        "weightedAverageShsOutDil": 140900000,
        "link": "https://www.sec.gov/Archives/edgar/data/1124198/000104746916010220/0001047469-16-010220-index.htm",
        "finalLink": "https://www.sec.gov/Archives/edgar/data/1124198/000104746916010220/a2227314z10-k.htm"
    },
    {
        "date": "2015-09-30",
        "symbol": "FLR",
        "reportedCurrency": "USD",
        "cik": "0001124198",
        "fillingDate": "2015-10-29",
        "acceptedDate": "2015-10-29 16:24:48",
        "calendarYear": "2015",
        "period": "Q3",
        "revenue": 4384612000,
        "costOfRevenue": 4133819000,
        "grossProfit": 250793000,
        "grossProfitRatio": 0.0571984477,
        "researchAndDevelopmentExpenses": 0,
        "generalAndAdministrativeExpenses": 35165000,
        "sellingAndMarketingExpenses": 0,
        "sellingGeneralAndAdministrativeExpenses": 35165000,
        "otherExpenses": 215628000,
        "operatingExpenses": 250793000,
        "costAndExpenses": 4384612000,
        "interestIncome": 4590000,
        "interestExpense": 10170000,
        "depreciationAndAmortization": 46489000,
        "ebitda": 334869000,
        "ebitdaratio": 0.0763736905,
        "operatingIncome": 215628000,
        "operatingIncomeRatio": 0.0491783538,
        "totalOtherIncomeExpensesNet": 62582000,
        "incomeBeforeTax": 278210000,
        "incomeBeforeTaxRatio": 0.0634514525,
        "incomeTaxExpense": 91417000,
        "netIncome": 171283000,
        "netIncomeRatio": 0.039064574,
        "eps": 1.19,
        "epsdiluted": 1.17,
        "weightedAverageShsOut": 144293000,
        "weightedAverageShsOutDil": 146085000,
        "link": "https://www.sec.gov/Archives/edgar/data/1124198/000110465915074113/0001104659-15-074113-index.htm",
        "finalLink": "https://www.sec.gov/Archives/edgar/data/1124198/000110465915074113/a15-17934_110q.htm"
    },
    {
        "date": "2015-06-30",
        "symbol": "FLR",
        "reportedCurrency": "USD",
        "cik": "0001124198",
        "fillingDate": "2015-07-30",
        "acceptedDate": "2015-07-30 16:25:06",
        "calendarYear": "2015",
        "period": "Q2",
        "revenue": 4810106000,
        "costOfRevenue": 4516125000,
        "grossProfit": 293981000,
        "grossProfitRatio": 0.0611173641,
        "researchAndDevelopmentExpenses": 0,
        "generalAndAdministrativeExpenses": 47785000,
        "sellingAndMarketingExpenses": 0,
        "sellingGeneralAndAdministrativeExpenses": 47785000,
        "otherExpenses": 246196000,
        "operatingExpenses": 293981000,
        "costAndExpenses": 4810106000,
        "interestIncome": 4054000,
        "interestExpense": 11401000,
        "depreciationAndAmortization": 47114000,
        "ebitda": 297364000,
        "ebitdaratio": 0.0618206751,
        "operatingIncome": 246196000,
        "operatingIncomeRatio": 0.0511830716,
        "totalOtherIncomeExpensesNet": -7347000,
        "incomeBeforeTax": 238849000,
        "incomeBeforeTaxRatio": 0.0496556625,
        "incomeTaxExpense": 78105000,
        "netIncome": 148500000,
        "netIncomeRatio": 0.0308725005,
        "eps": 1.02,
        "epsdiluted": 1,
        "weightedAverageShsOut": 146300000,
        "weightedAverageShsOutDil": 147900000,
        "link": "https://www.sec.gov/Archives/edgar/data/1124198/000110465915054879/0001104659-15-054879-index.htm",
        "finalLink": "https://www.sec.gov/Archives/edgar/data/1124198/000110465915054879/a15-12030_110q.htm"
    },
    {
        "date": "2015-03-31",
        "symbol": "FLR",
        "reportedCurrency": "USD",
        "cik": "0001124198",
        "fillingDate": "2015-04-30",
        "acceptedDate": "2015-04-30 16:21:44",
        "calendarYear": "2015",
        "period": "Q1",
        "revenue": 4548649000,
        "costOfRevenue": 4251189000,
        "grossProfit": 297460000,
        "grossProfitRatio": 0.0653952415,
        "researchAndDevelopmentExpenses": 0,
        "generalAndAdministrativeExpenses": 41110000,
        "sellingAndMarketingExpenses": 0,
        "sellingGeneralAndAdministrativeExpenses": 41110000,
        "otherExpenses": 256350000,
        "operatingExpenses": 297460000,
        "costAndExpenses": 4548649000,
        "interestIncome": 4696000,
        "interestExpense": 12168000,
        "depreciationAndAmortization": 48026000,
        "ebitda": 309072000,
        "ebitdaratio": 0.0679480874,
        "operatingIncome": 256350000,
        "operatingIncomeRatio": 0.0563573932,
        "totalOtherIncomeExpensesNet": -7472000,
        "incomeBeforeTax": 248878000,
        "incomeBeforeTaxRatio": 0.0547147076,
        "incomeTaxExpense": 83274000,
        "netIncome": 144079000,
        "netIncomeRatio": 0.0316751194,
        "eps": 0.98,
        "epsdiluted": 0.96,
        "weightedAverageShsOut": 147731000,
        "weightedAverageShsOutDil": 149915000,
        "link": "https://www.sec.gov/Archives/edgar/data/1124198/000110465915032555/0001104659-15-032555-index.htm",
        "finalLink": "https://www.sec.gov/Archives/edgar/data/1124198/000110465915032555/a15-7706_110q.htm"
    },
    {
        "date": "2014-12-31",
        "symbol": "FLR",
        "reportedCurrency": "USD",
        "cik": "0001124198",
        "fillingDate": "2015-02-18",
        "acceptedDate": "2015-02-18 07:58:00",
        "calendarYear": "2014",
        "period": "Q4",
        "revenue": 5455196000,
        "costOfRevenue": 5093928000,
        "grossProfit": 361268000,
        "grossProfitRatio": 0.0662245683,
        "researchAndDevelopmentExpenses": 0,
        "generalAndAdministrativeExpenses": 53096000,
        "sellingAndMarketingExpenses": 0,
        "sellingGeneralAndAdministrativeExpenses": 53096000,
        "otherExpenses": 308172000,
        "operatingExpenses": 361268000,
        "costAndExpenses": 5455196000,
        "interestIncome": 5956000,
        "interestExpense": 9360000,
        "depreciationAndAmortization": 48100000,
        "ebitda": 362228000,
        "ebitdaratio": 0.0664005473,
        "operatingIncome": 308172000,
        "operatingIncomeRatio": 0.0564914625,
        "totalOtherIncomeExpensesNet": -3404000,
        "incomeBeforeTax": 304768000,
        "incomeBeforeTaxRatio": 0.0558674702,
        "incomeTaxExpense": 69896000,
        "netIncome": 214543000,
        "netIncomeRatio": 0.0393281928,
        "eps": 1.45,
        "epsdiluted": 1.45,
        "weightedAverageShsOut": 147731000,
        "weightedAverageShsOutDil": 147731000,
        "link": "https://www.sec.gov/Archives/edgar/data/1124198/000104746915000891/0001047469-15-000891-index.htm",
        "finalLink": "https://www.sec.gov/Archives/edgar/data/1124198/000104746915000891/a2222981z10-k.htm"
    },
    {
        "date": "2014-09-30",
        "symbol": "FLR",
        "reportedCurrency": "USD",
        "cik": "0001124198",
        "fillingDate": "2014-10-30",
        "acceptedDate": "2014-10-30 16:18:37",
        "calendarYear": "2014",
        "period": "Q3",
        "revenue": 5440081000,
        "costOfRevenue": 5059960000,
        "grossProfit": 380121000,
        "grossProfitRatio": 0.0698741434,
        "researchAndDevelopmentExpenses": 0,
        "generalAndAdministrativeExpenses": 35131000,
        "sellingAndMarketingExpenses": 0,
        "sellingGeneralAndAdministrativeExpenses": 35131000,
        "otherExpenses": 344990000,
        "operatingExpenses": 380121000,
        "costAndExpenses": 5440081000,
        "interestIncome": 4373000,
        "interestExpense": 5979000,
        "depreciationAndAmortization": 49185000,
        "ebitda": 398548000,
        "ebitdaratio": 0.0732614092,
        "operatingIncome": 344990000,
        "operatingIncomeRatio": 0.0634163352,
        "totalOtherIncomeExpensesNet": -1606000,
        "incomeBeforeTax": 343384000,
        "incomeBeforeTaxRatio": 0.063121119,
        "incomeTaxExpense": 114635000,
        "netIncome": 69502000,
        "netIncomeRatio": 0.0127759127,
        "eps": 0.44,
        "epsdiluted": 0.44,
        "weightedAverageShsOut": 157332000,
        "weightedAverageShsOutDil": 159456000,
        "link": "https://www.sec.gov/Archives/edgar/data/1124198/000110465914075263/0001104659-14-075263-index.htm",
        "finalLink": "https://www.sec.gov/Archives/edgar/data/1124198/000110465914075263/a14-19721_110q.htm"
    },
    {
        "date": "2014-06-30",
        "symbol": "FLR",
        "reportedCurrency": "USD",
        "cik": "0001124198",
        "fillingDate": "2014-07-31",
        "acceptedDate": "2014-07-31 16:28:03",
        "calendarYear": "2014",
        "period": "Q2",
        "revenue": 5251664000,
        "costOfRevenue": 4906352000,
        "grossProfit": 345312000,
        "grossProfitRatio": 0.0657528738,
        "researchAndDevelopmentExpenses": 0,
        "generalAndAdministrativeExpenses": 56711000,
        "sellingAndMarketingExpenses": 0,
        "sellingGeneralAndAdministrativeExpenses": 56711000,
        "otherExpenses": 288601000,
        "operatingExpenses": 345312000,
        "costAndExpenses": 5251664000,
        "interestIncome": 4133000,
        "interestExpense": 7445000,
        "depreciationAndAmortization": 46594000,
        "ebitda": 339328000,
        "ebitdaratio": 0.0646134254,
        "operatingIncome": 288601000,
        "operatingIncomeRatio": 0.0549542012,
        "totalOtherIncomeExpensesNet": -3312000,
        "incomeBeforeTax": 285289000,
        "incomeBeforeTaxRatio": 0.0543235439,
        "incomeTaxExpense": 90126000,
        "netIncome": 77790000,
        "netIncomeRatio": 0.014812448,
        "eps": 0.49,
        "epsdiluted": 0.48,
        "weightedAverageShsOut": 158465000,
        "weightedAverageShsOutDil": 160454000,
        "link": "https://www.sec.gov/Archives/edgar/data/1124198/000110465914055502/0001104659-14-055502-index.htm",
        "finalLink": "https://www.sec.gov/Archives/edgar/data/1124198/000110465914055502/a14-13989_110q.htm"
    },
    {
        "date": "2014-03-31",
        "symbol": "FLR",
        "reportedCurrency": "USD",
        "cik": "0001124198",
        "fillingDate": "2014-05-01",
        "acceptedDate": "2014-05-01 16:25:23",
        "calendarYear": "2014",
        "period": "Q1",
        "revenue": 5384636000,
        "costOfRevenue": 5072304000,
        "grossProfit": 312332000,
        "grossProfitRatio": 0.0580042922,
        "researchAndDevelopmentExpenses": 0,
        "generalAndAdministrativeExpenses": 37773000,
        "sellingAndMarketingExpenses": 0,
        "sellingGeneralAndAdministrativeExpenses": 37773000,
        "otherExpenses": 274559000,
        "operatingExpenses": 312332000,
        "costAndExpenses": 5384636000,
        "interestIncome": 3806000,
        "interestExpense": 6897000,
        "depreciationAndAmortization": 48715000,
        "ebitda": 327080000,
        "ebitdaratio": 0.060743196,
        "operatingIncome": 274559000,
        "operatingIncomeRatio": 0.0509893334,
        "totalOtherIncomeExpensesNet": -3091000,
        "incomeBeforeTax": 271468000,
        "incomeBeforeTaxRatio": 0.0504152927,
        "incomeTaxExpense": 78158000,
        "netIncome": 149074000,
        "netIncomeRatio": 0.0276850654,
        "eps": 0.93,
        "epsdiluted": 0.92,
        "weightedAverageShsOut": 160213000,
        "weightedAverageShsOutDil": 162360000,
        "link": "https://www.sec.gov/Archives/edgar/data/1124198/000110465914033525/0001104659-14-033525-index.htm",
        "finalLink": "https://www.sec.gov/Archives/edgar/data/1124198/000110465914033525/a14-9389_110q.htm"
    },
    {
        "date": "2013-12-31",
        "symbol": "FLR",
        "reportedCurrency": "USD",
        "cik": "0001124198",
        "fillingDate": "2014-02-18",
        "acceptedDate": "2014-02-18 16:27:01",
        "calendarYear": "2013",
        "period": "Q4",
        "revenue": 6291405000,
        "costOfRevenue": 5955475000,
        "grossProfit": 335930000,
        "grossProfitRatio": 0.0533950684,
        "researchAndDevelopmentExpenses": 0,
        "generalAndAdministrativeExpenses": 64558000,
        "sellingAndMarketingExpenses": 0,
        "sellingGeneralAndAdministrativeExpenses": 64558000,
        "otherExpenses": 271372000,
        "operatingExpenses": 335930000,
        "costAndExpenses": 6291405000,
        "interestIncome": 3495000,
        "interestExpense": 7049000,
        "depreciationAndAmortization": 44258000,
        "ebitda": 319125000,
        "ebitdaratio": 0.0507239639,
        "operatingIncome": 271372000,
        "operatingIncomeRatio": 0.0431337674,
        "totalOtherIncomeExpensesNet": -3554000,
        "incomeBeforeTax": 267818000,
        "incomeBeforeTaxRatio": 0.0425688698,
        "incomeTaxExpense": 82739000,
        "netIncome": 166795000,
        "netIncomeRatio": 0.0265115662,
        "eps": 1.04,
        "epsdiluted": 1.04,
        "weightedAverageShsOut": 160213000,
        "weightedAverageShsOutDil": 160213000,
        "link": "https://www.sec.gov/Archives/edgar/data/1124198/000104746914000988/0001047469-14-000988-index.htm",
        "finalLink": "https://www.sec.gov/Archives/edgar/data/1124198/000104746914000988/a2218252z10-k.htm"
    },
    {
        "date": "2013-09-30",
        "symbol": "FLR",
        "reportedCurrency": "USD",
        "cik": "0001124198",
        "fillingDate": "2013-10-31",
        "acceptedDate": "2013-10-31 16:19:29",
        "calendarYear": "2013",
        "period": "Q3",
        "revenue": 6684216000,
        "costOfRevenue": 6329685000,
        "grossProfit": 354531000,
        "grossProfitRatio": 0.0530400274,
        "researchAndDevelopmentExpenses": 0,
        "generalAndAdministrativeExpenses": 46070000,
        "sellingAndMarketingExpenses": 0,
        "sellingGeneralAndAdministrativeExpenses": 46070000,
        "otherExpenses": 308461000,
        "operatingExpenses": 354531000,
        "costAndExpenses": 6684216000,
        "interestIncome": 2716000,
        "interestExpense": 6435000,
        "depreciationAndAmortization": 53614000,
        "ebitda": 364791000,
        "ebitdaratio": 0.0545749868,
        "operatingIncome": 308461000,
        "operatingIncomeRatio": 0.0461476709,
        "totalOtherIncomeExpensesNet": -3719000,
        "incomeBeforeTax": 304742000,
        "incomeBeforeTaxRatio": 0.0455912855,
        "incomeTaxExpense": 87391000,
        "netIncome": 173046000,
        "netIncomeRatio": 0.0258887505,
        "eps": 1.06,
        "epsdiluted": 1.05,
        "weightedAverageShsOut": 162940000,
        "weightedAverageShsOutDil": 164845000,
        "link": "https://www.sec.gov/Archives/edgar/data/1124198/000110465913079667/0001104659-13-079667-index.htm",
        "finalLink": "https://www.sec.gov/Archives/edgar/data/1124198/000110465913079667/a13-19633_110q.htm"
    },
    {
        "date": "2013-06-30",
        "symbol": "FLR",
        "reportedCurrency": "USD",
        "cik": "0001124198",
        "fillingDate": "2013-08-01",
        "acceptedDate": "2013-08-01 07:43:24",
        "calendarYear": "2013",
        "period": "Q2",
        "revenue": 7190328000,
        "costOfRevenue": 6857472000,
        "grossProfit": 332856000,
        "grossProfitRatio": 0.0462921858,
        "researchAndDevelopmentExpenses": 0,
        "generalAndAdministrativeExpenses": 31918000,
        "sellingAndMarketingExpenses": 0,
        "sellingGeneralAndAdministrativeExpenses": 31918000,
        "otherExpenses": 300938000,
        "operatingExpenses": 332856000,
        "costAndExpenses": 7190328000,
        "interestIncome": 4216000,
        "interestExpense": 6448000,
        "depreciationAndAmortization": 54287000,
        "ebitda": 359441000,
        "ebitdaratio": 0.0499895137,
        "operatingIncome": 300938000,
        "operatingIncomeRatio": 0.0418531672,
        "totalOtherIncomeExpensesNet": -2232000,
        "incomeBeforeTax": 298706000,
        "incomeBeforeTaxRatio": 0.0415427502,
        "incomeTaxExpense": 91366000,
        "netIncome": 161412000,
        "netIncomeRatio": 0.0224484891,
        "eps": 0.99,
        "epsdiluted": 0.98,
        "weightedAverageShsOut": 162797000,
        "weightedAverageShsOutDil": 164135000,
        "link": "https://www.sec.gov/Archives/edgar/data/1124198/000110465913058637/0001104659-13-058637-index.htm",
        "finalLink": "https://www.sec.gov/Archives/edgar/data/1124198/000110465913058637/a13-13756_110q.htm"
    },
    {
        "date": "2013-03-31",
        "symbol": "FLR",
        "reportedCurrency": "USD",
        "cik": "0001124198",
        "fillingDate": "2013-05-02",
        "acceptedDate": "2013-05-02 16:17:51",
        "calendarYear": "2013",
        "period": "Q1",
        "revenue": 7185624000,
        "costOfRevenue": 6843750000,
        "grossProfit": 341874000,
        "grossProfitRatio": 0.0475774964,
        "researchAndDevelopmentExpenses": 0,
        "generalAndAdministrativeExpenses": 32602000,
        "sellingAndMarketingExpenses": 0,
        "sellingGeneralAndAdministrativeExpenses": 32602000,
        "otherExpenses": 309272000,
        "operatingExpenses": 341874000,
        "costAndExpenses": 7185624000,
        "interestIncome": 4016000,
        "interestExpense": 6955000,
        "depreciationAndAmortization": 54939000,
        "ebitda": 368227000,
        "ebitdaratio": 0.051244958,
        "operatingIncome": 309272000,
        "operatingIncomeRatio": 0.0430403817,
        "totalOtherIncomeExpensesNet": -2939000,
        "incomeBeforeTax": 306333000,
        "incomeBeforeTaxRatio": 0.0426313706,
        "incomeTaxExpense": 93077000,
        "netIncome": 166458000,
        "netIncomeRatio": 0.0231654203,
        "eps": 1.02,
        "epsdiluted": 1.02,
        "weightedAverageShsOut": 162408000,
        "weightedAverageShsOutDil": 163991000,
        "link": "https://www.sec.gov/Archives/edgar/data/1124198/000110465913036608/0001104659-13-036608-index.htm",
        "finalLink": "https://www.sec.gov/Archives/edgar/data/1124198/000110465913036608/a13-8436_110q.htm"
    },
    {
        "date": "2012-12-31",
        "symbol": "FLR",
        "reportedCurrency": "USD",
        "cik": "0001124198",
        "fillingDate": "2013-02-20",
        "acceptedDate": "2013-02-20 16:26:17",
        "calendarYear": "2012",
        "period": "Q4",
        "revenue": 7022722000,
        "costOfRevenue": 7038364000,
        "grossProfit": -15642000,
        "grossProfitRatio": -0.0022273415,
        "researchAndDevelopmentExpenses": 0,
        "generalAndAdministrativeExpenses": 41078000,
        "sellingAndMarketingExpenses": 0,
        "sellingGeneralAndAdministrativeExpenses": 41078000,
        "otherExpenses": -56720000,
        "operatingExpenses": -15642000,
        "costAndExpenses": 7022722000,
        "interestIncome": 4599000,
        "interestExpense": 7857000,
        "depreciationAndAmortization": 55345000,
        "ebitda": 3224000,
        "ebitdaratio": 0.0004590813,
        "operatingIncome": -56720000,
        "operatingIncomeRatio": -0.0080766404,
        "totalOtherIncomeExpensesNet": -3258000,
        "incomeBeforeTax": -59978000,
        "incomeBeforeTaxRatio": -0.008540563,
        "incomeTaxExpense": -89011000,
        "netIncome": -4325000,
        "netIncomeRatio": -0.0006158581,
        "eps": -0.0266,
        "epsdiluted": -0.0266,
        "weightedAverageShsOut": 162408000,
        "weightedAverageShsOutDil": 162408000,
        "link": "https://www.sec.gov/Archives/edgar/data/1124198/000104746913001314/0001047469-13-001314-index.htm",
        "finalLink": "https://www.sec.gov/Archives/edgar/data/1124198/000104746913001314/a2212874z10-k.htm"
    },
    {
        "date": "2012-09-30",
        "symbol": "FLR",
        "reportedCurrency": "USD",
        "cik": "0001124198",
        "fillingDate": "2012-11-01",
        "acceptedDate": "2012-11-01 16:19:23",
        "calendarYear": "2012",
        "period": "Q3",
        "revenue": 7136056000,
        "costOfRevenue": 6829781000,
        "grossProfit": 306275000,
        "grossProfitRatio": 0.0429193661,
        "researchAndDevelopmentExpenses": 0,
        "generalAndAdministrativeExpenses": 40884000,
        "sellingAndMarketingExpenses": 0,
        "sellingGeneralAndAdministrativeExpenses": 40884000,
        "otherExpenses": 0,
        "operatingExpenses": 40884000,
        "costAndExpenses": 6870665000,
        "interestIncome": 6001000,
        "interestExpense": 6890000,
        "depreciationAndAmortization": 53207000,
        "ebitda": 324599000,
        "ebitdaratio": 0.0454871711,
        "operatingIncome": 265391000,
        "operatingIncomeRatio": 0.037190151,
        "totalOtherIncomeExpensesNet": -889000,
        "incomeBeforeTax": 264502000,
        "incomeBeforeTaxRatio": 0.0370655724,
        "incomeTaxExpense": 92164000,
        "netIncome": 144583000,
        "netIncomeRatio": 0.0202609116,
        "eps": 0.87,
        "epsdiluted": 0.86,
        "weightedAverageShsOut": 166660000,
        "weightedAverageShsOutDil": 167968000,
        "link": "https://www.sec.gov/Archives/edgar/data/1124198/000110465912073203/0001104659-12-073203-index.htm",
        "finalLink": "https://www.sec.gov/Archives/edgar/data/1124198/000110465912073203/a12-19913_110q.htm"
    },
    {
        "date": "2012-06-30",
        "symbol": "FLR",
        "reportedCurrency": "USD",
        "cik": "0001124198",
        "fillingDate": "2012-08-02",
        "acceptedDate": "2012-08-02 16:23:33",
        "calendarYear": "2012",
        "period": "Q2",
        "revenue": 7128249000,
        "costOfRevenue": 6809783000,
        "grossProfit": 318466000,
        "grossProfitRatio": 0.0446766099,
        "researchAndDevelopmentExpenses": 0,
        "generalAndAdministrativeExpenses": 31206000,
        "sellingAndMarketingExpenses": 0,
        "sellingGeneralAndAdministrativeExpenses": 31206000,
        "otherExpenses": 0,
        "operatingExpenses": 31206000,
        "costAndExpenses": 6840989000,
        "interestIncome": 7531000,
        "interestExpense": 6610000,
        "depreciationAndAmortization": 51673000,
        "ebitda": 346464000,
        "ebitdaratio": 0.0486043627,
        "operatingIncome": 287260000,
        "operatingIncomeRatio": 0.0402988167,
        "totalOtherIncomeExpensesNet": 921000,
        "incomeBeforeTax": 288181000,
        "incomeBeforeTaxRatio": 0.040428021,
        "incomeTaxExpense": 95660000,
        "netIncome": 161190000,
        "netIncomeRatio": 0.0226128464,
        "eps": 0.96,
        "epsdiluted": 0.95,
        "weightedAverageShsOut": 168264000,
        "weightedAverageShsOutDil": 169440000,
        "link": "https://www.sec.gov/Archives/edgar/data/1124198/000110465912053741/0001104659-12-053741-index.htm",
        "finalLink": "https://www.sec.gov/Archives/edgar/data/1124198/000110465912053741/a12-13718_110q.htm"
    },
    {
        "date": "2012-03-31",
        "symbol": "FLR",
        "reportedCurrency": "USD",
        "cik": "0001124198",
        "fillingDate": "2012-05-03",
        "acceptedDate": "2012-05-03 16:19:30",
        "calendarYear": "2012",
        "period": "Q1",
        "revenue": 6290108000,
        "costOfRevenue": 6014210000,
        "grossProfit": 275898000,
        "grossProfitRatio": 0.043862204,
        "researchAndDevelopmentExpenses": 0,
        "generalAndAdministrativeExpenses": 37842000,
        "sellingAndMarketingExpenses": 0,
        "sellingGeneralAndAdministrativeExpenses": 37842000,
        "otherExpenses": 0,
        "operatingExpenses": 37842000,
        "costAndExpenses": 6052052000,
        "interestIncome": 9625000,
        "interestExpense": 6881000,
        "depreciationAndAmortization": 52156000,
        "ebitda": 299837000,
        "ebitdaratio": 0.047668021,
        "operatingIncome": 238056000,
        "operatingIncomeRatio": 0.037846091,
        "totalOtherIncomeExpensesNet": 2744000,
        "incomeBeforeTax": 240800000,
        "incomeBeforeTaxRatio": 0.0382823316,
        "incomeTaxExpense": 63625000,
        "netIncome": 154882000,
        "netIncomeRatio": 0.0246231066,
        "eps": 0.92,
        "epsdiluted": 0.91,
        "weightedAverageShsOut": 168852000,
        "weightedAverageShsOutDil": 170406000,
        "link": "https://www.sec.gov/Archives/edgar/data/1124198/000110465912032626/0001104659-12-032626-index.htm",
        "finalLink": "https://www.sec.gov/Archives/edgar/data/1124198/000110465912032626/a12-7625_110q.htm"
    },
    {
        "date": "2011-12-31",
        "symbol": "FLR",
        "reportedCurrency": "USD",
        "cik": "0001124198",
        "fillingDate": "2012-02-22",
        "acceptedDate": "2012-02-22 16:22:32",
        "calendarYear": "2011",
        "period": "Q4",
        "revenue": 6252134000,
        "costOfRevenue": 5942381000,
        "grossProfit": 309753000,
        "grossProfitRatio": 0.0495435638,
        "researchAndDevelopmentExpenses": 0,
        "generalAndAdministrativeExpenses": 61271000,
        "sellingAndMarketingExpenses": 0,
        "sellingGeneralAndAdministrativeExpenses": 61271000,
        "otherExpenses": 248482000,
        "operatingExpenses": 309753000,
        "costAndExpenses": 6252134000,
        "interestIncome": 7594000,
        "interestExpense": 7467000,
        "depreciationAndAmortization": 51727000,
        "ebitda": 307803000,
        "ebitdaratio": 0.0492316703,
        "operatingIncome": 248482000,
        "operatingIncomeRatio": 0.03974355,
        "totalOtherIncomeExpensesNet": 127000,
        "incomeBeforeTax": 248609000,
        "incomeBeforeTaxRatio": 0.039763863,
        "incomeTaxExpense": 64783000,
        "netIncome": 153156000,
        "netIncomeRatio": 0.0244965959,
        "eps": 0.91,
        "epsdiluted": 0.91,
        "weightedAverageShsOut": 168852000,
        "weightedAverageShsOutDil": 168852000,
        "link": "https://www.sec.gov/Archives/edgar/data/1124198/000104746912001294/0001047469-12-001294-index.htm",
        "finalLink": "https://www.sec.gov/Archives/edgar/data/1124198/000104746912001294/a2207387z10-k.htm"
    },
    {
        "date": "2011-09-30",
        "symbol": "FLR",
        "reportedCurrency": "USD",
        "cik": "0001124198",
        "fillingDate": "2011-11-03",
        "acceptedDate": "2011-11-03 16:16:50",
        "calendarYear": "2011",
        "period": "Q3",
        "revenue": 6037613000,
        "costOfRevenue": 5775527000,
        "grossProfit": 262086000,
        "grossProfitRatio": 0.043408877,
        "researchAndDevelopmentExpenses": 0,
        "generalAndAdministrativeExpenses": 37258000,
        "sellingAndMarketingExpenses": 0,
        "sellingGeneralAndAdministrativeExpenses": 37258000,
        "otherExpenses": 0,
        "operatingExpenses": 37258000,
        "costAndExpenses": 5812785000,
        "interestIncome": 8136000,
        "interestExpense": 2027000,
        "depreciationAndAmortization": 50595000,
        "ebitda": 283559000,
        "ebitdaratio": 0.046965415,
        "operatingIncome": 224828000,
        "operatingIncomeRatio": 0.0372378952,
        "totalOtherIncomeExpensesNet": 6109000,
        "incomeBeforeTax": 230937000,
        "incomeBeforeTaxRatio": 0.0382497189,
        "incomeTaxExpense": 69348000,
        "netIncome": 135362000,
        "netIncomeRatio": 0.0224197874,
        "eps": 0.79,
        "epsdiluted": 0.78,
        "weightedAverageShsOut": 171576000,
        "weightedAverageShsOutDil": 173178000,
        "link": "https://www.sec.gov/Archives/edgar/data/1124198/000110465911060588/0001104659-11-060588-index.htm",
        "finalLink": "https://www.sec.gov/Archives/edgar/data/1124198/000110465911060588/a11-25698_110q.htm"
    },
    {
        "date": "2011-06-30",
        "symbol": "FLR",
        "reportedCurrency": "USD",
        "cik": "0001124198",
        "fillingDate": "2011-08-04",
        "acceptedDate": "2011-08-04 16:18:20",
        "calendarYear": "2011",
        "period": "Q2",
        "revenue": 6033876000,
        "costOfRevenue": 5727032000,
        "grossProfit": 306844000,
        "grossProfitRatio": 0.0508535475,
        "researchAndDevelopmentExpenses": 0,
        "generalAndAdministrativeExpenses": 31106000,
        "sellingAndMarketingExpenses": 0,
        "sellingGeneralAndAdministrativeExpenses": 31106000,
        "otherExpenses": 0,
        "operatingExpenses": 31106000,
        "costAndExpenses": 5758138000,
        "interestIncome": 9012000,
        "interestExpense": 3558000,
        "depreciationAndAmortization": 50812000,
        "ebitda": 335562000,
        "ebitdaratio": 0.055613009,
        "operatingIncome": 275738000,
        "operatingIncomeRatio": 0.0456983206,
        "totalOtherIncomeExpensesNet": 5454000,
        "incomeBeforeTax": 281192000,
        "incomeBeforeTaxRatio": 0.0466022172,
        "incomeTaxExpense": 89733000,
        "netIncome": 165499000,
        "netIncomeRatio": 0.0274283064,
        "eps": 0.95,
        "epsdiluted": 0.94,
        "weightedAverageShsOut": 173425000,
        "weightedAverageShsOutDil": 175257000,
        "link": "https://www.sec.gov/Archives/edgar/data/1124198/000110465911043714/0001104659-11-043714-index.htm",
        "finalLink": "https://www.sec.gov/Archives/edgar/data/1124198/000110465911043714/a11-13913_110q.htm"
    },
    {
        "date": "2011-03-31",
        "symbol": "FLR",
        "reportedCurrency": "USD",
        "cik": "0001124198",
        "fillingDate": "2011-05-05",
        "acceptedDate": "2011-05-05 16:17:32",
        "calendarYear": "2011",
        "period": "Q1",
        "revenue": 5057776000,
        "costOfRevenue": 4787543000,
        "grossProfit": 270233000,
        "grossProfitRatio": 0.0534292147,
        "researchAndDevelopmentExpenses": 0,
        "generalAndAdministrativeExpenses": 33825000,
        "sellingAndMarketingExpenses": 0,
        "sellingGeneralAndAdministrativeExpenses": 33825000,
        "otherExpenses": 0,
        "operatingExpenses": 33825000,
        "costAndExpenses": 4821368000,
        "interestIncome": 7219000,
        "interestExpense": 2549000,
        "depreciationAndAmortization": 48805000,
        "ebitda": 292432000,
        "ebitdaratio": 0.057818298,
        "operatingIncome": 236408000,
        "operatingIncomeRatio": 0.0467414927,
        "totalOtherIncomeExpensesNet": 4670000,
        "incomeBeforeTax": 241078000,
        "incomeBeforeTaxRatio": 0.0476648234,
        "incomeTaxExpense": 79865000,
        "netIncome": 139711000,
        "netIncomeRatio": 0.0276230106,
        "eps": 0.79,
        "epsdiluted": 0.78,
        "weightedAverageShsOut": 175819000,
        "weightedAverageShsOutDil": 179022000,
        "link": "https://www.sec.gov/Archives/edgar/data/1124198/000110465911026341/0001104659-11-026341-index.htm",
        "finalLink": "https://www.sec.gov/Archives/edgar/data/1124198/000110465911026341/a11-9278_110q.htm"
    },
    {
        "date": "2010-12-31",
        "symbol": "FLR",
        "reportedCurrency": "USD",
        "cik": "0001124198",
        "fillingDate": "2011-02-23",
        "acceptedDate": "2011-02-23 09:30:23",
        "calendarYear": "2010",
        "period": "Q4",
        "revenue": 5266885000,
        "costOfRevenue": 5167767000,
        "grossProfit": 99118000,
        "grossProfitRatio": 0.0188190933,
        "researchAndDevelopmentExpenses": 0,
        "generalAndAdministrativeExpenses": 57970000,
        "sellingAndMarketingExpenses": 0,
        "sellingGeneralAndAdministrativeExpenses": 57970000,
        "otherExpenses": 41148000,
        "operatingExpenses": 99118000,
        "costAndExpenses": 5266885000,
        "interestIncome": 4297000,
        "interestExpense": 2957000,
        "depreciationAndAmortization": 50421000,
        "ebitda": 95866000,
        "ebitdaratio": 0.0182016505,
        "operatingIncome": 41148000,
        "operatingIncomeRatio": 0.0078125875,
        "totalOtherIncomeExpensesNet": 1340000,
        "incomeBeforeTax": 42488000,
        "incomeBeforeTaxRatio": 0.0080670073,
        "incomeTaxExpense": -96593000,
        "netIncome": 117122000,
        "netIncomeRatio": 0.0222374326,
        "eps": 0.67,
        "epsdiluted": 0.67,
        "weightedAverageShsOut": 175819000,
        "weightedAverageShsOutDil": 175819000,
        "link": "https://www.sec.gov/Archives/edgar/data/1124198/000104746911001167/0001047469-11-001167-index.htm",
        "finalLink": "https://www.sec.gov/Archives/edgar/data/1124198/000104746911001167/a2202070z10-k.htm"
    },
    {
        "date": "2010-09-30",
        "symbol": "FLR",
        "reportedCurrency": "USD",
        "cik": "0001124198",
        "fillingDate": "2010-11-04",
        "acceptedDate": "2010-11-04 16:16:24",
        "calendarYear": "2010",
        "period": "Q3",
        "revenue": 5511488000,
        "costOfRevenue": 5449681000,
        "grossProfit": 61807000,
        "grossProfitRatio": 0.0112142129,
        "researchAndDevelopmentExpenses": 0,
        "generalAndAdministrativeExpenses": 39563000,
        "sellingAndMarketingExpenses": 0,
        "sellingGeneralAndAdministrativeExpenses": 39563000,
        "otherExpenses": 0,
        "operatingExpenses": 39563000,
        "costAndExpenses": 5489244000,
        "interestIncome": 4818000,
        "interestExpense": 2183000,
        "depreciationAndAmortization": 48029000,
        "ebitda": 75091000,
        "ebitdaratio": 0.0136244513,
        "operatingIncome": 22244000,
        "operatingIncomeRatio": 0.0040359337,
        "totalOtherIncomeExpensesNet": 2635000,
        "incomeBeforeTax": 24879000,
        "incomeBeforeTaxRatio": 0.004514026,
        "incomeTaxExpense": 54967000,
        "netIncome": -53636000,
        "netIncomeRatio": -0.0097316732,
        "eps": -0.3,
        "epsdiluted": -0.3,
        "weightedAverageShsOut": 178248000,
        "weightedAverageShsOutDil": 178248000,
        "link": "https://www.sec.gov/Archives/edgar/data/1124198/000110465910056060/0001104659-10-056060-index.htm",
        "finalLink": "https://www.sec.gov/Archives/edgar/data/1124198/000110465910056060/a10-17286_110q.htm"
    },
    {
        "date": "2010-06-30",
        "symbol": "FLR",
        "reportedCurrency": "USD",
        "cik": "0001124198",
        "fillingDate": "2010-07-27",
        "acceptedDate": "2010-07-27 14:20:52",
        "calendarYear": "2010",
        "period": "Q2",
        "revenue": 5152121000,
        "costOfRevenue": 4868354000,
        "grossProfit": 283767000,
        "grossProfitRatio": 0.0550777049,
        "researchAndDevelopmentExpenses": 0,
        "generalAndAdministrativeExpenses": 27827000,
        "sellingAndMarketingExpenses": 0,
        "sellingGeneralAndAdministrativeExpenses": 27827000,
        "otherExpenses": 0,
        "operatingExpenses": 27827000,
        "costAndExpenses": 4896181000,
        "interestIncome": 5505000,
        "interestExpense": 2304000,
        "depreciationAndAmortization": 45815000,
        "ebitda": 307260000,
        "ebitdaratio": 0.0596375745,
        "operatingIncome": 255940000,
        "operatingIncomeRatio": 0.0496766283,
        "totalOtherIncomeExpensesNet": 3201000,
        "incomeBeforeTax": 259141000,
        "incomeBeforeTaxRatio": 0.0502979258,
        "incomeTaxExpense": 80724000,
        "netIncome": 157375000,
        "netIncomeRatio": 0.0305456724,
        "eps": 0.88,
        "epsdiluted": 0.87,
        "weightedAverageShsOut": 178214000,
        "weightedAverageShsOutDil": 180688000,
        "link": "https://www.sec.gov/Archives/edgar/data/1124198/000110465910039798/0001104659-10-039798-index.htm",
        "finalLink": "https://www.sec.gov/Archives/edgar/data/1124198/000110465910039798/a10-12625_110q.htm"
    },
    {
        "date": "2010-03-31",
        "symbol": "FLR",
        "reportedCurrency": "USD",
        "cik": "0001124198",
        "fillingDate": "2010-05-10",
        "acceptedDate": "2010-05-10 16:21:35",
        "calendarYear": "2010",
        "period": "Q1",
        "revenue": 4918855000,
        "costOfRevenue": 4658297000,
        "grossProfit": 260558000,
        "grossProfitRatio": 0.0529712708,
        "researchAndDevelopmentExpenses": 0,
        "generalAndAdministrativeExpenses": 30908000,
        "sellingAndMarketingExpenses": 0,
        "sellingGeneralAndAdministrativeExpenses": 30908000,
        "otherExpenses": 229650000,
        "operatingExpenses": 260558000,
        "costAndExpenses": 4918855000,
        "interestIncome": 6610000,
        "interestExpense": 3172000,
        "depreciationAndAmortization": 46319000,
        "ebitda": 282579000,
        "ebitdaratio": 0.0574481256,
        "operatingIncome": 229650000,
        "operatingIncomeRatio": 0.0466876946,
        "totalOtherIncomeExpensesNet": 3438000,
        "incomeBeforeTax": 233088000,
        "incomeBeforeTaxRatio": 0.0473866377,
        "incomeTaxExpense": 79416000,
        "netIncome": 136635000,
        "netIncomeRatio": 0.027777806,
        "eps": 0.77,
        "epsdiluted": 0.76,
        "weightedAverageShsOut": 178163000,
        "weightedAverageShsOutDil": 180769000,
        "link": "https://www.sec.gov/Archives/edgar/data/1124198/000110465910027275/0001104659-10-027275-index.htm",
        "finalLink": "https://www.sec.gov/Archives/edgar/data/1124198/000110465910027275/a10-5759_110q.htm"
    },
    {
        "date": "2009-12-31",
        "symbol": "FLR",
        "reportedCurrency": "USD",
        "cik": "0001124198",
        "fillingDate": "2010-02-25",
        "acceptedDate": "2010-02-25 16:39:17",
        "calendarYear": "2009",
        "period": "Q4",
        "revenue": 5479366000,
        "costOfRevenue": 5156752000,
        "grossProfit": 322614000,
        "grossProfitRatio": 0.0588779797,
        "researchAndDevelopmentExpenses": 0,
        "generalAndAdministrativeExpenses": 0,
        "sellingAndMarketingExpenses": 0,
        "sellingGeneralAndAdministrativeExpenses": 61480000,
        "otherExpenses": 261134000,
        "operatingExpenses": 322614000,
        "costAndExpenses": 5479366000,
        "interestIncome": 5440000,
        "interestExpense": 2398000,
        "depreciationAndAmortization": 46982000,
        "ebitda": 313556000,
        "ebitdaratio": 0.0572248687,
        "operatingIncome": 261134000,
        "operatingIncomeRatio": 0.0476577035,
        "totalOtherIncomeExpensesNet": 3042000,
        "incomeBeforeTax": 264176000,
        "incomeBeforeTaxRatio": 0.0482128772,
        "incomeTaxExpense": 102931000,
        "netIncome": 148724000,
        "netIncomeRatio": 0.0271425563,
        "eps": 0.83,
        "epsdiluted": 0.83,
        "weightedAverageShsOut": 178163000,
        "weightedAverageShsOutDil": 178163000,
        "link": "https://www.sec.gov/Archives/edgar/data/1124198/000104746910001356/0001047469-10-001356-index.htm",
        "finalLink": "https://www.sec.gov/Archives/edgar/data/1124198/000104746910001356/a2196443z10-k.htm"
    },
    {
        "date": "2009-09-30",
        "symbol": "FLR",
        "reportedCurrency": "USD",
        "cik": "0001124198",
        "fillingDate": "2009-11-09",
        "acceptedDate": "2009-11-09 16:24:04",
        "calendarYear": "2009",
        "period": "Q3",
        "revenue": 5420488000,
        "costOfRevenue": 5108144000,
        "grossProfit": 312344000,
        "grossProfitRatio": 0.0576228561,
        "researchAndDevelopmentExpenses": 0,
        "generalAndAdministrativeExpenses": 49622000,
        "sellingAndMarketingExpenses": 0,
        "sellingGeneralAndAdministrativeExpenses": 49622000,
        "otherExpenses": 262722000,
        "operatingExpenses": 312344000,
        "costAndExpenses": 5420488000,
        "interestIncome": 5725000,
        "interestExpense": 2585000,
        "depreciationAndAmortization": 46143000,
        "ebitda": 314590000,
        "ebitdaratio": 0.0580372099,
        "operatingIncome": 262722000,
        "operatingIncomeRatio": 0.0484683298,
        "totalOtherIncomeExpensesNet": 3140000,
        "incomeBeforeTax": 265862000,
        "incomeBeforeTaxRatio": 0.0490476134,
        "incomeTaxExpense": 91858000,
        "netIncome": 162096000,
        "netIncomeRatio": 0.0299043186,
        "eps": 0.9,
        "epsdiluted": 0.89,
        "weightedAverageShsOut": 178859000,
        "weightedAverageShsOutDil": 181124000,
        "link": "https://www.sec.gov/Archives/edgar/data/1124198/000110465909063687/0001104659-09-063687-index.htm",
        "finalLink": "https://www.sec.gov/Archives/edgar/data/1124198/000110465909063687/a09-30784_110q.htm"
    },
    {
        "date": "2009-06-30",
        "symbol": "FLR",
        "reportedCurrency": "USD",
        "cik": "0001124198",
        "fillingDate": "2009-08-10",
        "acceptedDate": "2009-08-10 16:14:50",
        "calendarYear": "2009",
        "period": "Q2",
        "revenue": 5292554000,
        "costOfRevenue": 4975649000,
        "grossProfit": 316905000,
        "grossProfitRatio": 0.0598775185,
        "researchAndDevelopmentExpenses": 0,
        "generalAndAdministrativeExpenses": 42003000,
        "sellingAndMarketingExpenses": 0,
        "sellingGeneralAndAdministrativeExpenses": 42003000,
        "otherExpenses": 274902000,
        "operatingExpenses": 316905000,
        "costAndExpenses": 5292554000,
        "interestIncome": 5836000,
        "interestExpense": 2488000,
        "depreciationAndAmortization": 45243000,
        "ebitda": 325981000,
        "ebitdaratio": 0.0615923805,
        "operatingIncome": 274902000,
        "operatingIncomeRatio": 0.0519412745,
        "totalOtherIncomeExpensesNet": 3348000,
        "incomeBeforeTax": 278250000,
        "incomeBeforeTaxRatio": 0.0525738613,
        "incomeTaxExpense": 101911000,
        "netIncome": 169270000,
        "netIncomeRatio": 0.0319826685,
        "eps": 0.94,
        "epsdiluted": 0.93,
        "weightedAverageShsOut": 179054000,
        "weightedAverageShsOutDil": 181198000,
        "link": "https://www.sec.gov/Archives/edgar/data/1124198/000110465909048635/0001104659-09-048635-index.htm",
        "finalLink": "https://www.sec.gov/Archives/edgar/data/1124198/000110465909048635/a09-18290_110q.htm"
    },
    {
        "date": "2009-03-31",
        "symbol": "FLR",
        "reportedCurrency": "USD",
        "cik": "0001124198",
        "fillingDate": "2009-05-11",
        "acceptedDate": "2009-05-11 16:17:34",
        "calendarYear": "2009",
        "period": "Q1",
        "revenue": 5797889000,
        "costOfRevenue": 5448616000,
        "grossProfit": 349273000,
        "grossProfitRatio": 0.0602414086,
        "researchAndDevelopmentExpenses": 0,
        "generalAndAdministrativeExpenses": 25415000,
        "sellingAndMarketingExpenses": 0,
        "sellingGeneralAndAdministrativeExpenses": 25415000,
        "otherExpenses": 323858000,
        "operatingExpenses": 349273000,
        "costAndExpenses": 5797889000,
        "interestIncome": 7225000,
        "interestExpense": 2583000,
        "depreciationAndAmortization": 44027000,
        "ebitda": 375110000,
        "ebitdaratio": 0.0646976857,
        "operatingIncome": 323858000,
        "operatingIncomeRatio": 0.0558579166,
        "totalOtherIncomeExpensesNet": 4642000,
        "incomeBeforeTax": 328500000,
        "incomeBeforeTaxRatio": 0.0566585528,
        "incomeTaxExpense": 107213000,
        "netIncome": 204799000,
        "netIncomeRatio": 0.0353230288,
        "eps": 1.13,
        "epsdiluted": 1.12,
        "weightedAverageShsOut": 180317000,
        "weightedAverageShsOutDil": 181204000,
        "link": "https://www.sec.gov/Archives/edgar/data/1124198/000110465909031513/0001104659-09-031513-index.htm",
        "finalLink": "https://www.sec.gov/Archives/edgar/data/1124198/000110465909031513/a09-10475_110q.htm"
    },
    {
        "date": "2008-12-31",
        "symbol": "FLR",
        "reportedCurrency": "USD",
        "cik": "0001124198",
        "fillingDate": "2009-02-25",
        "acceptedDate": "2009-02-25 00:00:00",
        "calendarYear": "2008",
        "period": "Q4",
        "revenue": 6071525000,
        "costOfRevenue": 5748440000,
        "grossProfit": 323085000,
        "grossProfitRatio": 0.0532131548,
        "researchAndDevelopmentExpenses": 0,
        "generalAndAdministrativeExpenses": 0,
        "sellingAndMarketingExpenses": 0,
        "sellingGeneralAndAdministrativeExpenses": 83367000,
        "otherExpenses": 0,
        "operatingExpenses": 83367000,
        "costAndExpenses": 5831807000,
        "interestIncome": 14491000,
        "interestExpense": 2358000,
        "depreciationAndAmortization": 40643000,
        "ebitda": 280361000,
        "ebitdaratio": 0.0461763725,
        "operatingIncome": 239718000,
        "operatingIncomeRatio": 0.0394823376,
        "totalOtherIncomeExpensesNet": 12133000,
        "incomeBeforeTax": 251851000,
        "incomeBeforeTaxRatio": 0.0414806824,
        "incomeTaxExpense": 61754000,
        "netIncome": 190097000,
        "netIncomeRatio": 0.0313095968,
        "eps": 1.05,
        "epsdiluted": 1.05,
        "weightedAverageShsOut": 180317000,
        "weightedAverageShsOutDil": 180317000,
        "link": "https://www.sec.gov/Archives/edgar/data/1124198/000104746909001811/0001047469-09-001811-index.htm",
        "finalLink": "https://www.sec.gov/Archives/edgar/data/1124198/000104746909001811/a2190865z10-k.htm"
    },
    {
        "date": "2008-09-30",
        "symbol": "FLR",
        "reportedCurrency": "USD",
        "cik": "0001124198",
        "fillingDate": "2008-11-06",
        "acceptedDate": "2008-11-06 16:56:37",
        "calendarYear": "2008",
        "period": "Q3",
        "revenue": 5673818000,
        "costOfRevenue": 5341945000,
        "grossProfit": 331873000,
        "grossProfitRatio": 0.0584920066,
        "researchAndDevelopmentExpenses": 0,
        "generalAndAdministrativeExpenses": 0,
        "sellingAndMarketingExpenses": 0,
        "sellingGeneralAndAdministrativeExpenses": 45089000,
        "otherExpenses": 7078000,
        "operatingExpenses": 52167000,
        "costAndExpenses": 5394112000,
        "interestIncome": 19170000,
        "interestExpense": 4457000,
        "depreciationAndAmortization": 43245000,
        "ebitda": 349199000,
        "ebitdaratio": 0.0615456823,
        "operatingIncome": 279706000,
        "operatingIncomeRatio": 0.0492976687,
        "totalOtherIncomeExpensesNet": 21791000,
        "incomeBeforeTax": 301497000,
        "incomeBeforeTaxRatio": 0.0531382924,
        "incomeTaxExpense": 112166000,
        "netIncome": 183099000,
        "netIncomeRatio": 0.0322708624,
        "eps": 1.01,
        "epsdiluted": 1,
        "weightedAverageShsOut": 178253000,
        "weightedAverageShsOutDil": 181110000,
        "link": "https://www.sec.gov/Archives/edgar/data/1124198/000110465908068715/0001104659-08-068715-index.htm",
        "finalLink": "https://www.sec.gov/Archives/edgar/data/1124198/000110465908068715/a08-25638_110q.htm"
    },
    {
        "date": "2008-06-30",
        "symbol": "FLR",
        "reportedCurrency": "USD",
        "cik": "0001124198",
        "fillingDate": "2008-08-11",
        "acceptedDate": "2008-08-11 16:09:33",
        "calendarYear": "2008",
        "period": "Q2",
        "revenue": 5773570000,
        "costOfRevenue": 5370754000,
        "grossProfit": 402816000,
        "grossProfitRatio": 0.0697689644,
        "researchAndDevelopmentExpenses": 0,
        "generalAndAdministrativeExpenses": 0,
        "sellingAndMarketingExpenses": 0,
        "sellingGeneralAndAdministrativeExpenses": 61711000,
        "otherExpenses": 89630000,
        "operatingExpenses": 151341000,
        "costAndExpenses": 5522095000,
        "interestIncome": 17720000,
        "interestExpense": 5489000,
        "depreciationAndAmortization": 41324000,
        "ebitda": 400149000,
        "ebitdaratio": 0.0693070319,
        "operatingIncome": 251475000,
        "operatingIncomeRatio": 0.0435562399,
        "totalOtherIncomeExpensesNet": 101861000,
        "incomeBeforeTax": 353336000,
        "incomeBeforeTaxRatio": 0.061198877,
        "incomeTaxExpense": 135459000,
        "netIncome": 209250000,
        "netIncomeRatio": 0.0362427406,
        "eps": 1.17,
        "epsdiluted": 1.12,
        "weightedAverageShsOut": 176268000,
        "weightedAverageShsOutDil": 184341000,
        "link": "https://www.sec.gov/Archives/edgar/data/1124198/000110465908051866/0001104659-08-051866-index.htm",
        "finalLink": "https://www.sec.gov/Archives/edgar/data/1124198/000110465908051866/a08-18964_110q.htm"
    },
    {
        "date": "2008-03-31",
        "symbol": "FLR",
        "reportedCurrency": "USD",
        "cik": "0001124198",
        "fillingDate": "2008-05-12",
        "acceptedDate": "2008-05-12 16:42:48",
        "calendarYear": "2008",
        "period": "Q1",
        "revenue": 4806981000,
        "costOfRevenue": 4549700000,
        "grossProfit": 257281000,
        "grossProfitRatio": 0.0535223667,
        "researchAndDevelopmentExpenses": 0,
        "generalAndAdministrativeExpenses": 0,
        "sellingAndMarketingExpenses": 0,
        "sellingGeneralAndAdministrativeExpenses": 39520000,
        "otherExpenses": 8132000,
        "operatingExpenses": 47652000,
        "costAndExpenses": 4597352000,
        "interestIncome": 15211000,
        "interestExpense": 5196000,
        "depreciationAndAmortization": 38093000,
        "ebitda": 271065000,
        "ebitdaratio": 0.056389863,
        "operatingIncome": 209629000,
        "operatingIncomeRatio": 0.0436092841,
        "totalOtherIncomeExpensesNet": 18147000,
        "incomeBeforeTax": 227776000,
        "incomeBeforeTaxRatio": 0.0473844186,
        "incomeTaxExpense": 83437000,
        "netIncome": 138012000,
        "netIncomeRatio": 0.0287107438,
        "eps": 0.77,
        "epsdiluted": 0.74,
        "weightedAverageShsOut": 175698000,
        "weightedAverageShsOutDil": 182722000,
        "link": "https://www.sec.gov/Archives/edgar/data/1124198/000110465908032415/0001104659-08-032415-index.htm",
        "finalLink": "https://www.sec.gov/Archives/edgar/data/1124198/000110465908032415/a08-11622_110q.htm"
    },
    {
        "date": "2007-12-31",
        "symbol": "FLR",
        "reportedCurrency": "USD",
        "cik": "0001124198",
        "fillingDate": "2008-02-29",
        "acceptedDate": "2008-02-29 14:15:39",
        "calendarYear": "2007",
        "period": "Q4",
        "revenue": 4712465000,
        "costOfRevenue": 4464233000,
        "grossProfit": 248232000,
        "grossProfitRatio": 0.0526756167,
        "researchAndDevelopmentExpenses": 0,
        "generalAndAdministrativeExpenses": 0,
        "sellingAndMarketingExpenses": 0,
        "sellingGeneralAndAdministrativeExpenses": 51813000,
        "otherExpenses": 0,
        "operatingExpenses": 51813000,
        "costAndExpenses": 4516046000,
        "interestIncome": 22185000,
        "interestExpense": 4626000,
        "depreciationAndAmortization": 15830000,
        "ebitda": 212249000,
        "ebitdaratio": 0.0450399101,
        "operatingIncome": 196419000,
        "operatingIncomeRatio": 0.041680734,
        "totalOtherIncomeExpensesNet": 17559000,
        "incomeBeforeTax": 213978000,
        "incomeBeforeTaxRatio": 0.0454068094,
        "incomeTaxExpense": -45485000,
        "netIncome": 259463000,
        "netIncomeRatio": 0.0550588705,
        "eps": 1.48,
        "epsdiluted": 1.48,
        "weightedAverageShsOut": 175092000,
        "weightedAverageShsOutDil": 175698000,
        "link": "https://www.sec.gov/Archives/edgar/data/1124198/000104746908002025/0001047469-08-002025-index.htm",
        "finalLink": "https://www.sec.gov/Archives/edgar/data/1124198/000104746908002025/a2182997z10-k.htm"
    },
    {
        "date": "2007-09-30",
        "symbol": "FLR",
        "reportedCurrency": "USD",
        "cik": "0001124198",
        "fillingDate": "2007-11-07",
        "acceptedDate": "2007-11-07 07:00:35",
        "calendarYear": "2007",
        "period": "Q3",
        "revenue": 4115226000,
        "costOfRevenue": 3925705000,
        "grossProfit": 189521000,
        "grossProfitRatio": 0.0460536068,
        "researchAndDevelopmentExpenses": 0,
        "generalAndAdministrativeExpenses": 0,
        "sellingAndMarketingExpenses": 0,
        "sellingGeneralAndAdministrativeExpenses": 44931000,
        "otherExpenses": 0,
        "operatingExpenses": 44931000,
        "costAndExpenses": 3970636000,
        "interestIncome": 17662000,
        "interestExpense": 6989000,
        "depreciationAndAmortization": 59948000,
        "ebitda": 204538000,
        "ebitdaratio": 0.0497027381,
        "operatingIncome": 144590000,
        "operatingIncomeRatio": 0.0351353729,
        "totalOtherIncomeExpensesNet": 10673000,
        "incomeBeforeTax": 155263000,
        "incomeBeforeTaxRatio": 0.0377289121,
        "incomeTaxExpense": 61587000,
        "netIncome": 93676000,
        "netIncomeRatio": 0.0227632699,
        "eps": 0.54,
        "epsdiluted": 0.51,
        "weightedAverageShsOut": 174646000,
        "weightedAverageShsOutDil": 183460000,
        "link": "https://www.sec.gov/Archives/edgar/data/1124198/000110465907080421/0001104659-07-080421-index.htm",
        "finalLink": "https://www.sec.gov/Archives/edgar/data/1124198/000110465907080421/a07-25935_110q.htm"
    },
    {
        "date": "2007-06-30",
        "symbol": "FLR",
        "reportedCurrency": "USD",
        "cik": "0001124198",
        "fillingDate": "2007-08-07",
        "acceptedDate": "2007-08-07 16:08:37",
        "calendarYear": "2007",
        "period": "Q2",
        "revenue": 4221538000,
        "costOfRevenue": 4034329000,
        "grossProfit": 187209000,
        "grossProfitRatio": 0.0443461601,
        "researchAndDevelopmentExpenses": 0,
        "generalAndAdministrativeExpenses": 0,
        "sellingAndMarketingExpenses": 0,
        "sellingGeneralAndAdministrativeExpenses": 51752000,
        "otherExpenses": 0,
        "operatingExpenses": 51752000,
        "costAndExpenses": 4086081000,
        "interestIncome": 14636000,
        "interestExpense": 6534000,
        "depreciationAndAmortization": 28996000,
        "ebitda": 164453000,
        "ebitdaratio": 0.0389557076,
        "operatingIncome": 135457000,
        "operatingIncomeRatio": 0.0320871209,
        "totalOtherIncomeExpensesNet": 8102000,
        "incomeBeforeTax": 143559000,
        "incomeBeforeTaxRatio": 0.0340063266,
        "incomeTaxExpense": 47995000,
        "netIncome": 95564000,
        "netIncomeRatio": 0.0226372474,
        "eps": 0.55,
        "epsdiluted": 0.53,
        "weightedAverageShsOut": 174350000,
        "weightedAverageShsOutDil": 181660000,
        "link": "https://www.sec.gov/Archives/edgar/data/1124198/000110465907059680/0001104659-07-059680-index.htm",
        "finalLink": "https://www.sec.gov/Archives/edgar/data/1124198/000110465907059680/a07-19305_110q.htm"
    },
    {
        "date": "2007-03-31",
        "symbol": "FLR",
        "reportedCurrency": "USD",
        "cik": "0001124198",
        "fillingDate": "2007-05-07",
        "acceptedDate": "2007-05-07 17:05:29",
        "calendarYear": "2007",
        "period": "Q1",
        "revenue": 3641804000,
        "costOfRevenue": 3464320000,
        "grossProfit": 177484000,
        "grossProfitRatio": 0.0487351873,
        "researchAndDevelopmentExpenses": 0,
        "generalAndAdministrativeExpenses": 0,
        "sellingAndMarketingExpenses": 0,
        "sellingGeneralAndAdministrativeExpenses": 45366000,
        "otherExpenses": 132118000,
        "operatingExpenses": 177484000,
        "costAndExpenses": 3641804000,
        "interestIncome": 0,
        "interestExpense": 0,
        "depreciationAndAmortization": 42035000,
        "ebitda": 174153000,
        "ebitdaratio": 0.0478205307,
        "operatingIncome": 132118000,
        "operatingIncomeRatio": 0.0362781742,
        "totalOtherIncomeExpensesNet": 4175000,
        "incomeBeforeTax": 136293000,
        "incomeBeforeTaxRatio": 0.0374245841,
        "incomeTaxExpense": 51677000,
        "netIncome": 84616000,
        "netIncomeRatio": 0.0232346387,
        "eps": 0.49,
        "epsdiluted": 0.47,
        "weightedAverageShsOut": 173928000,
        "weightedAverageShsOutDil": 179896000,
        "link": "https://www.sec.gov/Archives/edgar/data/1124198/000110465907036553/0001104659-07-036553-index.htm",
        "finalLink": "https://www.sec.gov/Archives/edgar/data/1124198/000110465907036553/a07-13407_110q.htm"
    },
    {
        "date": "2006-12-31",
        "symbol": "FLR",
        "reportedCurrency": "USD",
        "cik": "0001124198",
        "fillingDate": "2007-03-01",
        "acceptedDate": "2007-03-01 16:04:30",
        "calendarYear": "2006",
        "period": "Q4",
        "revenue": 3633164000,
        "costOfRevenue": 3469263000,
        "grossProfit": 163901000,
        "grossProfitRatio": 0.0451124695,
        "researchAndDevelopmentExpenses": 0,
        "generalAndAdministrativeExpenses": 0,
        "sellingAndMarketingExpenses": 0,
        "sellingGeneralAndAdministrativeExpenses": 50097000,
        "otherExpenses": 0,
        "operatingExpenses": 50097000,
        "costAndExpenses": 3519360000,
        "interestIncome": 10510000,
        "interestExpense": 5503000,
        "depreciationAndAmortization": 12579000,
        "ebitda": 126383000,
        "ebitdaratio": 0.0347859331,
        "operatingIncome": 113804000,
        "operatingIncomeRatio": 0.0313236617,
        "totalOtherIncomeExpensesNet": 5007000,
        "incomeBeforeTax": 118811000,
        "incomeBeforeTaxRatio": 0.0327017993,
        "incomeTaxExpense": 38103000,
        "netIncome": 80708000,
        "netIncomeRatio": 0.0222142463,
        "eps": 0.46,
        "epsdiluted": 0.46,
        "weightedAverageShsOut": 173622000,
        "weightedAverageShsOutDil": 173928000,
        "link": "https://www.sec.gov/Archives/edgar/data/1124198/000110465907015518/0001104659-07-015518-index.htm",
        "finalLink": "https://www.sec.gov/Archives/edgar/data/1124198/000110465907015518/a07-2609_110k.htm"
    },
    {
        "date": "2006-09-30",
        "symbol": "FLR",
        "reportedCurrency": "USD",
        "cik": "0001124198",
        "fillingDate": "2006-11-06",
        "acceptedDate": "2006-11-06 16:11:39",
        "calendarYear": "2006",
        "period": "Q3",
        "revenue": 3364036000,
        "costOfRevenue": 3317401000,
        "grossProfit": 46635000,
        "grossProfitRatio": 0.0138628124,
        "researchAndDevelopmentExpenses": 0,
        "generalAndAdministrativeExpenses": 0,
        "sellingAndMarketingExpenses": 0,
        "sellingGeneralAndAdministrativeExpenses": 32647000,
        "otherExpenses": 0,
        "operatingExpenses": 32647000,
        "costAndExpenses": 3350048000,
        "interestIncome": 6292000,
        "interestExpense": 6429000,
        "depreciationAndAmortization": 39191000,
        "ebitda": 53179000,
        "ebitdaratio": 0.0158080948,
        "operatingIncome": 13988000,
        "operatingIncomeRatio": 0.0041581006,
        "totalOtherIncomeExpensesNet": -137000,
        "incomeBeforeTax": 13851000,
        "incomeBeforeTaxRatio": 0.0041173757,
        "incomeTaxExpense": -13487000,
        "netIncome": 27338000,
        "netIncomeRatio": 0.008126548,
        "eps": 0.16,
        "epsdiluted": 0.16,
        "weightedAverageShsOut": 172726000,
        "weightedAverageShsOutDil": 177866000,
        "link": "https://www.sec.gov/Archives/edgar/data/1124198/000095013406020574/0000950134-06-020574-index.htm",
        "finalLink": "https://www.sec.gov/Archives/edgar/data/1124198/000095013406020574/d40738e10vq.htm"
    },
    {
        "date": "2006-06-30",
        "symbol": "FLR",
        "reportedCurrency": "USD",
        "cik": "0001124198",
        "fillingDate": "2006-08-07",
        "acceptedDate": "2006-08-07 16:22:50",
        "calendarYear": "2006",
        "period": "Q2",
        "revenue": 3456430000,
        "costOfRevenue": 3294870000,
        "grossProfit": 161560000,
        "grossProfitRatio": 0.0467418695,
        "researchAndDevelopmentExpenses": 0,
        "generalAndAdministrativeExpenses": 0,
        "sellingAndMarketingExpenses": 0,
        "sellingGeneralAndAdministrativeExpenses": 54302000,
        "otherExpenses": 0,
        "operatingExpenses": 54302000,
        "costAndExpenses": 3349172000,
        "interestIncome": 5532000,
        "interestExpense": 6253000,
        "depreciationAndAmortization": 37945000,
        "ebitda": 145203000,
        "ebitdaratio": 0.0420095301,
        "operatingIncome": 107258000,
        "operatingIncomeRatio": 0.03103144,
        "totalOtherIncomeExpensesNet": -721000,
        "incomeBeforeTax": 106537000,
        "incomeBeforeTaxRatio": 0.0308228432,
        "incomeTaxExpense": 39985000,
        "netIncome": 66552000,
        "netIncomeRatio": 0.0192545488,
        "eps": 0.39,
        "epsdiluted": 0.37,
        "weightedAverageShsOut": 172526000,
        "weightedAverageShsOutDil": 179242000,
        "link": "https://www.sec.gov/Archives/edgar/data/1124198/000095013406015042/0000950134-06-015042-index.htm",
        "finalLink": "https://www.sec.gov/Archives/edgar/data/1124198/000095013406015042/d38472e10vq.htm"
    },
    {
        "date": "2006-03-31",
        "symbol": "FLR",
        "reportedCurrency": "USD",
        "cik": "0001124198",
        "fillingDate": "2006-05-08",
        "acceptedDate": "2006-05-08 17:11:35",
        "calendarYear": "2006",
        "period": "Q1",
        "revenue": 3624876000,
        "costOfRevenue": 3440499000,
        "grossProfit": 184377000,
        "grossProfitRatio": 0.0508643606,
        "researchAndDevelopmentExpenses": 0,
        "generalAndAdministrativeExpenses": 0,
        "sellingAndMarketingExpenses": 0,
        "sellingGeneralAndAdministrativeExpenses": 41771000,
        "otherExpenses": 0,
        "operatingExpenses": 41771000,
        "costAndExpenses": 3482270000,
        "interestIncome": 5013000,
        "interestExpense": 4828000,
        "depreciationAndAmortization": 36443000,
        "ebitda": 179049000,
        "ebitdaratio": 0.0493945172,
        "operatingIncome": 142606000,
        "operatingIncomeRatio": 0.0393409319,
        "totalOtherIncomeExpensesNet": 185000,
        "incomeBeforeTax": 142791000,
        "incomeBeforeTaxRatio": 0.0393919682,
        "incomeTaxExpense": 53937000,
        "netIncome": 88854000,
        "netIncomeRatio": 0.0245122868,
        "eps": 0.52,
        "epsdiluted": 0.5,
        "weightedAverageShsOut": 171824000,
        "weightedAverageShsOutDil": 177814000,
        "link": "https://www.sec.gov/Archives/edgar/data/1124198/000089256906000692/0000892569-06-000692-index.htm",
        "finalLink": "https://www.sec.gov/Archives/edgar/data/1124198/000089256906000692/a20275e10vq.htm"
    },
    {
        "date": "2005-12-31",
        "symbol": "FLR",
        "reportedCurrency": "USD",
        "cik": "0001124198",
        "fillingDate": "2006-03-01",
        "acceptedDate": "2006-03-01 16:56:57",
        "calendarYear": "2005",
        "period": "Q4",
        "revenue": 3962817000,
        "costOfRevenue": 3858182000,
        "grossProfit": 104635000,
        "grossProfitRatio": 0.0264041968,
        "researchAndDevelopmentExpenses": 0,
        "generalAndAdministrativeExpenses": 0,
        "sellingAndMarketingExpenses": 0,
        "sellingGeneralAndAdministrativeExpenses": 52850000,
        "otherExpenses": 0,
        "operatingExpenses": 52850000,
        "costAndExpenses": 3911032000,
        "interestIncome": 7511000,
        "interestExpense": 3344000,
        "depreciationAndAmortization": 13985000,
        "ebitda": 65770000,
        "ebitdaratio": 0.0165967795,
        "operatingIncome": 51785000,
        "operatingIncomeRatio": 0.0130677243,
        "totalOtherIncomeExpensesNet": 4167000,
        "incomeBeforeTax": 55952000,
        "incomeBeforeTaxRatio": 0.014119249,
        "incomeTaxExpense": -9171000,
        "netIncome": 65123000,
        "netIncomeRatio": 0.0164335118,
        "eps": 0.38,
        "epsdiluted": 0.38,
        "weightedAverageShsOut": 170858000,
        "weightedAverageShsOutDil": 171824000,
        "link": "https://www.sec.gov/Archives/edgar/data/1124198/000089256906000202/0000892569-06-000202-index.htm",
        "finalLink": "https://www.sec.gov/Archives/edgar/data/1124198/000089256906000202/a15918e10vk.htm"
    },
    {
        "date": "2005-09-30",
        "symbol": "FLR",
        "reportedCurrency": "USD",
        "cik": "0001124198",
        "fillingDate": "2005-11-03",
        "acceptedDate": "2005-11-03 16:26:05",
        "calendarYear": "2005",
        "period": "Q3",
        "revenue": 3418525000,
        "costOfRevenue": 3237647000,
        "grossProfit": 180878000,
        "grossProfitRatio": 0.0529111239,
        "researchAndDevelopmentExpenses": 0,
        "generalAndAdministrativeExpenses": 0,
        "sellingAndMarketingExpenses": 0,
        "sellingGeneralAndAdministrativeExpenses": 25112000,
        "otherExpenses": 155766000,
        "operatingExpenses": 180878000,
        "costAndExpenses": 3418525000,
        "interestIncome": 0,
        "interestExpense": 0,
        "depreciationAndAmortization": 30900000,
        "ebitda": 186666000,
        "ebitdaratio": 0.0546042518,
        "operatingIncome": 155766000,
        "operatingIncomeRatio": 0.0455652657,
        "totalOtherIncomeExpensesNet": 1698000,
        "incomeBeforeTax": 157464000,
        "incomeBeforeTaxRatio": 0.0460619712,
        "incomeTaxExpense": 26275000,
        "netIncome": 131189000,
        "netIncomeRatio": 0.0383759077,
        "eps": 0.77,
        "epsdiluted": 0.76,
        "weightedAverageShsOut": 170316000,
        "weightedAverageShsOutDil": 174280000,
        "link": "https://www.sec.gov/Archives/edgar/data/1124198/000095013705013289/0000950137-05-013289-index.htm",
        "finalLink": "https://www.sec.gov/Archives/edgar/data/1124198/000095013705013289/a14117e10vq.htm"
    },
    {
        "date": "2005-06-30",
        "symbol": "FLR",
        "reportedCurrency": "USD",
        "cik": "0001124198",
        "fillingDate": "2005-08-08",
        "acceptedDate": "2005-08-08 16:41:59",
        "calendarYear": "2005",
        "period": "Q2",
        "revenue": 2919942000,
        "costOfRevenue": 2888095000,
        "grossProfit": 31847000,
        "grossProfitRatio": 0.0109067235,
        "researchAndDevelopmentExpenses": 0,
        "generalAndAdministrativeExpenses": 0,
        "sellingAndMarketingExpenses": 0,
        "sellingGeneralAndAdministrativeExpenses": 27652000,
        "otherExpenses": 0,
        "operatingExpenses": 27652000,
        "costAndExpenses": 2915747000,
        "interestIncome": 5655000,
        "interestExpense": 4273000,
        "depreciationAndAmortization": 30758000,
        "ebitda": 34953000,
        "ebitdaratio": 0.0119704432,
        "operatingIncome": 4195000,
        "operatingIncomeRatio": 0.0014366724,
        "totalOtherIncomeExpensesNet": 1382000,
        "incomeBeforeTax": 5577000,
        "incomeBeforeTaxRatio": 0.0019099694,
        "incomeTaxExpense": 22009000,
        "netIncome": -16432000,
        "netIncomeRatio": -0.005627509,
        "eps": -0.0967,
        "epsdiluted": -0.0967,
        "weightedAverageShsOut": 169988000,
        "weightedAverageShsOutDil": 169988000,
        "link": "https://www.sec.gov/Archives/edgar/data/1124198/000095013705009801/0000950137-05-009801-index.htm",
        "finalLink": "https://www.sec.gov/Archives/edgar/data/1124198/000095013705009801/a11377e10vq.htm"
    },
    {
        "date": "2005-03-31",
        "symbol": "FLR",
        "reportedCurrency": "USD",
        "cik": "0001124198",
        "fillingDate": "2005-05-05",
        "acceptedDate": "2005-05-05 17:11:38",
        "calendarYear": "2005",
        "period": "Q1",
        "revenue": 2859767000,
        "costOfRevenue": 2741199000,
        "grossProfit": 118568000,
        "grossProfitRatio": 0.0414607204,
        "researchAndDevelopmentExpenses": 0,
        "generalAndAdministrativeExpenses": 0,
        "sellingAndMarketingExpenses": 0,
        "sellingGeneralAndAdministrativeExpenses": 38109000,
        "otherExpenses": 0,
        "operatingExpenses": 38109000,
        "costAndExpenses": 2779308000,
        "interestIncome": 4949000,
        "interestExpense": 4819000,
        "depreciationAndAmortization": 28481000,
        "ebitda": 108940000,
        "ebitdaratio": 0.0380940126,
        "operatingIncome": 80459000,
        "operatingIncomeRatio": 0.0281348096,
        "totalOtherIncomeExpensesNet": 130000,
        "incomeBeforeTax": 80589000,
        "incomeBeforeTaxRatio": 0.0281802678,
        "incomeTaxExpense": 33196000,
        "netIncome": 47393000,
        "netIncomeRatio": 0.0165723291,
        "eps": 0.28,
        "epsdiluted": 0.28,
        "weightedAverageShsOut": 167396000,
        "weightedAverageShsOutDil": 169868000,
        "link": "https://www.sec.gov/Archives/edgar/data/1124198/000089256905000360/0000892569-05-000360-index.htm",
        "finalLink": "https://www.sec.gov/Archives/edgar/data/1124198/000089256905000360/a08419e10vq.htm"
    },
    {
        "date": "2004-12-31",
        "symbol": "FLR",
        "reportedCurrency": "USD",
        "cik": "0001124198",
        "fillingDate": "2005-03-04",
        "acceptedDate": "2005-03-04 17:00:49",
        "calendarYear": "2004",
        "period": "Q4",
        "revenue": 2739903000,
        "costOfRevenue": 2613901000,
        "grossProfit": 126002000,
        "grossProfitRatio": 0.0459877594,
        "researchAndDevelopmentExpenses": 0,
        "generalAndAdministrativeExpenses": 0,
        "sellingAndMarketingExpenses": 0,
        "sellingGeneralAndAdministrativeExpenses": 57886000,
        "otherExpenses": 0,
        "operatingExpenses": 57886000,
        "costAndExpenses": 2671787000,
        "interestIncome": 6466000,
        "interestExpense": 3926000,
        "depreciationAndAmortization": 28381000,
        "ebitda": 96497000,
        "ebitdaratio": 0.03521913,
        "operatingIncome": 68116000,
        "operatingIncomeRatio": 0.0248607341,
        "totalOtherIncomeExpensesNet": 2540000,
        "incomeBeforeTax": 70656000,
        "incomeBeforeTaxRatio": 0.0257877742,
        "incomeTaxExpense": 22739000,
        "netIncome": 47917000,
        "netIncomeRatio": 0.0174885753,
        "eps": 0.29,
        "epsdiluted": 0.29,
        "weightedAverageShsOut": 164684000,
        "weightedAverageShsOutDil": 167396000,
        "link": "https://www.sec.gov/Archives/edgar/data/1124198/000089256905000093/0000892569-05-000093-index.htm",
        "finalLink": "https://www.sec.gov/Archives/edgar/data/1124198/000089256905000093/a06020e10vk.htm"
    },
    {
        "date": "2004-09-30",
        "symbol": "FLR",
        "reportedCurrency": "USD",
        "cik": "0001124198",
        "fillingDate": "2004-11-09",
        "acceptedDate": "2004-11-09 14:05:02",
        "calendarYear": "2004",
        "period": "Q3",
        "revenue": 2362670000,
        "costOfRevenue": 2257972000,
        "grossProfit": 104698000,
        "grossProfitRatio": 0.0443134251,
        "researchAndDevelopmentExpenses": 0,
        "generalAndAdministrativeExpenses": 0,
        "sellingAndMarketingExpenses": 0,
        "sellingGeneralAndAdministrativeExpenses": 32888000,
        "otherExpenses": 71810000,
        "operatingExpenses": 104698000,
        "costAndExpenses": 2362670000,
        "interestIncome": 0,
        "interestExpense": 0,
        "depreciationAndAmortization": 34045000,
        "ebitda": 105855000,
        "ebitdaratio": 0.0448031253,
        "operatingIncome": 71810000,
        "operatingIncomeRatio": 0.0303935801,
        "totalOtherIncomeExpensesNet": 1075000,
        "incomeBeforeTax": 72885000,
        "incomeBeforeTaxRatio": 0.0308485739,
        "incomeTaxExpense": 25623000,
        "netIncome": 47262000,
        "netIncomeRatio": 0.0200036399,
        "eps": 0.29,
        "epsdiluted": 0.28,
        "weightedAverageShsOut": 163512000,
        "weightedAverageShsOutDil": 166258000,
        "link": "https://www.sec.gov/Archives/edgar/data/1124198/000095013704009651/0000950137-04-009651-index.htm",
        "finalLink": "https://www.sec.gov/Archives/edgar/data/1124198/000095013704009651/a03004e10vq.htm"
    },
    {
        "date": "2004-06-30",
        "symbol": "FLR",
        "reportedCurrency": "USD",
        "cik": "0001124198",
        "fillingDate": "2004-08-09",
        "acceptedDate": "2004-08-09 13:24:32",
        "calendarYear": "2004",
        "period": "Q2",
        "revenue": 2214450000,
        "costOfRevenue": 2114767000,
        "grossProfit": 99683000,
        "grossProfitRatio": 0.0450147892,
        "researchAndDevelopmentExpenses": 0,
        "generalAndAdministrativeExpenses": 0,
        "sellingAndMarketingExpenses": 0,
        "sellingGeneralAndAdministrativeExpenses": 32979000,
        "otherExpenses": 0,
        "operatingExpenses": 32979000,
        "costAndExpenses": 2147746000,
        "interestIncome": 3967000,
        "interestExpense": 3318000,
        "depreciationAndAmortization": 15974000,
        "ebitda": 82678000,
        "ebitdaratio": 0.0373356815,
        "operatingIncome": 66704000,
        "operatingIncomeRatio": 0.0301221522,
        "totalOtherIncomeExpensesNet": 649000,
        "incomeBeforeTax": 67353000,
        "incomeBeforeTaxRatio": 0.0304152273,
        "incomeTaxExpense": 22563000,
        "netIncome": 44790000,
        "netIncomeRatio": 0.0202262413,
        "eps": 0.28,
        "epsdiluted": 0.27,
        "weightedAverageShsOut": 162466000,
        "weightedAverageShsOutDil": 165038000,
        "link": "https://www.sec.gov/Archives/edgar/data/1124198/000095013704006421/0000950137-04-006421-index.htm",
        "finalLink": "https://www.sec.gov/Archives/edgar/data/1124198/000095013704006421/a00800e10vq.htm"
    },
    {
        "date": "2004-03-31",
        "symbol": "FLR",
        "reportedCurrency": "USD",
        "cik": "0001124198",
        "fillingDate": "2004-05-10",
        "acceptedDate": "2004-05-10 13:13:56",
        "calendarYear": "2004",
        "period": "Q1",
        "revenue": 2063254000,
        "costOfRevenue": 1964433000,
        "grossProfit": 98821000,
        "grossProfitRatio": 0.0478957026,
        "researchAndDevelopmentExpenses": 0,
        "generalAndAdministrativeExpenses": 0,
        "sellingAndMarketingExpenses": 0,
        "sellingGeneralAndAdministrativeExpenses": 27798000,
        "otherExpenses": 0,
        "operatingExpenses": 27798000,
        "costAndExpenses": 1992231000,
        "interestIncome": 3709000,
        "interestExpense": 4468000,
        "depreciationAndAmortization": 26783000,
        "ebitda": 97806000,
        "ebitdaratio": 0.0474037612,
        "operatingIncome": 71023000,
        "operatingIncomeRatio": 0.0344228098,
        "totalOtherIncomeExpensesNet": -759000,
        "incomeBeforeTax": 70264000,
        "incomeBeforeTaxRatio": 0.0340549443,
        "incomeTaxExpense": 23538000,
        "netIncome": 46726000,
        "netIncomeRatio": 0.0226467512,
        "eps": 0.29,
        "epsdiluted": 0.28,
        "weightedAverageShsOut": 161836000,
        "weightedAverageShsOutDil": 164298000,
        "link": "https://www.sec.gov/Archives/edgar/data/1124198/000095013704003812/0000950137-04-003812-index.htm",
        "finalLink": "https://www.sec.gov/Archives/edgar/data/1124198/000095013704003812/a98766e10vq.htm"
    },
    {
        "date": "2003-12-31",
        "symbol": "FLR",
        "reportedCurrency": "USD",
        "cik": "0001124198",
        "fillingDate": "2004-03-15",
        "acceptedDate": "2004-03-15 17:23:53",
        "calendarYear": "2003",
        "period": "Q4",
        "revenue": 2364529000,
        "costOfRevenue": 2249623000,
        "grossProfit": 114906000,
        "grossProfitRatio": 0.0485957246,
        "researchAndDevelopmentExpenses": 0,
        "generalAndAdministrativeExpenses": 0,
        "sellingAndMarketingExpenses": 0,
        "sellingGeneralAndAdministrativeExpenses": 39862000,
        "otherExpenses": 0,
        "operatingExpenses": 39862000,
        "costAndExpenses": 2289485000,
        "interestIncome": 3244000,
        "interestExpense": 2114000,
        "depreciationAndAmortization": 19775000,
        "ebitda": 94819000,
        "ebitdaratio": 0.0401005866,
        "operatingIncome": 75044000,
        "operatingIncomeRatio": 0.0317373989,
        "totalOtherIncomeExpensesNet": 1130000,
        "incomeBeforeTax": 76174000,
        "incomeBeforeTaxRatio": 0.0322152953,
        "incomeTaxExpense": 24754000,
        "netIncome": 51420000,
        "netIncomeRatio": 0.0217464028,
        "eps": 0.32,
        "epsdiluted": 0.32,
        "weightedAverageShsOut": 160726000,
        "weightedAverageShsOutDil": 161836000,
        "link": "https://www.sec.gov/Archives/edgar/data/1124198/000089256904000341/0000892569-04-000341-index.htm",
        "finalLink": "https://www.sec.gov/Archives/edgar/data/1124198/000089256904000341/a95964e10vk.htm"
    },
    {
        "date": "2003-09-30",
        "symbol": "FLR",
        "reportedCurrency": "USD",
        "cik": "0001124198",
        "fillingDate": "2003-11-14",
        "acceptedDate": "2003-11-14 13:11:03",
        "calendarYear": "2003",
        "period": "Q3",
        "revenue": 2120815000,
        "costOfRevenue": 2023254000,
        "grossProfit": 97561000,
        "grossProfitRatio": 0.046001655,
        "researchAndDevelopmentExpenses": 0,
        "generalAndAdministrativeExpenses": 0,
        "sellingAndMarketingExpenses": 0,
        "sellingGeneralAndAdministrativeExpenses": 33551000,
        "otherExpenses": 0,
        "operatingExpenses": 33551000,
        "costAndExpenses": 2056805000,
        "interestIncome": 3617000,
        "interestExpense": 2555000,
        "depreciationAndAmortization": 19367000,
        "ebitda": 83377000,
        "ebitdaratio": 0.0393136601,
        "operatingIncome": 64010000,
        "operatingIncomeRatio": 0.0301817933,
        "totalOtherIncomeExpensesNet": 1062000,
        "incomeBeforeTax": 65072000,
        "incomeBeforeTaxRatio": 0.0306825442,
        "incomeTaxExpense": 20948000,
        "netIncome": 44124000,
        "netIncomeRatio": 0.0208052093,
        "eps": 0.28,
        "epsdiluted": 0.28,
        "weightedAverageShsOut": 159868000,
        "weightedAverageShsOutDil": 161248000,
        "link": "https://www.sec.gov/Archives/edgar/data/1124198/000089256903002634/0000892569-03-002634-index.htm",
        "finalLink": "https://www.sec.gov/Archives/edgar/data/1124198/000089256903002634/a94401e10vq.htm"
    },
    {
        "date": "2003-06-30",
        "symbol": "FLR",
        "reportedCurrency": "USD",
        "cik": "0001124198",
        "fillingDate": "2003-08-14",
        "acceptedDate": "2003-08-14 14:44:25",
        "calendarYear": "2003",
        "period": "Q2",
        "revenue": 2243400000,
        "costOfRevenue": 2146339000,
        "grossProfit": 97061000,
        "grossProfitRatio": 0.0432651333,
        "researchAndDevelopmentExpenses": 0,
        "generalAndAdministrativeExpenses": 0,
        "sellingAndMarketingExpenses": 0,
        "sellingGeneralAndAdministrativeExpenses": 31348000,
        "otherExpenses": 65713000,
        "operatingExpenses": 97061000,
        "costAndExpenses": 2243400000,
        "interestIncome": 0,
        "interestExpense": 0,
        "depreciationAndAmortization": 19709000,
        "ebitda": 85422000,
        "ebitdaratio": 0.0380770259,
        "operatingIncome": 65713000,
        "operatingIncomeRatio": 0.0292917001,
        "totalOtherIncomeExpensesNet": 374000,
        "incomeBeforeTax": 66087000,
        "incomeBeforeTaxRatio": 0.0294584113,
        "incomeTaxExpense": 23101000,
        "netIncome": 44994000,
        "netIncomeRatio": 0.0200561647,
        "eps": 0.28,
        "epsdiluted": 0.28,
        "weightedAverageShsOut": 159238000,
        "weightedAverageShsOutDil": 160600000,
        "link": "https://www.sec.gov/Archives/edgar/data/1124198/000089256903001984/0000892569-03-001984-index.htm",
        "finalLink": "https://www.sec.gov/Archives/edgar/data/1124198/000089256903001984/a92239e10vq.htm"
    },
    {
        "date": "2003-03-31",
        "symbol": "FLR",
        "reportedCurrency": "USD",
        "cik": "0001124198",
        "fillingDate": "2003-05-15",
        "acceptedDate": "2003-05-15 16:32:38",
        "calendarYear": "2003",
        "period": "Q1",
        "revenue": 2076959000,
        "costOfRevenue": 1980261000,
        "grossProfit": 96698000,
        "grossProfitRatio": 0.046557491,
        "researchAndDevelopmentExpenses": 0,
        "generalAndAdministrativeExpenses": 0,
        "sellingAndMarketingExpenses": 0,
        "sellingGeneralAndAdministrativeExpenses": 36704000,
        "otherExpenses": 59994000,
        "operatingExpenses": 96698000,
        "costAndExpenses": 2076959000,
        "interestIncome": 0,
        "interestExpense": 0,
        "depreciationAndAmortization": 20825000,
        "ebitda": 80819000,
        "ebitdaratio": 0.0389121788,
        "operatingIncome": 59994000,
        "operatingIncomeRatio": 0.0288855004,
        "totalOtherIncomeExpensesNet": 654000,
        "incomeBeforeTax": 60648000,
        "incomeBeforeTaxRatio": 0.0292003838,
        "incomeTaxExpense": 19723000,
        "netIncome": 16912000,
        "netIncomeRatio": 0.008142674,
        "eps": 0.11,
        "epsdiluted": 0.11,
        "weightedAverageShsOut": 158534000,
        "weightedAverageShsOutDil": 159294000,
        "link": "https://www.sec.gov/Archives/edgar/data/1124198/000089256903001347/0000892569-03-001347-index.htm",
        "finalLink": "https://www.sec.gov/Archives/edgar/data/1124198/000089256903001347/a90283e10vq.htm"
    },
    {
        "date": "2002-12-31",
        "symbol": "FLR",
        "reportedCurrency": "USD",
        "cik": "0001124198",
        "fillingDate": "2003-03-31",
        "acceptedDate": "2003-03-31 14:40:03",
        "calendarYear": "2002",
        "period": "Q4",
        "revenue": 2465019000,
        "costOfRevenue": 2349047000,
        "grossProfit": 115972000,
        "grossProfitRatio": 0.0470471019,
        "researchAndDevelopmentExpenses": 0,
        "generalAndAdministrativeExpenses": 0,
        "sellingAndMarketingExpenses": 0,
        "sellingGeneralAndAdministrativeExpenses": 51816000,
        "otherExpenses": 0,
        "operatingExpenses": 51816000,
        "costAndExpenses": 2400863000,
        "interestIncome": 4068000,
        "interestExpense": 1962000,
        "depreciationAndAmortization": 19628000,
        "ebitda": 83784000,
        "ebitdaratio": 0.0339891903,
        "operatingIncome": 64156000,
        "operatingIncomeRatio": 0.0260265742,
        "totalOtherIncomeExpensesNet": 2106000,
        "incomeBeforeTax": 66262000,
        "incomeBeforeTaxRatio": 0.0268809287,
        "incomeTaxExpense": 21535000,
        "netIncome": 48201000,
        "netIncomeRatio": 0.0195540075,
        "eps": 0.3,
        "epsdiluted": 0.3,
        "weightedAverageShsOut": 158526000,
        "weightedAverageShsOutDil": 158534000,
        "link": "https://www.sec.gov/Archives/edgar/data/1124198/000089256903000847/0000892569-03-000847-index.htm",
        "finalLink": "https://www.sec.gov/Archives/edgar/data/1124198/000089256903000847/a88362e10vk.htm"
    },
    {
        "date": "2002-09-30",
        "symbol": "FLR",
        "reportedCurrency": "USD",
        "cik": "0001124198",
        "fillingDate": "2002-11-14",
        "acceptedDate": "2002-11-14 15:30:26",
        "calendarYear": "2002",
        "period": "Q3",
        "revenue": 2451215000,
        "costOfRevenue": 2336284000,
        "grossProfit": 114931000,
        "grossProfitRatio": 0.0468873599,
        "researchAndDevelopmentExpenses": 0,
        "generalAndAdministrativeExpenses": 0,
        "sellingAndMarketingExpenses": 0,
        "sellingGeneralAndAdministrativeExpenses": 43206000,
        "otherExpenses": 0,
        "operatingExpenses": 43206000,
        "costAndExpenses": 2379490000,
        "interestIncome": 4282000,
        "interestExpense": 2316000,
        "depreciationAndAmortization": 18979000,
        "ebitda": 90704000,
        "ebitdaratio": 0.03700369,
        "operatingIncome": 71725000,
        "operatingIncomeRatio": 0.0292609991,
        "totalOtherIncomeExpensesNet": 1966000,
        "incomeBeforeTax": 73691000,
        "incomeBeforeTaxRatio": 0.0300630504,
        "incomeTaxExpense": 27634000,
        "netIncome": 31249000,
        "netIncomeRatio": 0.0127483717,
        "eps": 0.2,
        "epsdiluted": 0.2,
        "weightedAverageShsOut": 158932000,
        "weightedAverageShsOutDil": 159606000,
        "link": "https://www.sec.gov/Archives/edgar/data/1124198/000101706202001984/0001017062-02-001984-index.htm",
        "finalLink": "https://www.sec.gov/Archives/edgar/data/1124198/000101706202001984/d10q.htm"
    },
    {
        "date": "2002-06-30",
        "symbol": "FLR",
        "reportedCurrency": "USD",
        "cik": "0001124198",
        "fillingDate": "2002-08-14",
        "acceptedDate": "2002-08-14 15:13:29",
        "calendarYear": "2002",
        "period": "Q2",
        "revenue": 2536113000,
        "costOfRevenue": 2439409000,
        "grossProfit": 96704000,
        "grossProfitRatio": 0.0381307931,
        "researchAndDevelopmentExpenses": 0,
        "generalAndAdministrativeExpenses": 0,
        "sellingAndMarketingExpenses": 0,
        "sellingGeneralAndAdministrativeExpenses": 31606000,
        "otherExpenses": 0,
        "operatingExpenses": 31606000,
        "costAndExpenses": 2471015000,
        "interestIncome": 4310000,
        "interestExpense": 2462000,
        "depreciationAndAmortization": 20309000,
        "ebitda": 85407000,
        "ebitdaratio": 0.0336763386,
        "operatingIncome": 65098000,
        "operatingIncomeRatio": 0.0256684146,
        "totalOtherIncomeExpensesNet": 1848000,
        "incomeBeforeTax": 66946000,
        "incomeBeforeTaxRatio": 0.0263970888,
        "incomeTaxExpense": 23935000,
        "netIncome": 42975000,
        "netIncomeRatio": 0.0169452229,
        "eps": 0.27,
        "epsdiluted": 0.27,
        "weightedAverageShsOut": 158928000,
        "weightedAverageShsOutDil": 160718000,
        "link": "https://www.sec.gov/Archives/edgar/data/1124198/000101706202001555/0001017062-02-001555-index.htm",
        "finalLink": "https://www.sec.gov/Archives/edgar/data/1124198/000101706202001555/d10q.txt"
    },
    {
        "date": "2002-03-31",
        "symbol": "FLR",
        "reportedCurrency": "USD",
        "cik": "0001124198",
        "fillingDate": "2002-05-15",
        "acceptedDate": "2002-05-15 16:37:37",
        "calendarYear": "2002",
        "period": "Q1",
        "revenue": 2506609000,
        "costOfRevenue": 2420045000,
        "grossProfit": 86564000,
        "grossProfitRatio": 0.0345343051,
        "researchAndDevelopmentExpenses": 0,
        "generalAndAdministrativeExpenses": 0,
        "sellingAndMarketingExpenses": 0,
        "sellingGeneralAndAdministrativeExpenses": 33469000,
        "otherExpenses": 0,
        "operatingExpenses": 33469000,
        "costAndExpenses": 2453514000,
        "interestIncome": 2715000,
        "interestExpense": 2185000,
        "depreciationAndAmortization": 19073000,
        "ebitda": 72168000,
        "ebitdaratio": 0.0287910879,
        "operatingIncome": 53095000,
        "operatingIncomeRatio": 0.0211820033,
        "totalOtherIncomeExpensesNet": 530000,
        "incomeBeforeTax": 53625000,
        "incomeBeforeTaxRatio": 0.0213934443,
        "incomeTaxExpense": 17444000,
        "netIncome": 41190000,
        "netIncomeRatio": 0.0164325589,
        "eps": 0.26,
        "epsdiluted": 0.26,
        "weightedAverageShsOut": 158364000,
        "weightedAverageShsOutDil": 159802000,
        "link": "https://www.sec.gov/Archives/edgar/data/1124198/000101706202001006/0001017062-02-001006-index.htm",
        "finalLink": "https://www.sec.gov/Archives/edgar/data/1124198/000101706202001006/d10q.htm"
    },
    {
        "date": "2001-12-31",
        "symbol": "FLR",
        "reportedCurrency": "USD",
        "cik": "0001124198",
        "fillingDate": "2002-03-21",
        "acceptedDate": "2002-03-21 00:00:00",
        "calendarYear": "2001",
        "period": "Q4",
        "revenue": 2634951000,
        "costOfRevenue": 2551522000,
        "grossProfit": 83429000,
        "grossProfitRatio": 0.0316624484,
        "researchAndDevelopmentExpenses": 0,
        "generalAndAdministrativeExpenses": 0,
        "sellingAndMarketingExpenses": 0,
        "sellingGeneralAndAdministrativeExpenses": 44682000,
        "otherExpenses": 0,
        "operatingExpenses": 44682000,
        "costAndExpenses": 2596204000,
        "interestIncome": 9732000,
        "interestExpense": 2637000,
        "depreciationAndAmortization": -19848000,
        "ebitda": 38747000,
        "ebitdaratio": 0.0147050173,
        "operatingIncome": 38747000,
        "operatingIncomeRatio": 0.0147050173,
        "totalOtherIncomeExpensesNet": 7095000,
        "incomeBeforeTax": 45842000,
        "incomeBeforeTaxRatio": 0.017397667,
        "incomeTaxExpense": 14440000,
        "netIncome": 28493000,
        "netIncomeRatio": 0.0108134838,
        "eps": 0.18,
        "epsdiluted": 0.18,
        "weightedAverageShsOut": 156672000,
        "weightedAverageShsOutDil": 158364000,
        "link": "https://www.sec.gov/Archives/edgar/data/1124198/000101706202000439/0001017062-02-000439-index.htm",
        "finalLink": "https://www.sec.gov/Archives/edgar/data/1124198/000101706202000439/d10k.htm"
    },
    {
        "date": "2001-09-30",
        "symbol": "FLR",
        "reportedCurrency": "USD",
        "cik": "0001124198",
        "fillingDate": "2001-11-14",
        "acceptedDate": "2001-11-14 00:00:00",
        "calendarYear": "2001",
        "period": "Q3",
        "revenue": 2198626000,
        "costOfRevenue": 2106573000,
        "grossProfit": 92053000,
        "grossProfitRatio": 0.0418684215,
        "researchAndDevelopmentExpenses": 0,
        "generalAndAdministrativeExpenses": 0,
        "sellingAndMarketingExpenses": 0,
        "sellingGeneralAndAdministrativeExpenses": 29385000,
        "otherExpenses": 0,
        "operatingExpenses": 29385000,
        "costAndExpenses": 2135958000,
        "interestIncome": 6184000,
        "interestExpense": 2836000,
        "depreciationAndAmortization": 29545000,
        "ebitda": 92213000,
        "ebitdaratio": 0.0419411942,
        "operatingIncome": 62668000,
        "operatingIncomeRatio": 0.0285032561,
        "totalOtherIncomeExpensesNet": 3348000,
        "incomeBeforeTax": 66016000,
        "incomeBeforeTaxRatio": 0.0300260253,
        "incomeTaxExpense": 21255000,
        "netIncome": -54514000,
        "netIncomeRatio": -0.0247945762,
        "eps": -0.35,
        "epsdiluted": -0.34,
        "weightedAverageShsOut": 157764000,
        "weightedAverageShsOutDil": 160335000,
        "link": "https://www.sec.gov/Archives/edgar/data/1124198/000102140801510232/0001021408-01-510232-index.htm",
        "finalLink": "https://www.sec.gov/Archives/edgar/data/1124198/000102140801510232/d10q.txt"
    },
    {
        "date": "2001-06-30",
        "symbol": "FLR",
        "reportedCurrency": "USD",
        "cik": "0001124198",
        "fillingDate": "2001-08-14",
        "acceptedDate": "2001-08-14 00:00:00",
        "calendarYear": "2001",
        "period": "Q2",
        "revenue": 2227360000,
        "costOfRevenue": 2137165000,
        "grossProfit": 90195000,
        "grossProfitRatio": 0.0404941276,
        "researchAndDevelopmentExpenses": 0,
        "generalAndAdministrativeExpenses": 0,
        "sellingAndMarketingExpenses": 0,
        "sellingGeneralAndAdministrativeExpenses": 35127000,
        "otherExpenses": 1143000,
        "operatingExpenses": 36270000,
        "costAndExpenses": 2173435000,
        "interestIncome": 5251000,
        "interestExpense": 9193000,
        "depreciationAndAmortization": 43233000,
        "ebitda": 98301000,
        "ebitdaratio": 0.0441334135,
        "operatingIncome": 53925000,
        "operatingIncomeRatio": 0.0242102758,
        "totalOtherIncomeExpensesNet": -2799000,
        "incomeBeforeTax": 51126000,
        "incomeBeforeTaxRatio": 0.0229536312,
        "incomeTaxExpense": 16007000,
        "netIncome": 35119000,
        "netIncomeRatio": 0.0157670965,
        "eps": 0.22,
        "epsdiluted": 0.22,
        "weightedAverageShsOut": 156276000,
        "weightedAverageShsOutDil": 159756000,
        "link": "https://www.sec.gov/Archives/edgar/data/1124198/000101706201500844/0001017062-01-500844-index.htm",
        "finalLink": "https://www.sec.gov/Archives/edgar/data/1124198/000101706201500844/d10q.txt"
    },
    {
        "date": "2001-03-31",
        "symbol": "FLR",
        "reportedCurrency": "USD",
        "cik": "0001124198",
        "fillingDate": "2001-05-15",
        "acceptedDate": "2001-05-15 00:00:00",
        "calendarYear": "2001",
        "period": "Q1",
        "revenue": 1911224000,
        "costOfRevenue": 1818686000,
        "grossProfit": 92538000,
        "grossProfitRatio": 0.0484181865,
        "researchAndDevelopmentExpenses": 0,
        "generalAndAdministrativeExpenses": 0,
        "sellingAndMarketingExpenses": 0,
        "sellingGeneralAndAdministrativeExpenses": 62793000,
        "otherExpenses": 21957000,
        "operatingExpenses": 84750000,
        "costAndExpenses": 1903436000,
        "interestIncome": 2936000,
        "interestExpense": 10345000,
        "depreciationAndAmortization": 18981000,
        "ebitda": 48726000,
        "ebitdaratio": 0.0254946568,
        "operatingIncome": 7788000,
        "operatingIncomeRatio": 0.0040748756,
        "totalOtherIncomeExpensesNet": 14548000,
        "incomeBeforeTax": 22336000,
        "incomeBeforeTaxRatio": 0.0116867515,
        "incomeTaxExpense": 5852000,
        "netIncome": 11192000,
        "netIncomeRatio": 0.0058559332,
        "eps": 0.075,
        "epsdiluted": 0.07,
        "weightedAverageShsOut": 150406000,
        "weightedAverageShsOutDil": 153964000,
        "link": "https://www.sec.gov/Archives/edgar/data/1124198/000101706201500323/0001017062-01-500323-index.htm",
        "finalLink": "https://www.sec.gov/Archives/edgar/data/1124198/000101706201500323/d10q.txt"
    },
    {
        "date": "2000-10-31",
        "symbol": "FLR",
        "reportedCurrency": "USD",
        "cik": "0001124198",
        "fillingDate": "2001-01-29",
        "acceptedDate": "2001-01-29 00:00:00",
        "calendarYear": "2000",
        "period": "Q3",
        "revenue": 1756500000,
        "costOfRevenue": 1652100000,
        "grossProfit": 104400000,
        "grossProfitRatio": 0.0594363792,
        "researchAndDevelopmentExpenses": 0,
        "generalAndAdministrativeExpenses": 53600000,
        "sellingAndMarketingExpenses": 100000,
        "sellingGeneralAndAdministrativeExpenses": 53700000,
        "otherExpenses": 0,
        "operatingExpenses": 53700000,
        "costAndExpenses": 1705800000,
        "interestIncome": 0,
        "interestExpense": 0,
        "depreciationAndAmortization": 84000000,
        "ebitda": 142300000,
        "ebitdaratio": 0.0810133789,
        "operatingIncome": 58300000,
        "operatingIncomeRatio": 0.0331910048,
        "totalOtherIncomeExpensesNet": -7600000,
        "incomeBeforeTax": 50700000,
        "incomeBeforeTaxRatio": 0.0288642186,
        "incomeTaxExpense": 12200000,
        "netIncome": 38500000,
        "netIncomeRatio": 0.0219185881,
        "eps": 0.23,
        "epsdiluted": 0.23,
        "weightedAverageShsOut": 169600000,
        "weightedAverageShsOutDil": 169600000,
        "link": "https://www.sec.gov/Archives/edgar/data/1124198/000101706201000119/0001017062-01-000119-index.htm",
        "finalLink": "https://www.sec.gov/Archives/edgar/data/1124198/000101706201000119/0001017062-01-000119-0001.txt"
    }
]