[
    {
        "date": "2025-09-30",
        "symbol": "FMC",
        "reportedCurrency": "USD",
        "cik": "0000037785",
        "fillingDate": "2025-10-30",
        "acceptedDate": "2025-10-30 14:07:21",
        "calendarYear": "2025",
        "period": "Q3",
        "revenue": 489000000,
        "costOfRevenue": 413300000,
        "grossProfit": 75700000,
        "grossProfitRatio": 0.154805726,
        "researchAndDevelopmentExpenses": 63300000,
        "generalAndAdministrativeExpenses": 0,
        "sellingAndMarketingExpenses": 0,
        "sellingGeneralAndAdministrativeExpenses": 167400000,
        "otherExpenses": 312300000,
        "operatingExpenses": 543000000,
        "costAndExpenses": 956300000,
        "interestIncome": 0,
        "interestExpense": 64100000,
        "depreciationAndAmortization": 51500000,
        "ebitda": -396300000,
        "ebitdaratio": -0.8104294479,
        "operatingIncome": -467300000,
        "operatingIncomeRatio": -0.9556237219,
        "totalOtherIncomeExpensesNet": 1300000,
        "incomeBeforeTax": -466000000,
        "incomeBeforeTaxRatio": -0.9529652352,
        "incomeTaxExpense": 82200000,
        "netIncome": -569300000,
        "netIncomeRatio": -1.1642126789,
        "eps": -4.52,
        "epsdiluted": -4.52,
        "weightedAverageShsOut": 125100000,
        "weightedAverageShsOutDil": 125100000,
        "link": "https://www.sec.gov/Archives/edgar/data/37785/000003778525000127/0000037785-25-000127-index.htm",
        "finalLink": "https://www.sec.gov/Archives/edgar/data/37785/000003778525000127/fmc-20250930.htm"
    },
    {
        "date": "2025-06-30",
        "symbol": "FMC",
        "reportedCurrency": "USD",
        "cik": "0000037785",
        "fillingDate": "2025-07-31",
        "acceptedDate": "2025-07-31 16:17:32",
        "calendarYear": "2025",
        "period": "Q2",
        "revenue": 1050500000,
        "costOfRevenue": 643200000,
        "grossProfit": 407300000,
        "grossProfitRatio": 0.3877201333,
        "researchAndDevelopmentExpenses": 66400000,
        "generalAndAdministrativeExpenses": 0,
        "sellingAndMarketingExpenses": 0,
        "sellingGeneralAndAdministrativeExpenses": 176800000,
        "otherExpenses": 0,
        "operatingExpenses": 243200000,
        "costAndExpenses": 886400000,
        "interestIncome": 0,
        "interestExpense": 60500000,
        "depreciationAndAmortization": 50800000,
        "ebitda": 170100000,
        "ebitdaratio": 0.1619228939,
        "operatingIncome": 164100000,
        "operatingIncomeRatio": 0.1562113279,
        "totalOtherIncomeExpensesNet": -105300000,
        "incomeBeforeTax": 58800000,
        "incomeBeforeTaxRatio": 0.055973346,
        "incomeTaxExpense": 14400000,
        "netIncome": 66700000,
        "netIncomeRatio": 0.0634935745,
        "eps": 0.53,
        "epsdiluted": 0.53,
        "weightedAverageShsOut": 125100000,
        "weightedAverageShsOutDil": 125500000,
        "link": "https://www.sec.gov/Archives/edgar/data/37785/000003778525000083/0000037785-25-000083-index.htm",
        "finalLink": "https://www.sec.gov/Archives/edgar/data/37785/000003778525000083/fmc-20250630.htm"
    },
    {
        "date": "2025-03-31",
        "symbol": "FMC",
        "reportedCurrency": "USD",
        "cik": "0000037785",
        "fillingDate": "2025-05-01",
        "acceptedDate": "2025-05-01 14:11:01",
        "calendarYear": "2025",
        "period": "Q1",
        "revenue": 791400000,
        "costOfRevenue": 474400000,
        "grossProfit": 317000000,
        "grossProfitRatio": 0.4005559768,
        "researchAndDevelopmentExpenses": 68700000,
        "generalAndAdministrativeExpenses": 0,
        "sellingAndMarketingExpenses": 0,
        "sellingGeneralAndAdministrativeExpenses": 172000000,
        "otherExpenses": 0,
        "operatingExpenses": 240700000,
        "costAndExpenses": 715100000,
        "interestIncome": 0,
        "interestExpense": 50100000,
        "depreciationAndAmortization": 47200000,
        "ebitda": 101700000,
        "ebitdaratio": 0.1285064443,
        "operatingIncome": 76300000,
        "operatingIncomeRatio": 0.0964114228,
        "totalOtherIncomeExpensesNet": -71400000,
        "incomeBeforeTax": 4900000,
        "incomeBeforeTaxRatio": 0.0061915593,
        "incomeTaxExpense": 13500000,
        "netIncome": -15500000,
        "netIncomeRatio": -0.0195855446,
        "eps": -0.12,
        "epsdiluted": -0.12,
        "weightedAverageShsOut": 125081000,
        "weightedAverageShsOutDil": 125081000,
        "link": "https://www.sec.gov/Archives/edgar/data/37785/000003778525000065/0000037785-25-000065-index.htm",
        "finalLink": "https://www.sec.gov/Archives/edgar/data/37785/000003778525000065/fmc-20250331.htm"
    },
    {
        "date": "2024-12-31",
        "symbol": "FMC",
        "reportedCurrency": "USD",
        "cik": "0000037785",
        "fillingDate": "2025-02-28",
        "acceptedDate": "2025-02-28 13:39:51",
        "calendarYear": "2024",
        "period": "Q4",
        "revenue": 1224300000,
        "costOfRevenue": 713400000,
        "grossProfit": 510900000,
        "grossProfitRatio": 0.4172996815,
        "researchAndDevelopmentExpenses": 72200000,
        "generalAndAdministrativeExpenses": 0,
        "sellingAndMarketingExpenses": 0,
        "sellingGeneralAndAdministrativeExpenses": 156600000,
        "otherExpenses": 0,
        "operatingExpenses": 228800000,
        "costAndExpenses": 942200000,
        "interestIncome": 0,
        "interestExpense": 51800000,
        "depreciationAndAmortization": 104000000,
        "ebitda": 332900000,
        "ebitdaratio": 0.2719104795,
        "operatingIncome": 282100000,
        "operatingIncomeRatio": 0.2304173814,
        "totalOtherIncomeExpensesNet": -104600000,
        "incomeBeforeTax": 177500000,
        "incomeBeforeTaxRatio": 0.1449808054,
        "incomeTaxExpense": 148000000,
        "netIncome": -16800000,
        "netIncomeRatio": -0.0137221269,
        "eps": -0.13,
        "epsdiluted": -0.13,
        "weightedAverageShsOut": 125000000,
        "weightedAverageShsOutDil": 125500000,
        "link": "https://www.sec.gov/Archives/edgar/data/37785/000003778525000030/0000037785-25-000030-index.htm",
        "finalLink": "https://www.sec.gov/Archives/edgar/data/37785/000003778525000030/fmc-20241231.htm"
    },
    {
        "date": "2024-09-30",
        "symbol": "FMC",
        "reportedCurrency": "USD",
        "cik": "0000037785",
        "fillingDate": "2024-10-30",
        "acceptedDate": "2024-10-30 14:55:17",
        "calendarYear": "2024",
        "period": "Q3",
        "revenue": 1065400000,
        "costOfRevenue": 680900000,
        "grossProfit": 384500000,
        "grossProfitRatio": 0.3608973156,
        "researchAndDevelopmentExpenses": 69000000,
        "generalAndAdministrativeExpenses": 0,
        "sellingAndMarketingExpenses": 0,
        "sellingGeneralAndAdministrativeExpenses": 159100000,
        "otherExpenses": 0,
        "operatingExpenses": 228100000,
        "costAndExpenses": 909000000,
        "interestIncome": 0,
        "interestExpense": 58700000,
        "depreciationAndAmortization": 48000000,
        "ebitda": 178700000,
        "ebitdaratio": 0.1677304299,
        "operatingIncome": 156400000,
        "operatingIncomeRatio": 0.1467993242,
        "totalOtherIncomeExpensesNet": -83900000,
        "incomeBeforeTax": 72500000,
        "incomeBeforeTaxRatio": 0.0680495589,
        "incomeTaxExpense": 6000000,
        "netIncome": 64800000,
        "netIncomeRatio": 0.0608222264,
        "eps": 0.52,
        "epsdiluted": 0.52,
        "weightedAverageShsOut": 125026000,
        "weightedAverageShsOutDil": 125500000,
        "link": "https://www.sec.gov/Archives/edgar/data/37785/000003778524000119/0000037785-24-000119-index.htm",
        "finalLink": "https://www.sec.gov/Archives/edgar/data/37785/000003778524000119/fmc-20240930.htm"
    },
    {
        "date": "2024-06-30",
        "symbol": "FMC",
        "reportedCurrency": "USD",
        "cik": "0000037785",
        "fillingDate": "2024-08-01",
        "acceptedDate": "2024-08-01 13:52:30",
        "calendarYear": "2024",
        "period": "Q2",
        "revenue": 1038400000,
        "costOfRevenue": 647300000,
        "grossProfit": 391100000,
        "grossProfitRatio": 0.3766371341,
        "researchAndDevelopmentExpenses": 75900000,
        "generalAndAdministrativeExpenses": 0,
        "sellingAndMarketingExpenses": 0,
        "sellingGeneralAndAdministrativeExpenses": 164900000,
        "otherExpenses": 0,
        "operatingExpenses": 240800000,
        "costAndExpenses": 888100000,
        "interestIncome": 0,
        "interestExpense": 63600000,
        "depreciationAndAmortization": 50000000,
        "ebitda": 107600000,
        "ebitdaratio": 0.1036209553,
        "operatingIncome": 150300000,
        "operatingIncomeRatio": 0.1447419106,
        "totalOtherIncomeExpensesNet": -155800000,
        "incomeBeforeTax": -5500000,
        "incomeBeforeTaxRatio": -0.0052966102,
        "incomeTaxExpense": -303500000,
        "netIncome": 295100000,
        "netIncomeRatio": 0.2841872111,
        "eps": 2.35,
        "epsdiluted": 2.35,
        "weightedAverageShsOut": 125009000,
        "weightedAverageShsOutDil": 125352000,
        "link": "https://www.sec.gov/Archives/edgar/data/37785/000003778524000102/0000037785-24-000102-index.htm",
        "finalLink": "https://www.sec.gov/Archives/edgar/data/37785/000003778524000102/fmc-20240630.htm"
    },
    {
        "date": "2024-03-31",
        "symbol": "FMC",
        "reportedCurrency": "USD",
        "cik": "0000037785",
        "fillingDate": "2024-05-07",
        "acceptedDate": "2024-05-07 13:37:38",
        "calendarYear": "2024",
        "period": "Q1",
        "revenue": 918000000,
        "costOfRevenue": 566300000,
        "grossProfit": 351700000,
        "grossProfitRatio": 0.3831154684,
        "researchAndDevelopmentExpenses": 60900000,
        "generalAndAdministrativeExpenses": 0,
        "sellingAndMarketingExpenses": 0,
        "sellingGeneralAndAdministrativeExpenses": 164000000,
        "otherExpenses": 0,
        "operatingExpenses": 224900000,
        "costAndExpenses": 791200000,
        "interestIncome": 0,
        "interestExpense": 61700000,
        "depreciationAndAmortization": 49000000,
        "ebitda": 118199999,
        "ebitdaratio": 0.1287581688,
        "operatingIncome": 126800000,
        "operatingIncomeRatio": 0.1381263617,
        "totalOtherIncomeExpensesNet": -118800000,
        "incomeBeforeTax": 8000000,
        "incomeBeforeTaxRatio": 0.0087145969,
        "incomeTaxExpense": -1400000,
        "netIncome": -2700000,
        "netIncomeRatio": -0.0029411765,
        "eps": -0.0216,
        "epsdiluted": -0.0216,
        "weightedAverageShsOut": 124945000,
        "weightedAverageShsOutDil": 124945000,
        "link": "https://www.sec.gov/Archives/edgar/data/37785/000003778524000066/0000037785-24-000066-index.htm",
        "finalLink": "https://www.sec.gov/Archives/edgar/data/37785/000003778524000066/fmc-20240331.htm"
    },
    {
        "date": "2023-12-31",
        "symbol": "FMC",
        "reportedCurrency": "USD",
        "cik": "0000037785",
        "fillingDate": "2024-02-27",
        "acceptedDate": "2024-02-27 14:51:18",
        "calendarYear": "2023",
        "period": "Q4",
        "revenue": 1146100000,
        "costOfRevenue": 720300000,
        "grossProfit": 425800000,
        "grossProfitRatio": 0.3715208097,
        "researchAndDevelopmentExpenses": 81800000,
        "generalAndAdministrativeExpenses": 0,
        "sellingAndMarketingExpenses": 0,
        "sellingGeneralAndAdministrativeExpenses": 174500000,
        "otherExpenses": 0,
        "operatingExpenses": 256300000,
        "costAndExpenses": 976600000,
        "interestIncome": 0,
        "interestExpense": 56700000,
        "depreciationAndAmortization": 98500000,
        "ebitda": 111600000,
        "ebitdaratio": 0.0973737021,
        "operatingIncome": 169500000,
        "operatingIncomeRatio": 0.147892854,
        "totalOtherIncomeExpensesNet": -212900000,
        "incomeBeforeTax": -43400000,
        "incomeBeforeTaxRatio": -0.0378675508,
        "incomeTaxExpense": -1197000000,
        "netIncome": 1098500000,
        "netIncomeRatio": 0.9584678475,
        "eps": 8.77,
        "epsdiluted": 8.75,
        "weightedAverageShsOut": 124900000,
        "weightedAverageShsOutDil": 125200000,
        "link": "https://www.sec.gov/Archives/edgar/data/37785/000003778524000033/0000037785-24-000033-index.htm",
        "finalLink": "https://www.sec.gov/Archives/edgar/data/37785/000003778524000033/fmc-20231231.htm"
    },
    {
        "date": "2023-09-30",
        "symbol": "FMC",
        "reportedCurrency": "USD",
        "cik": "0000037785",
        "fillingDate": "2023-11-07",
        "acceptedDate": "2023-11-07 16:52:13",
        "calendarYear": "2023",
        "period": "Q3",
        "revenue": 981900000,
        "costOfRevenue": 553000000,
        "grossProfit": 428900000,
        "grossProfitRatio": 0.4368061921,
        "researchAndDevelopmentExpenses": 80900000,
        "generalAndAdministrativeExpenses": 0,
        "sellingAndMarketingExpenses": 0,
        "sellingGeneralAndAdministrativeExpenses": 173000000,
        "otherExpenses": 0,
        "operatingExpenses": 253900000,
        "costAndExpenses": 806900000,
        "interestIncome": 0,
        "interestExpense": 64600000,
        "depreciationAndAmortization": 50100000,
        "ebitda": 146300000,
        "ebitdaratio": 0.1489968429,
        "operatingIncome": 175000000,
        "operatingIncomeRatio": 0.1782258886,
        "totalOtherIncomeExpensesNet": -143000000,
        "incomeBeforeTax": 32000000,
        "incomeBeforeTaxRatio": 0.0325898768,
        "incomeTaxExpense": 27400000,
        "netIncome": -3500000,
        "netIncomeRatio": -0.0035645178,
        "eps": -0.028,
        "epsdiluted": -0.028,
        "weightedAverageShsOut": 124887000,
        "weightedAverageShsOutDil": 124887000,
        "link": "https://www.sec.gov/Archives/edgar/data/37785/000003778523000178/0000037785-23-000178-index.htm",
        "finalLink": "https://www.sec.gov/Archives/edgar/data/37785/000003778523000178/fmc-20230930.htm"
    },
    {
        "date": "2023-06-30",
        "symbol": "FMC",
        "reportedCurrency": "USD",
        "cik": "0000037785",
        "fillingDate": "2023-08-03",
        "acceptedDate": "2023-08-03 10:16:38",
        "calendarYear": "2023",
        "period": "Q2",
        "revenue": 1014500000,
        "costOfRevenue": 546100000,
        "grossProfit": 468400000,
        "grossProfitRatio": 0.4617052735,
        "researchAndDevelopmentExpenses": 87700000,
        "generalAndAdministrativeExpenses": 0,
        "sellingAndMarketingExpenses": 0,
        "sellingGeneralAndAdministrativeExpenses": 207900000,
        "otherExpenses": 0,
        "operatingExpenses": 295600000,
        "costAndExpenses": 841700000,
        "interestIncome": 0,
        "interestExpense": 64500000,
        "depreciationAndAmortization": 55600000,
        "ebitda": 182500000,
        "ebitdaratio": 0.1798915722,
        "operatingIncome": 172800000,
        "operatingIncomeRatio": 0.1703302119,
        "totalOtherIncomeExpensesNet": -109700000,
        "incomeBeforeTax": 63100000,
        "incomeBeforeTaxRatio": 0.0621981272,
        "incomeTaxExpense": 9200000,
        "netIncome": 30500000,
        "netIncomeRatio": 0.030064071,
        "eps": 0.24,
        "epsdiluted": 0.24,
        "weightedAverageShsOut": 125085000,
        "weightedAverageShsOutDil": 125664000,
        "link": "https://www.sec.gov/Archives/edgar/data/37785/000003778523000153/0000037785-23-000153-index.htm",
        "finalLink": "https://www.sec.gov/Archives/edgar/data/37785/000003778523000153/fmc-20230630.htm"
    },
    {
        "date": "2023-03-31",
        "symbol": "FMC",
        "reportedCurrency": "USD",
        "cik": "0000037785",
        "fillingDate": "2023-05-02",
        "acceptedDate": "2023-05-02 14:03:00",
        "calendarYear": "2023",
        "period": "Q1",
        "revenue": 1344300000,
        "costOfRevenue": 759100000,
        "grossProfit": 585200000,
        "grossProfitRatio": 0.4353194971,
        "researchAndDevelopmentExpenses": 78400000,
        "generalAndAdministrativeExpenses": 0,
        "sellingAndMarketingExpenses": 0,
        "sellingGeneralAndAdministrativeExpenses": 186200000,
        "otherExpenses": 0,
        "operatingExpenses": 264600000,
        "costAndExpenses": 1023700000,
        "interestIncome": 0,
        "interestExpense": 51400000,
        "depreciationAndAmortization": 47000000,
        "ebitda": 345800000,
        "ebitdaratio": 0.2572342483,
        "operatingIncome": 320600000,
        "operatingIncomeRatio": 0.2384884326,
        "totalOtherIncomeExpensesNet": -72100000,
        "incomeBeforeTax": 248500000,
        "incomeBeforeTaxRatio": 0.1848545712,
        "incomeTaxExpense": 41100000,
        "netIncome": 196000000,
        "netIncomeRatio": 0.1458007885,
        "eps": 1.56,
        "epsdiluted": 1.55,
        "weightedAverageShsOut": 125300000,
        "weightedAverageShsOutDil": 126131000,
        "link": "https://www.sec.gov/Archives/edgar/data/37785/000003778523000099/0000037785-23-000099-index.htm",
        "finalLink": "https://www.sec.gov/Archives/edgar/data/37785/000003778523000099/fmc-20230331.htm"
    },
    {
        "date": "2022-12-31",
        "symbol": "FMC",
        "reportedCurrency": "USD",
        "cik": "0000037785",
        "fillingDate": "2023-02-24",
        "acceptedDate": "2023-02-24 15:17:06",
        "calendarYear": "2022",
        "period": "Q4",
        "revenue": 1622000000,
        "costOfRevenue": 936900000,
        "grossProfit": 685100000,
        "grossProfitRatio": 0.4223797781,
        "researchAndDevelopmentExpenses": 84400000,
        "generalAndAdministrativeExpenses": 0,
        "sellingAndMarketingExpenses": 0,
        "sellingGeneralAndAdministrativeExpenses": 215000000,
        "otherExpenses": 0,
        "operatingExpenses": 299400000,
        "costAndExpenses": 1236300000,
        "interestIncome": 0,
        "interestExpense": 44800000,
        "depreciationAndAmortization": 38800000,
        "ebitda": 430200000,
        "ebitdaratio": 0.2652281134,
        "operatingIncome": 385700000,
        "operatingIncomeRatio": 0.2377928483,
        "totalOtherIncomeExpensesNet": -38100000,
        "incomeBeforeTax": 347600000,
        "incomeBeforeTaxRatio": 0.2143033292,
        "incomeTaxExpense": 12200000,
        "netIncome": 273900000,
        "netIncomeRatio": 0.168865598,
        "eps": 2.18,
        "epsdiluted": 2.16,
        "weightedAverageShsOut": 125600000,
        "weightedAverageShsOutDil": 126400000,
        "link": "https://www.sec.gov/Archives/edgar/data/37785/000003778523000019/0000037785-23-000019-index.htm",
        "finalLink": "https://www.sec.gov/Archives/edgar/data/37785/000003778523000019/fmc-20221231.htm"
    },
    {
        "date": "2022-09-30",
        "symbol": "FMC",
        "reportedCurrency": "USD",
        "cik": "0000037785",
        "fillingDate": "2022-11-02",
        "acceptedDate": "2022-11-02 15:08:45",
        "calendarYear": "2022",
        "period": "Q3",
        "revenue": 1377200000,
        "costOfRevenue": 891800000,
        "grossProfit": 485400000,
        "grossProfitRatio": 0.352454255,
        "researchAndDevelopmentExpenses": 78500000,
        "generalAndAdministrativeExpenses": 0,
        "sellingAndMarketingExpenses": 0,
        "sellingGeneralAndAdministrativeExpenses": 179900000,
        "otherExpenses": 0,
        "operatingExpenses": 258399999,
        "costAndExpenses": 1150200000,
        "interestIncome": 0,
        "interestExpense": 41800000,
        "depreciationAndAmortization": 44800000,
        "ebitda": 256100000,
        "ebitdaratio": 0.1859570142,
        "operatingIncome": 227000000,
        "operatingIncomeRatio": 0.1648271856,
        "totalOtherIncomeExpensesNet": -56500000,
        "incomeBeforeTax": 170500000,
        "incomeBeforeTaxRatio": 0.1238019169,
        "incomeTaxExpense": 36000000,
        "netIncome": 121000000,
        "netIncomeRatio": 0.0878594249,
        "eps": 0.96,
        "epsdiluted": 0.95,
        "weightedAverageShsOut": 126200000,
        "weightedAverageShsOutDil": 126891000,
        "link": "https://www.sec.gov/Archives/edgar/data/37785/000003778522000090/0000037785-22-000090-index.htm",
        "finalLink": "https://www.sec.gov/Archives/edgar/data/37785/000003778522000090/fmc-20220930.htm"
    },
    {
        "date": "2022-06-30",
        "symbol": "FMC",
        "reportedCurrency": "USD",
        "cik": "0000037785",
        "fillingDate": "2022-08-03",
        "acceptedDate": "2022-08-03 14:22:34",
        "calendarYear": "2022",
        "period": "Q2",
        "revenue": 1452300000,
        "costOfRevenue": 829700000,
        "grossProfit": 622600000,
        "grossProfitRatio": 0.4286993046,
        "researchAndDevelopmentExpenses": 79500000,
        "generalAndAdministrativeExpenses": 0,
        "sellingAndMarketingExpenses": 0,
        "sellingGeneralAndAdministrativeExpenses": 197800000,
        "otherExpenses": 0,
        "operatingExpenses": 277300000,
        "costAndExpenses": 1107000000,
        "interestIncome": 0,
        "interestExpense": 35300000,
        "depreciationAndAmortization": 43700000,
        "ebitda": 274700000,
        "ebitdaratio": 0.1891482476,
        "operatingIncome": 345300000,
        "operatingIncomeRatio": 0.2377607932,
        "totalOtherIncomeExpensesNet": -148600000,
        "incomeBeforeTax": 196700000,
        "incomeBeforeTaxRatio": 0.135440336,
        "incomeTaxExpense": 54700000,
        "netIncome": 134200000,
        "netIncomeRatio": 0.0924051505,
        "eps": 1.06,
        "epsdiluted": 1.06,
        "weightedAverageShsOut": 126204000,
        "weightedAverageShsOutDil": 126946000,
        "link": "https://www.sec.gov/Archives/edgar/data/37785/000003778522000075/0000037785-22-000075-index.htm",
        "finalLink": "https://www.sec.gov/Archives/edgar/data/37785/000003778522000075/fmc-20220630.htm"
    },
    {
        "date": "2022-03-31",
        "symbol": "FMC",
        "reportedCurrency": "USD",
        "cik": "0000037785",
        "fillingDate": "2022-05-03",
        "acceptedDate": "2022-05-03 13:19:19",
        "calendarYear": "2022",
        "period": "Q1",
        "revenue": 1350800000,
        "costOfRevenue": 757000000,
        "grossProfit": 593800000,
        "grossProfitRatio": 0.4395913533,
        "researchAndDevelopmentExpenses": 71800000,
        "generalAndAdministrativeExpenses": 0,
        "sellingAndMarketingExpenses": 0,
        "sellingGeneralAndAdministrativeExpenses": 189000000,
        "otherExpenses": 0,
        "operatingExpenses": 260800000,
        "costAndExpenses": 1017800000,
        "interestIncome": 0,
        "interestExpense": 29900000,
        "depreciationAndAmortization": 39100000,
        "ebitda": 337100000,
        "ebitdaratio": 0.2495558188,
        "operatingIncome": 333000000,
        "operatingIncomeRatio": 0.2465205804,
        "totalOtherIncomeExpensesNet": -63900000,
        "incomeBeforeTax": 269100000,
        "incomeBeforeTaxRatio": 0.1992152798,
        "incomeTaxExpense": 42300000,
        "netIncome": 207400000,
        "netIncomeRatio": 0.1535386438,
        "eps": 1.65,
        "epsdiluted": 1.64,
        "weightedAverageShsOut": 126064000,
        "weightedAverageShsOutDil": 126839000,
        "link": "https://www.sec.gov/Archives/edgar/data/37785/000003778522000040/0000037785-22-000040-index.htm",
        "finalLink": "https://www.sec.gov/Archives/edgar/data/37785/000003778522000040/fmc-20220331.htm"
    },
    {
        "date": "2021-12-31",
        "symbol": "FMC",
        "reportedCurrency": "USD",
        "cik": "0000037785",
        "fillingDate": "2022-02-25",
        "acceptedDate": "2022-02-25 15:57:37",
        "calendarYear": "2021",
        "period": "Q4",
        "revenue": 1413600000,
        "costOfRevenue": 819100000,
        "grossProfit": 594500000,
        "grossProfitRatio": 0.420557442,
        "researchAndDevelopmentExpenses": 85300000,
        "generalAndAdministrativeExpenses": 0,
        "sellingAndMarketingExpenses": 0,
        "sellingGeneralAndAdministrativeExpenses": 194800000,
        "otherExpenses": 0,
        "operatingExpenses": 280100000,
        "costAndExpenses": 1099200000,
        "interestIncome": 0,
        "interestExpense": 33000000,
        "depreciationAndAmortization": 28800000,
        "ebitda": 298000000,
        "ebitdaratio": 0.2108092813,
        "operatingIncome": 314400000,
        "operatingIncomeRatio": 0.2224108659,
        "totalOtherIncomeExpensesNet": -77100000,
        "incomeBeforeTax": 237300000,
        "incomeBeforeTaxRatio": 0.1678692699,
        "incomeTaxExpense": 16700000,
        "netIncome": 190200000,
        "netIncomeRatio": 0.1345500849,
        "eps": 1.52,
        "epsdiluted": 1.52,
        "weightedAverageShsOut": 126600000,
        "weightedAverageShsOutDil": 127400000,
        "link": "https://www.sec.gov/Archives/edgar/data/37785/000003778522000025/0000037785-22-000025-index.htm",
        "finalLink": "https://www.sec.gov/Archives/edgar/data/37785/000003778522000025/fmc-20211231.htm"
    },
    {
        "date": "2021-09-30",
        "symbol": "FMC",
        "reportedCurrency": "USD",
        "cik": "0000037785",
        "fillingDate": "2021-11-03",
        "acceptedDate": "2021-11-03 14:13:38",
        "calendarYear": "2021",
        "period": "Q3",
        "revenue": 1194000000,
        "costOfRevenue": 684100000,
        "grossProfit": 509900000,
        "grossProfitRatio": 0.4270519263,
        "researchAndDevelopmentExpenses": 79500000,
        "generalAndAdministrativeExpenses": 0,
        "sellingAndMarketingExpenses": 0,
        "sellingGeneralAndAdministrativeExpenses": 185200000,
        "otherExpenses": 0,
        "operatingExpenses": 264700000,
        "costAndExpenses": 948800000,
        "interestIncome": 0,
        "interestExpense": 33100000,
        "depreciationAndAmortization": 47100000,
        "ebitda": 260300000,
        "ebitdaratio": 0.2180067002,
        "operatingIncome": 245200000,
        "operatingIncomeRatio": 0.205360134,
        "totalOtherIncomeExpensesNet": -64100000,
        "incomeBeforeTax": 181100000,
        "incomeBeforeTaxRatio": 0.1516750419,
        "incomeTaxExpense": 9200000,
        "netIncome": 159300000,
        "netIncomeRatio": 0.1334170854,
        "eps": 1.24,
        "epsdiluted": 1.24,
        "weightedAverageShsOut": 128313000,
        "weightedAverageShsOutDil": 128991000,
        "link": "https://www.sec.gov/Archives/edgar/data/37785/000003778521000081/0000037785-21-000081-index.htm",
        "finalLink": "https://www.sec.gov/Archives/edgar/data/37785/000003778521000081/fmc-20210930.htm"
    },
    {
        "date": "2021-06-30",
        "symbol": "FMC",
        "reportedCurrency": "USD",
        "cik": "0000037785",
        "fillingDate": "2021-08-04",
        "acceptedDate": "2021-08-04 15:57:40",
        "calendarYear": "2021",
        "period": "Q2",
        "revenue": 1242000000,
        "costOfRevenue": 691300000,
        "grossProfit": 550700000,
        "grossProfitRatio": 0.4433977456,
        "researchAndDevelopmentExpenses": 65900000,
        "generalAndAdministrativeExpenses": 0,
        "sellingAndMarketingExpenses": 0,
        "sellingGeneralAndAdministrativeExpenses": 161200000,
        "otherExpenses": 0,
        "operatingExpenses": 227100000,
        "costAndExpenses": 918400000,
        "interestIncome": 0,
        "interestExpense": 32600000,
        "depreciationAndAmortization": 46200000,
        "ebitda": 328100000,
        "ebitdaratio": 0.2641706924,
        "operatingIncome": 323600000,
        "operatingIncomeRatio": 0.260547504,
        "totalOtherIncomeExpensesNet": -72400000,
        "incomeBeforeTax": 251200000,
        "incomeBeforeTaxRatio": 0.2022544283,
        "incomeTaxExpense": 33400000,
        "netIncome": 202900000,
        "netIncomeRatio": 0.1633655395,
        "eps": 1.57,
        "epsdiluted": 1.56,
        "weightedAverageShsOut": 129090000,
        "weightedAverageShsOutDil": 129891000,
        "link": "https://www.sec.gov/Archives/edgar/data/37785/000003778521000067/0000037785-21-000067-index.htm",
        "finalLink": "https://www.sec.gov/Archives/edgar/data/37785/000003778521000067/fmc-20210630.htm"
    },
    {
        "date": "2021-03-31",
        "symbol": "FMC",
        "reportedCurrency": "USD",
        "cik": "0000037785",
        "fillingDate": "2021-05-06",
        "acceptedDate": "2021-05-06 14:07:21",
        "calendarYear": "2021",
        "period": "Q1",
        "revenue": 1195600000,
        "costOfRevenue": 661600000,
        "grossProfit": 534000000,
        "grossProfitRatio": 0.4466376715,
        "researchAndDevelopmentExpenses": 74000000,
        "generalAndAdministrativeExpenses": 0,
        "sellingAndMarketingExpenses": 0,
        "sellingGeneralAndAdministrativeExpenses": 174200000,
        "otherExpenses": 0,
        "operatingExpenses": 248200000,
        "costAndExpenses": 909800000,
        "interestIncome": 0,
        "interestExpense": 32400000,
        "depreciationAndAmortization": 38500000,
        "ebitda": 294200000,
        "ebitdaratio": 0.2460689194,
        "operatingIncome": 285800000,
        "operatingIncomeRatio": 0.2390431582,
        "totalOtherIncomeExpensesNet": -62300000,
        "incomeBeforeTax": 223500000,
        "incomeBeforeTaxRatio": 0.1869354299,
        "incomeTaxExpense": 32200000,
        "netIncome": 182600000,
        "netIncomeRatio": 0.1527266644,
        "eps": 1.41,
        "epsdiluted": 1.4,
        "weightedAverageShsOut": 129484000,
        "weightedAverageShsOutDil": 130320000,
        "link": "https://www.sec.gov/Archives/edgar/data/37785/000003778521000043/0000037785-21-000043-index.htm",
        "finalLink": "https://www.sec.gov/Archives/edgar/data/37785/000003778521000043/fmc-20210331.htm"
    },
    {
        "date": "2020-12-31",
        "symbol": "FMC",
        "reportedCurrency": "USD",
        "cik": "0000037785",
        "fillingDate": "2021-02-25",
        "acceptedDate": "2021-02-25 17:03:01",
        "calendarYear": "2020",
        "period": "Q4",
        "revenue": 1152200000,
        "costOfRevenue": 633800000,
        "grossProfit": 518400000,
        "grossProfitRatio": 0.4499218886,
        "researchAndDevelopmentExpenses": 84600000,
        "generalAndAdministrativeExpenses": 0,
        "sellingAndMarketingExpenses": 0,
        "sellingGeneralAndAdministrativeExpenses": 163400000,
        "otherExpenses": 0,
        "operatingExpenses": 248000000,
        "costAndExpenses": 881800000,
        "interestIncome": 0,
        "interestExpense": 34200000,
        "depreciationAndAmortization": 53200000,
        "ebitda": 190600000,
        "ebitdaratio": 0.1654226697,
        "operatingIncome": 270400000,
        "operatingIncomeRatio": 0.2346814789,
        "totalOtherIncomeExpensesNet": -162900000,
        "incomeBeforeTax": 107500000,
        "incomeBeforeTaxRatio": 0.0932997743,
        "incomeTaxExpense": 68600000,
        "netIncome": 49500000,
        "netIncomeRatio": 0.0429612914,
        "eps": 0.38,
        "epsdiluted": 0.38,
        "weightedAverageShsOut": 129800000,
        "weightedAverageShsOutDil": 130700000,
        "link": "https://www.sec.gov/Archives/edgar/data/37785/000003778521000024/0000037785-21-000024-index.htm",
        "finalLink": "https://www.sec.gov/Archives/edgar/data/37785/000003778521000024/fmc-20201231.htm"
    },
    {
        "date": "2020-09-30",
        "symbol": "FMC",
        "reportedCurrency": "USD",
        "cik": "0000037785",
        "fillingDate": "2020-11-03",
        "acceptedDate": "2020-11-03 12:46:13",
        "calendarYear": "2020",
        "period": "Q3",
        "revenue": 1084600000,
        "costOfRevenue": 605400000,
        "grossProfit": 479200000,
        "grossProfitRatio": 0.4418218698,
        "researchAndDevelopmentExpenses": 71700000,
        "generalAndAdministrativeExpenses": 0,
        "sellingAndMarketingExpenses": 0,
        "sellingGeneralAndAdministrativeExpenses": 168000000,
        "otherExpenses": 0,
        "operatingExpenses": 239700000,
        "costAndExpenses": 845100000,
        "interestIncome": 0,
        "interestExpense": 35500000,
        "depreciationAndAmortization": 45500000,
        "ebitda": 231000000,
        "ebitdaratio": 0.2129817444,
        "operatingIncome": 239500000,
        "operatingIncomeRatio": 0.220818735,
        "totalOtherIncomeExpensesNet": -90600000,
        "incomeBeforeTax": 148900000,
        "incomeBeforeTaxRatio": 0.1372856353,
        "incomeTaxExpense": 18400000,
        "netIncome": 111400000,
        "netIncomeRatio": 0.1027106767,
        "eps": 0.86,
        "epsdiluted": 0.85,
        "weightedAverageShsOut": 129888000,
        "weightedAverageShsOutDil": 130799000,
        "link": "https://www.sec.gov/Archives/edgar/data/37785/000003778520000122/0000037785-20-000122-index.htm",
        "finalLink": "https://www.sec.gov/Archives/edgar/data/37785/000003778520000122/fmc-20200930.htm"
    },
    {
        "date": "2020-06-30",
        "symbol": "FMC",
        "reportedCurrency": "USD",
        "cik": "0000037785",
        "fillingDate": "2020-08-05",
        "acceptedDate": "2020-08-05 13:30:01",
        "calendarYear": "2020",
        "period": "Q2",
        "revenue": 1155300000,
        "costOfRevenue": 617300000,
        "grossProfit": 538000000,
        "grossProfitRatio": 0.46567991,
        "researchAndDevelopmentExpenses": 64300000,
        "generalAndAdministrativeExpenses": 0,
        "sellingAndMarketingExpenses": 0,
        "sellingGeneralAndAdministrativeExpenses": 151000000,
        "otherExpenses": 0,
        "operatingExpenses": 215300000,
        "costAndExpenses": 832600000,
        "interestIncome": 0,
        "interestExpense": 40700000,
        "depreciationAndAmortization": 43400000,
        "ebitda": 309100000,
        "ebitdaratio": 0.2675495542,
        "operatingIncome": 322700000,
        "operatingIncomeRatio": 0.2793213884,
        "totalOtherIncomeExpensesNet": -97700000,
        "incomeBeforeTax": 225000000,
        "incomeBeforeTaxRatio": 0.1947546092,
        "incomeTaxExpense": 29200000,
        "netIncome": 184400000,
        "netIncomeRatio": 0.1596122219,
        "eps": 1.42,
        "epsdiluted": 1.41,
        "weightedAverageShsOut": 129725000,
        "weightedAverageShsOutDil": 130558000,
        "link": "https://www.sec.gov/Archives/edgar/data/37785/000003778520000105/0000037785-20-000105-index.htm",
        "finalLink": "https://www.sec.gov/Archives/edgar/data/37785/000003778520000105/fmc-20200630.htm"
    },
    {
        "date": "2020-03-31",
        "symbol": "FMC",
        "reportedCurrency": "USD",
        "cik": "0000037785",
        "fillingDate": "2020-05-06",
        "acceptedDate": "2020-05-06 13:25:18",
        "calendarYear": "2020",
        "period": "Q1",
        "revenue": 1250000000,
        "costOfRevenue": 720200000,
        "grossProfit": 529799999,
        "grossProfitRatio": 0.4238399992,
        "researchAndDevelopmentExpenses": 67300000,
        "generalAndAdministrativeExpenses": 0,
        "sellingAndMarketingExpenses": 0,
        "sellingGeneralAndAdministrativeExpenses": 174700000,
        "otherExpenses": 0,
        "operatingExpenses": 242000000,
        "costAndExpenses": 962200000,
        "interestIncome": 0,
        "interestExpense": 40800000,
        "depreciationAndAmortization": 45500000,
        "ebitda": 335200000,
        "ebitdaratio": 0.26816,
        "operatingIncome": 287800000,
        "operatingIncomeRatio": 0.23024,
        "totalOtherIncomeExpensesNet": -39400000,
        "incomeBeforeTax": 248400000,
        "incomeBeforeTaxRatio": 0.19872,
        "incomeTaxExpense": 34700000,
        "netIncome": 206200000,
        "netIncomeRatio": 0.16496,
        "eps": 1.59,
        "epsdiluted": 1.58,
        "weightedAverageShsOut": 129527000,
        "weightedAverageShsOutDil": 130466000,
        "link": "https://www.sec.gov/Archives/edgar/data/37785/000003778520000079/0000037785-20-000079-index.htm",
        "finalLink": "https://www.sec.gov/Archives/edgar/data/37785/000003778520000079/fmc-20200331.htm"
    },
    {
        "date": "2019-12-31",
        "symbol": "FMC",
        "reportedCurrency": "USD",
        "cik": "0000037785",
        "fillingDate": "2020-02-28",
        "acceptedDate": "2020-02-28 14:19:04",
        "calendarYear": "2019",
        "period": "Q4",
        "revenue": 1197300000,
        "costOfRevenue": 724400000,
        "grossProfit": 472900000,
        "grossProfitRatio": 0.3949720204,
        "researchAndDevelopmentExpenses": 76400000,
        "generalAndAdministrativeExpenses": 0,
        "sellingAndMarketingExpenses": 0,
        "sellingGeneralAndAdministrativeExpenses": 198300000,
        "otherExpenses": 0,
        "operatingExpenses": 274700000,
        "costAndExpenses": 999100000,
        "interestIncome": 0,
        "interestExpense": 42900000,
        "depreciationAndAmortization": 135400000,
        "ebitda": 244499999,
        "ebitdaratio": 0.2042094705,
        "operatingIncome": 198200000,
        "operatingIncomeRatio": 0.1655391297,
        "totalOtherIncomeExpensesNet": -131600000,
        "incomeBeforeTax": 66599999,
        "incomeBeforeTaxRatio": 0.0556251558,
        "incomeTaxExpense": 35900000,
        "netIncome": -3200000,
        "netIncomeRatio": -0.0026726802,
        "eps": -0.0247,
        "epsdiluted": -0.0244,
        "weightedAverageShsOut": 129700000,
        "weightedAverageShsOutDil": 130900000,
        "link": "https://www.sec.gov/Archives/edgar/data/37785/000003778520000035/0000037785-20-000035-index.htm",
        "finalLink": "https://www.sec.gov/Archives/edgar/data/37785/000003778520000035/fmc-20191231.htm"
    },
    {
        "date": "2019-09-30",
        "symbol": "FMC",
        "reportedCurrency": "USD",
        "cik": "0000037785",
        "fillingDate": "2019-10-30",
        "acceptedDate": "2019-10-30 13:30:24",
        "calendarYear": "2019",
        "period": "Q3",
        "revenue": 1014300000,
        "costOfRevenue": 587200000,
        "grossProfit": 427100000,
        "grossProfitRatio": 0.4210785764,
        "researchAndDevelopmentExpenses": 77400000,
        "generalAndAdministrativeExpenses": 0,
        "sellingAndMarketingExpenses": 0,
        "sellingGeneralAndAdministrativeExpenses": 172800000,
        "otherExpenses": 0,
        "operatingExpenses": 250200000,
        "costAndExpenses": 837400000,
        "interestIncome": 0,
        "interestExpense": 41600000,
        "depreciationAndAmortization": 40700000,
        "ebitda": 201600000,
        "ebitdaratio": 0.198757764,
        "operatingIncome": 176900000,
        "operatingIncomeRatio": 0.1744059943,
        "totalOtherIncomeExpensesNet": -57400000,
        "incomeBeforeTax": 119500000,
        "incomeBeforeTaxRatio": 0.117815242,
        "incomeTaxExpense": 8700000,
        "netIncome": 90400000,
        "netIncomeRatio": 0.0891255053,
        "eps": 0.69,
        "epsdiluted": 0.69,
        "weightedAverageShsOut": 130390000,
        "weightedAverageShsOutDil": 131600000,
        "link": "https://www.sec.gov/Archives/edgar/data/37785/000003778519000116/0000037785-19-000116-index.htm",
        "finalLink": "https://www.sec.gov/Archives/edgar/data/37785/000003778519000116/fmc-20190930.htm"
    },
    {
        "date": "2019-06-30",
        "symbol": "FMC",
        "reportedCurrency": "USD",
        "cik": "0000037785",
        "fillingDate": "2019-07-31",
        "acceptedDate": "2019-07-31 14:08:15",
        "calendarYear": "2019",
        "period": "Q2",
        "revenue": 1206100000,
        "costOfRevenue": 656200000,
        "grossProfit": 549900000,
        "grossProfitRatio": 0.4559323439,
        "researchAndDevelopmentExpenses": 73100000,
        "generalAndAdministrativeExpenses": 0,
        "sellingAndMarketingExpenses": 0,
        "sellingGeneralAndAdministrativeExpenses": 177200000,
        "otherExpenses": 0,
        "operatingExpenses": 250300000,
        "costAndExpenses": 906500000,
        "interestIncome": 0,
        "interestExpense": 39500000,
        "depreciationAndAmortization": 42800000,
        "ebitda": 307200000,
        "ebitdaratio": 0.2547052483,
        "operatingIncome": 299600000,
        "operatingIncomeRatio": 0.2484039466,
        "totalOtherIncomeExpensesNet": -74600000,
        "incomeBeforeTax": 225000000,
        "incomeBeforeTaxRatio": 0.1865516955,
        "incomeTaxExpense": 30600000,
        "netIncome": 174500000,
        "netIncomeRatio": 0.1446812039,
        "eps": 1.32,
        "epsdiluted": 1.32,
        "weightedAverageShsOut": 131100000,
        "weightedAverageShsOutDil": 132300000,
        "link": "https://www.sec.gov/Archives/edgar/data/37785/000003778519000092/0000037785-19-000092-index.htm",
        "finalLink": "https://www.sec.gov/Archives/edgar/data/37785/000003778519000092/fmc06301910q.htm"
    },
    {
        "date": "2019-03-31",
        "symbol": "FMC",
        "reportedCurrency": "USD",
        "cik": "0000037785",
        "fillingDate": "2019-05-08",
        "acceptedDate": "2019-05-08 09:10:32",
        "calendarYear": "2019",
        "period": "Q1",
        "revenue": 1192100000,
        "costOfRevenue": 650400000,
        "grossProfit": 541700000,
        "grossProfitRatio": 0.4544081872,
        "researchAndDevelopmentExpenses": 71200000,
        "generalAndAdministrativeExpenses": 0,
        "sellingAndMarketingExpenses": 0,
        "sellingGeneralAndAdministrativeExpenses": 168700000,
        "otherExpenses": 0,
        "operatingExpenses": 239900000,
        "costAndExpenses": 890300000,
        "interestIncome": 0,
        "interestExpense": 34500000,
        "depreciationAndAmortization": 39900000,
        "ebitda": 318300000,
        "ebitdaratio": 0.2670078014,
        "operatingIncome": 301800000,
        "operatingIncomeRatio": 0.2531666806,
        "totalOtherIncomeExpensesNet": -57900000,
        "incomeBeforeTax": 243900000,
        "incomeBeforeTaxRatio": 0.2045969298,
        "incomeTaxExpense": 36300000,
        "netIncome": 215700000,
        "netIncomeRatio": 0.1809411962,
        "eps": 1.63,
        "epsdiluted": 1.62,
        "weightedAverageShsOut": 131900000,
        "weightedAverageShsOutDil": 133200000,
        "link": "https://www.sec.gov/Archives/edgar/data/37785/000003778519000071/0000037785-19-000071-index.htm",
        "finalLink": "https://www.sec.gov/Archives/edgar/data/37785/000003778519000071/fmc03311910q.htm"
    },
    {
        "date": "2018-12-31",
        "symbol": "FMC",
        "reportedCurrency": "USD",
        "cik": "0000037785",
        "fillingDate": "2019-02-28",
        "acceptedDate": "2019-02-28 15:53:53",
        "calendarYear": "2018",
        "period": "Q4",
        "revenue": 1099400000,
        "costOfRevenue": 618100000,
        "grossProfit": 481300000,
        "grossProfitRatio": 0.437784246,
        "researchAndDevelopmentExpenses": 76800000,
        "generalAndAdministrativeExpenses": 0,
        "sellingAndMarketingExpenses": 0,
        "sellingGeneralAndAdministrativeExpenses": 246300000,
        "otherExpenses": 0,
        "operatingExpenses": 323100000,
        "costAndExpenses": 941200000,
        "interestIncome": 0,
        "interestExpense": 31400000,
        "depreciationAndAmortization": 51700000,
        "ebitda": 229000000,
        "ebitdaratio": 0.2082954339,
        "operatingIncome": 158200000,
        "operatingIncomeRatio": 0.1438966709,
        "totalOtherIncomeExpensesNet": -12100000,
        "incomeBeforeTax": 146100000,
        "incomeBeforeTaxRatio": 0.1328906676,
        "incomeTaxExpense": -10600000,
        "netIncome": 32400000,
        "netIncomeRatio": 0.0294706203,
        "eps": 0.24,
        "epsdiluted": 0.24,
        "weightedAverageShsOut": 133700000,
        "weightedAverageShsOutDil": 135100000,
        "link": "https://www.sec.gov/Archives/edgar/data/37785/000003778519000039/0000037785-19-000039-index.htm",
        "finalLink": "https://www.sec.gov/Archives/edgar/data/37785/000003778519000039/fmc201810k.htm"
    },
    {
        "date": "2018-09-30",
        "symbol": "FMC",
        "reportedCurrency": "USD",
        "cik": "0000037785",
        "fillingDate": "2018-11-06",
        "acceptedDate": "2018-11-06 16:12:40",
        "calendarYear": "2018",
        "period": "Q3",
        "revenue": 1035600000,
        "costOfRevenue": 545700000,
        "grossProfit": 377900000,
        "grossProfitRatio": 0.3649092314,
        "researchAndDevelopmentExpenses": 70900000,
        "generalAndAdministrativeExpenses": 0,
        "sellingAndMarketingExpenses": 0,
        "sellingGeneralAndAdministrativeExpenses": 172400000,
        "otherExpenses": 0,
        "operatingExpenses": 242500000,
        "costAndExpenses": 788200000,
        "interestIncome": 0,
        "interestExpense": 33400000,
        "depreciationAndAmortization": 40000000,
        "ebitda": 146100000,
        "ebitdaratio": 0.1410776362,
        "operatingIncome": 135400000,
        "operatingIncomeRatio": 0.1307454616,
        "totalOtherIncomeExpensesNet": -62500000,
        "incomeBeforeTax": 72900000,
        "incomeBeforeTaxRatio": 0.0703939745,
        "incomeTaxExpense": 22000000,
        "netIncome": 72800000,
        "netIncomeRatio": 0.0702974121,
        "eps": 0.54,
        "epsdiluted": 0.54,
        "weightedAverageShsOut": 134900000,
        "weightedAverageShsOutDil": 136400000,
        "link": "https://www.sec.gov/Archives/edgar/data/37785/000003778518000076/0000037785-18-000076-index.htm",
        "finalLink": "https://www.sec.gov/Archives/edgar/data/37785/000003778518000076/fmc09301810q.htm"
    },
    {
        "date": "2018-06-30",
        "symbol": "FMC",
        "reportedCurrency": "USD",
        "cik": "0000037785",
        "fillingDate": "2018-08-02",
        "acceptedDate": "2018-08-02 16:27:45",
        "calendarYear": "2018",
        "period": "Q2",
        "revenue": 1262300000,
        "costOfRevenue": 626600000,
        "grossProfit": 527799999,
        "grossProfitRatio": 0.4181256429,
        "researchAndDevelopmentExpenses": 77000000,
        "generalAndAdministrativeExpenses": 0,
        "sellingAndMarketingExpenses": 0,
        "sellingGeneralAndAdministrativeExpenses": 170400000,
        "otherExpenses": 0,
        "operatingExpenses": 246300000,
        "costAndExpenses": 872900000,
        "interestIncome": 0,
        "interestExpense": 34400000,
        "depreciationAndAmortization": 42900000,
        "ebitda": 176000000,
        "ebitdaratio": 0.1394280282,
        "operatingIncome": 281500000,
        "operatingIncomeRatio": 0.2230056247,
        "totalOtherIncomeExpensesNet": -182800000,
        "incomeBeforeTax": 98700000,
        "incomeBeforeTaxRatio": 0.0781906045,
        "incomeTaxExpense": -1100000,
        "netIncome": 129700000,
        "netIncomeRatio": 0.1027489503,
        "eps": 0.96,
        "epsdiluted": 0.96,
        "weightedAverageShsOut": 134800000,
        "weightedAverageShsOutDil": 136200000,
        "link": "https://www.sec.gov/Archives/edgar/data/37785/000003778518000053/0000037785-18-000053-index.htm",
        "finalLink": "https://www.sec.gov/Archives/edgar/data/37785/000003778518000053/fmc06301810q.htm"
    },
    {
        "date": "2018-03-31",
        "symbol": "FMC",
        "reportedCurrency": "USD",
        "cik": "0000037785",
        "fillingDate": "2018-05-03",
        "acceptedDate": "2018-05-03 15:44:53",
        "calendarYear": "2018",
        "period": "Q1",
        "revenue": 1210700000,
        "costOfRevenue": 575000000,
        "grossProfit": 532900000,
        "grossProfitRatio": 0.4401585859,
        "researchAndDevelopmentExpenses": 65900000,
        "generalAndAdministrativeExpenses": 0,
        "sellingAndMarketingExpenses": 0,
        "sellingGeneralAndAdministrativeExpenses": 174300000,
        "otherExpenses": 0,
        "operatingExpenses": 239200000,
        "costAndExpenses": 814200000,
        "interestIncome": 0,
        "interestExpense": 33900000,
        "depreciationAndAmortization": 37300000,
        "ebitda": 361900000,
        "ebitdaratio": 0.2989179813,
        "operatingIncome": 293700000,
        "operatingIncomeRatio": 0.2425869332,
        "totalOtherIncomeExpensesNet": -3000000,
        "incomeBeforeTax": 290700000,
        "incomeBeforeTaxRatio": 0.2401090278,
        "incomeTaxExpense": 60500000,
        "netIncome": 267200000,
        "netIncomeRatio": 0.2206987693,
        "eps": 1.98,
        "epsdiluted": 1.96,
        "weightedAverageShsOut": 134600000,
        "weightedAverageShsOutDil": 136200000,
        "link": "https://www.sec.gov/Archives/edgar/data/37785/000003778518000040/0000037785-18-000040-index.htm",
        "finalLink": "https://www.sec.gov/Archives/edgar/data/37785/000003778518000040/fmc03311810q.htm"
    },
    {
        "date": "2017-12-31",
        "symbol": "FMC",
        "reportedCurrency": "USD",
        "cik": "0000037785",
        "fillingDate": "2018-02-28",
        "acceptedDate": "2018-02-28 15:21:58",
        "calendarYear": "2017",
        "period": "Q4",
        "revenue": 979600000,
        "costOfRevenue": 562100000,
        "grossProfit": 417500000,
        "grossProfitRatio": 0.426194365,
        "researchAndDevelopmentExpenses": 51100000,
        "generalAndAdministrativeExpenses": 0,
        "sellingAndMarketingExpenses": 0,
        "sellingGeneralAndAdministrativeExpenses": 166200000,
        "otherExpenses": 0,
        "operatingExpenses": 217300000,
        "costAndExpenses": 779400000,
        "interestIncome": 0,
        "interestExpense": 27800000,
        "depreciationAndAmortization": 30200000,
        "ebitda": 73100000,
        "ebitdaratio": 0.0746222948,
        "operatingIncome": 200200000,
        "operatingIncomeRatio": 0.2043691303,
        "totalOtherIncomeExpensesNet": -185100000,
        "incomeBeforeTax": 15100000,
        "incomeBeforeTaxRatio": 0.0154144549,
        "incomeTaxExpense": 263000000,
        "netIncome": 530100000,
        "netIncomeRatio": 0.5411392405,
        "eps": 3.94,
        "epsdiluted": 3.94,
        "weightedAverageShsOut": 134319933,
        "weightedAverageShsOutDil": 134500000,
        "link": "https://www.sec.gov/Archives/edgar/data/37785/000003778518000019/0000037785-18-000019-index.htm",
        "finalLink": "https://www.sec.gov/Archives/edgar/data/37785/000003778518000019/fmc201710k.htm"
    },
    {
        "date": "2017-09-29",
        "symbol": "FMC",
        "reportedCurrency": "USD",
        "cik": "0000037785",
        "fillingDate": "2017-11-07",
        "acceptedDate": "2017-11-07 15:33:13",
        "calendarYear": "2017",
        "period": "Q3",
        "revenue": 646200000,
        "costOfRevenue": 389200000,
        "grossProfit": 257000000,
        "grossProfitRatio": 0.3977096874,
        "researchAndDevelopmentExpenses": 30200000,
        "generalAndAdministrativeExpenses": 0,
        "sellingAndMarketingExpenses": 0,
        "sellingGeneralAndAdministrativeExpenses": 103100000,
        "otherExpenses": 0,
        "operatingExpenses": 133300000,
        "costAndExpenses": 522500000,
        "interestIncome": 0,
        "interestExpense": 18400000,
        "depreciationAndAmortization": 27800000,
        "ebitda": 105500000,
        "ebitdaratio": 0.1632621479,
        "operatingIncome": 123700000,
        "operatingIncomeRatio": 0.1914268028,
        "totalOtherIncomeExpensesNet": -64400000,
        "incomeBeforeTax": 59300000,
        "incomeBeforeTaxRatio": 0.0917672547,
        "incomeTaxExpense": -11600000,
        "netIncome": 55200000,
        "netIncomeRatio": 0.0854224698,
        "eps": 0.41,
        "epsdiluted": 0.41,
        "weightedAverageShsOut": 134400000,
        "weightedAverageShsOutDil": 135900000,
        "link": "https://www.sec.gov/Archives/edgar/data/37785/000003778517000067/0000037785-17-000067-index.htm",
        "finalLink": "https://www.sec.gov/Archives/edgar/data/37785/000003778517000067/fmc09301710q.htm"
    },
    {
        "date": "2017-06-30",
        "symbol": "FMC",
        "reportedCurrency": "USD",
        "cik": "0000037785",
        "fillingDate": "2017-08-02",
        "acceptedDate": "2017-08-02 16:21:02",
        "calendarYear": "2017",
        "period": "Q2",
        "revenue": 656800000,
        "costOfRevenue": 419400000,
        "grossProfit": 237400000,
        "grossProfitRatio": 0.3614494519,
        "researchAndDevelopmentExpenses": 32000000,
        "generalAndAdministrativeExpenses": 0,
        "sellingAndMarketingExpenses": 0,
        "sellingGeneralAndAdministrativeExpenses": 107400000,
        "otherExpenses": 0,
        "operatingExpenses": 139400000,
        "costAndExpenses": 558800000,
        "interestIncome": 0,
        "interestExpense": 17200000,
        "depreciationAndAmortization": 25800000,
        "ebitda": 95000000,
        "ebitdaratio": 0.1446406821,
        "operatingIncome": 98000000,
        "operatingIncomeRatio": 0.1492082826,
        "totalOtherIncomeExpensesNet": -46000000,
        "incomeBeforeTax": 52000000,
        "incomeBeforeTaxRatio": 0.0791717418,
        "incomeTaxExpense": 3300000,
        "netIncome": 74700000,
        "netIncomeRatio": 0.1137332521,
        "eps": 0.56,
        "epsdiluted": 0.56,
        "weightedAverageShsOut": 134200000,
        "weightedAverageShsOutDil": 135600000,
        "link": "https://www.sec.gov/Archives/edgar/data/37785/000003778517000048/0000037785-17-000048-index.htm",
        "finalLink": "https://www.sec.gov/Archives/edgar/data/37785/000003778517000048/fmc06301710q.htm"
    },
    {
        "date": "2017-03-31",
        "symbol": "FMC",
        "reportedCurrency": "USD",
        "cik": "0000037785",
        "fillingDate": "2017-05-03",
        "acceptedDate": "2017-05-03 15:24:47",
        "calendarYear": "2017",
        "period": "Q1",
        "revenue": 596000000,
        "costOfRevenue": 374500000,
        "grossProfit": 221500000,
        "grossProfitRatio": 0.3716442953,
        "researchAndDevelopmentExpenses": 28200000,
        "generalAndAdministrativeExpenses": 0,
        "sellingAndMarketingExpenses": 0,
        "sellingGeneralAndAdministrativeExpenses": 102800000,
        "otherExpenses": 0,
        "operatingExpenses": 131000000,
        "costAndExpenses": 505500000,
        "interestIncome": 0,
        "interestExpense": 15700000,
        "depreciationAndAmortization": 25900000,
        "ebitda": 96000000,
        "ebitdaratio": 0.1610738255,
        "operatingIncome": 90500000,
        "operatingIncomeRatio": 0.1518456376,
        "totalOtherIncomeExpensesNet": -36100000,
        "incomeBeforeTax": 54400000,
        "incomeBeforeTaxRatio": 0.0912751678,
        "incomeTaxExpense": 9400000,
        "netIncome": -124200000,
        "netIncomeRatio": -0.2083892617,
        "eps": -0.93,
        "epsdiluted": -0.92,
        "weightedAverageShsOut": 134000000,
        "weightedAverageShsOutDil": 135100000,
        "link": "https://www.sec.gov/Archives/edgar/data/37785/000003778517000032/0000037785-17-000032-index.htm",
        "finalLink": "https://www.sec.gov/Archives/edgar/data/37785/000003778517000032/fmc03311710q.htm"
    },
    {
        "date": "2016-12-31",
        "symbol": "FMC",
        "reportedCurrency": "USD",
        "cik": "0000037785",
        "fillingDate": "2017-02-28",
        "acceptedDate": "2017-02-28 15:06:20",
        "calendarYear": "2016",
        "period": "Q4",
        "revenue": 865600000,
        "costOfRevenue": 464500000,
        "grossProfit": 401100000,
        "grossProfitRatio": 0.4633780037,
        "researchAndDevelopmentExpenses": 38200000,
        "generalAndAdministrativeExpenses": 0,
        "sellingAndMarketingExpenses": 0,
        "sellingGeneralAndAdministrativeExpenses": 152700000,
        "otherExpenses": 0,
        "operatingExpenses": 190900000,
        "costAndExpenses": 655400000,
        "interestIncome": 0,
        "interestExpense": 21600000,
        "depreciationAndAmortization": 55300000,
        "ebitda": 130499999,
        "ebitdaratio": 0.1507624757,
        "operatingIncome": 210200000,
        "operatingIncomeRatio": 0.2428373383,
        "totalOtherIncomeExpensesNet": -156600000,
        "incomeBeforeTax": 53600000,
        "incomeBeforeTaxRatio": 0.061922366,
        "incomeTaxExpense": 18400000,
        "netIncome": 15900000,
        "netIncomeRatio": 0.0183687616,
        "eps": 0.12,
        "epsdiluted": 0.12,
        "weightedAverageShsOut": 133900000,
        "weightedAverageShsOutDil": 134800000,
        "link": "https://www.sec.gov/Archives/edgar/data/37785/000003778517000011/0000037785-17-000011-index.htm",
        "finalLink": "https://www.sec.gov/Archives/edgar/data/37785/000003778517000011/fmc201610k.htm"
    },
    {
        "date": "2016-09-30",
        "symbol": "FMC",
        "reportedCurrency": "USD",
        "cik": "0000037785",
        "fillingDate": "2016-11-03",
        "acceptedDate": "2016-11-03 16:18:11",
        "calendarYear": "2016",
        "period": "Q3",
        "revenue": 807700000,
        "costOfRevenue": 540600000,
        "grossProfit": 267100000,
        "grossProfitRatio": 0.3306920886,
        "researchAndDevelopmentExpenses": 32200000,
        "generalAndAdministrativeExpenses": 0,
        "sellingAndMarketingExpenses": 0,
        "sellingGeneralAndAdministrativeExpenses": 115900000,
        "otherExpenses": 0,
        "operatingExpenses": 148100000,
        "costAndExpenses": 688700000,
        "interestIncome": 0,
        "interestExpense": 15400000,
        "depreciationAndAmortization": 42400000,
        "ebitda": 157900000,
        "ebitdaratio": 0.1954933763,
        "operatingIncome": 119000000,
        "operatingIncomeRatio": 0.1473319302,
        "totalOtherIncomeExpensesNet": -23800000,
        "incomeBeforeTax": 95200000,
        "incomeBeforeTaxRatio": 0.1178655441,
        "incomeTaxExpense": 12600000,
        "netIncome": 79700000,
        "netIncomeRatio": 0.0986752507,
        "eps": 0.59,
        "epsdiluted": 0.59,
        "weightedAverageShsOut": 134000000,
        "weightedAverageShsOutDil": 134700000,
        "link": "https://www.sec.gov/Archives/edgar/data/37785/000003778516000111/0000037785-16-000111-index.htm",
        "finalLink": "https://www.sec.gov/Archives/edgar/data/37785/000003778516000111/fmc930201610q.htm"
    },
    {
        "date": "2016-06-30",
        "symbol": "FMC",
        "reportedCurrency": "USD",
        "cik": "0000037785",
        "fillingDate": "2016-08-03",
        "acceptedDate": "2016-08-03 15:46:26",
        "calendarYear": "2016",
        "period": "Q2",
        "revenue": 810300000,
        "costOfRevenue": 509000000,
        "grossProfit": 301300000,
        "grossProfitRatio": 0.371837591,
        "researchAndDevelopmentExpenses": 35100000,
        "generalAndAdministrativeExpenses": 129100000,
        "sellingAndMarketingExpenses": 0,
        "sellingGeneralAndAdministrativeExpenses": 129100000,
        "otherExpenses": -700000,
        "operatingExpenses": 164200000,
        "costAndExpenses": 673200000,
        "interestIncome": 0,
        "interestExpense": 20000000,
        "depreciationAndAmortization": 33600000,
        "ebitda": 107200000,
        "ebitdaratio": 0.1322966802,
        "operatingIncome": 117200000,
        "operatingIncomeRatio": 0.1446377885,
        "totalOtherIncomeExpensesNet": -21800000,
        "incomeBeforeTax": 104800000,
        "incomeBeforeTaxRatio": 0.1293348143,
        "incomeTaxExpense": 32000000,
        "netIncome": 65200000,
        "netIncomeRatio": 0.0804640257,
        "eps": 0.49,
        "epsdiluted": 0.49,
        "weightedAverageShsOut": 133900000,
        "weightedAverageShsOutDil": 134600000,
        "link": "https://www.sec.gov/Archives/edgar/data/37785/000003778516000099/0000037785-16-000099-index.htm",
        "finalLink": "https://www.sec.gov/Archives/edgar/data/37785/000003778516000099/fmc630201610q.htm"
    },
    {
        "date": "2016-03-31",
        "symbol": "FMC",
        "reportedCurrency": "USD",
        "cik": "0000037785",
        "fillingDate": "2016-05-03",
        "acceptedDate": "2016-05-03 16:55:12",
        "calendarYear": "2016",
        "period": "Q1",
        "revenue": 798800000,
        "costOfRevenue": 517400000,
        "grossProfit": 281400000,
        "grossProfitRatio": 0.3522784176,
        "researchAndDevelopmentExpenses": 36000000,
        "generalAndAdministrativeExpenses": 126500000,
        "sellingAndMarketingExpenses": 0,
        "sellingGeneralAndAdministrativeExpenses": 126500000,
        "otherExpenses": 1600000,
        "operatingExpenses": 162500000,
        "costAndExpenses": 679900000,
        "interestIncome": 0,
        "interestExpense": 20800000,
        "depreciationAndAmortization": 33600000,
        "ebitda": 87100000,
        "ebitdaratio": 0.1090385578,
        "operatingIncome": 100000000,
        "operatingIncomeRatio": 0.1251877817,
        "totalOtherIncomeExpensesNet": -18700000,
        "incomeBeforeTax": 85700000,
        "incomeBeforeTaxRatio": 0.1072859289,
        "incomeTaxExpense": 30900000,
        "netIncome": 48300000,
        "netIncomeRatio": 0.0604656985,
        "eps": 0.36,
        "epsdiluted": 0.36,
        "weightedAverageShsOut": 133800000,
        "weightedAverageShsOutDil": 134300000,
        "link": "https://www.sec.gov/Archives/edgar/data/37785/000003778516000087/0000037785-16-000087-index.htm",
        "finalLink": "https://www.sec.gov/Archives/edgar/data/37785/000003778516000087/fmc331201610q.htm"
    },
    {
        "date": "2015-12-31",
        "symbol": "FMC",
        "reportedCurrency": "USD",
        "cik": "0000037785",
        "fillingDate": "2016-02-26",
        "acceptedDate": "2016-02-26 14:18:26",
        "calendarYear": "2015",
        "period": "Q4",
        "revenue": 899300000,
        "costOfRevenue": 600700000,
        "grossProfit": 298600000,
        "grossProfitRatio": 0.332036028,
        "researchAndDevelopmentExpenses": 40900000,
        "generalAndAdministrativeExpenses": 147000000,
        "sellingAndMarketingExpenses": 0,
        "sellingGeneralAndAdministrativeExpenses": 147000000,
        "otherExpenses": 0,
        "operatingExpenses": 187900000,
        "costAndExpenses": 788600000,
        "interestIncome": 0,
        "interestExpense": 21200000,
        "depreciationAndAmortization": 23500000,
        "ebitda": -30500000,
        "ebitdaratio": -0.0339152674,
        "operatingIncome": -77800000,
        "operatingIncomeRatio": -0.0865117313,
        "totalOtherIncomeExpensesNet": 1300000,
        "incomeBeforeTax": -76500000,
        "incomeBeforeTaxRatio": -0.0850661626,
        "incomeTaxExpense": 103800000,
        "netIncome": -204100000,
        "netIncomeRatio": -0.2269542978,
        "eps": -1.53,
        "epsdiluted": -1.53,
        "weightedAverageShsOut": 133606477,
        "weightedAverageShsOutDil": 133700000,
        "link": "https://www.sec.gov/Archives/edgar/data/37785/000003778516000081/0000037785-16-000081-index.htm",
        "finalLink": "https://www.sec.gov/Archives/edgar/data/37785/000003778516000081/fmc201510k.htm"
    },
    {
        "date": "2015-09-30",
        "symbol": "FMC",
        "reportedCurrency": "USD",
        "cik": "0000037785",
        "fillingDate": "2015-11-02",
        "acceptedDate": "2015-11-02 15:40:40",
        "calendarYear": "2015",
        "period": "Q3",
        "revenue": 830700000,
        "costOfRevenue": 610400000,
        "grossProfit": 220300000,
        "grossProfitRatio": 0.2651980258,
        "researchAndDevelopmentExpenses": 37200000,
        "generalAndAdministrativeExpenses": 137000000,
        "sellingAndMarketingExpenses": 0,
        "sellingGeneralAndAdministrativeExpenses": 137000000,
        "otherExpenses": 0,
        "operatingExpenses": 174200000,
        "costAndExpenses": 784600000,
        "interestIncome": 0,
        "interestExpense": 20200000,
        "depreciationAndAmortization": 38000000,
        "ebitda": 38500000,
        "ebitdaratio": 0.0463464548,
        "operatingIncome": -7300000,
        "operatingIncomeRatio": -0.0087877694,
        "totalOtherIncomeExpensesNet": -62900000,
        "incomeBeforeTax": -19700000,
        "incomeBeforeTaxRatio": -0.0237149392,
        "incomeTaxExpense": -25100000,
        "netIncome": -2400000,
        "netIncomeRatio": -0.0028891296,
        "eps": -0.0179,
        "epsdiluted": -0.0179,
        "weightedAverageShsOut": 133800000,
        "weightedAverageShsOutDil": 134400000,
        "link": "https://www.sec.gov/Archives/edgar/data/37785/000003778515000077/0000037785-15-000077-index.htm",
        "finalLink": "https://www.sec.gov/Archives/edgar/data/37785/000003778515000077/fmc930201510q.htm"
    },
    {
        "date": "2015-06-30",
        "symbol": "FMC",
        "reportedCurrency": "USD",
        "cik": "0000037785",
        "fillingDate": "2015-08-06",
        "acceptedDate": "2015-08-06 16:06:24",
        "calendarYear": "2015",
        "period": "Q2",
        "revenue": 887100000,
        "costOfRevenue": 581300000,
        "grossProfit": 305800000,
        "grossProfitRatio": 0.3447187465,
        "researchAndDevelopmentExpenses": 39000000,
        "generalAndAdministrativeExpenses": 156000000,
        "sellingAndMarketingExpenses": 0,
        "sellingGeneralAndAdministrativeExpenses": 156000000,
        "otherExpenses": 0,
        "operatingExpenses": 195000000,
        "costAndExpenses": 776300000,
        "interestIncome": 0,
        "interestExpense": 24700000,
        "depreciationAndAmortization": 31400000,
        "ebitda": 132000000,
        "ebitdaratio": 0.1487994589,
        "operatingIncome": 784800000,
        "operatingIncomeRatio": 0.8846804193,
        "totalOtherIncomeExpensesNet": -31400000,
        "incomeBeforeTax": 75900000,
        "incomeBeforeTaxRatio": 0.0855596889,
        "incomeTaxExpense": 17800000,
        "netIncome": 742300000,
        "netIncomeRatio": 0.8367715026,
        "eps": 5.54,
        "epsdiluted": 5.52,
        "weightedAverageShsOut": 133700000,
        "weightedAverageShsOutDil": 134400000,
        "link": "https://www.sec.gov/Archives/edgar/data/37785/000003778515000052/0000037785-15-000052-index.htm",
        "finalLink": "https://www.sec.gov/Archives/edgar/data/37785/000003778515000052/fmc630201510q.htm"
    },
    {
        "date": "2015-03-31",
        "symbol": "FMC",
        "reportedCurrency": "USD",
        "cik": "0000037785",
        "fillingDate": "2015-05-11",
        "acceptedDate": "2015-05-11 07:25:23",
        "calendarYear": "2015",
        "period": "Q1",
        "revenue": 659400000,
        "costOfRevenue": 408700000,
        "grossProfit": 250700000,
        "grossProfitRatio": 0.3801941159,
        "researchAndDevelopmentExpenses": 26600000,
        "generalAndAdministrativeExpenses": 297900000,
        "sellingAndMarketingExpenses": 0,
        "sellingGeneralAndAdministrativeExpenses": 297900000,
        "otherExpenses": 0,
        "operatingExpenses": 326400000,
        "costAndExpenses": 735100000,
        "interestIncome": 0,
        "interestExpense": 14000000,
        "depreciationAndAmortization": 22800000,
        "ebitda": -61100000,
        "ebitdaratio": -0.0926599939,
        "operatingIncome": -81900000,
        "operatingIncomeRatio": -0.1242038217,
        "totalOtherIncomeExpensesNet": -49100000,
        "incomeBeforeTax": -110200000,
        "incomeBeforeTaxRatio": -0.1671216257,
        "incomeTaxExpense": -49100000,
        "netIncome": -46800000,
        "netIncomeRatio": -0.0709736124,
        "eps": -0.35,
        "epsdiluted": -0.35,
        "weightedAverageShsOut": 133572170,
        "weightedAverageShsOutDil": 133577000,
        "link": "https://www.sec.gov/Archives/edgar/data/37785/000003778515000032/0000037785-15-000032-index.htm",
        "finalLink": "https://www.sec.gov/Archives/edgar/data/37785/000003778515000032/fmc331201510q.htm"
    },
    {
        "date": "2014-12-31",
        "symbol": "FMC",
        "reportedCurrency": "USD",
        "cik": "0000037785",
        "fillingDate": "2015-02-27",
        "acceptedDate": "2015-02-27 12:33:13",
        "calendarYear": "2014",
        "period": "Q4",
        "revenue": 887800000,
        "costOfRevenue": 569500000,
        "grossProfit": 318300000,
        "grossProfitRatio": 0.3585266952,
        "researchAndDevelopmentExpenses": 37800000,
        "generalAndAdministrativeExpenses": 229400000,
        "sellingAndMarketingExpenses": -14500000,
        "sellingGeneralAndAdministrativeExpenses": 214900000,
        "otherExpenses": 0,
        "operatingExpenses": 252700000,
        "costAndExpenses": 822200000,
        "interestIncome": 200000,
        "interestExpense": 13600000,
        "depreciationAndAmortization": 33200000,
        "ebitda": 119000000,
        "ebitdaratio": 0.134039198,
        "operatingIncome": 57700000,
        "operatingIncomeRatio": 0.0649921153,
        "totalOtherIncomeExpensesNet": -3900000,
        "incomeBeforeTax": 40500000,
        "incomeBeforeTaxRatio": 0.0456183825,
        "incomeTaxExpense": -18400000,
        "netIncome": 76500000,
        "netIncomeRatio": 0.0861680559,
        "eps": 0.57,
        "epsdiluted": 0.57,
        "weightedAverageShsOut": 133500000,
        "weightedAverageShsOutDil": 134300000,
        "link": "https://www.sec.gov/Archives/edgar/data/37785/000003778515000008/0000037785-15-000008-index.htm",
        "finalLink": "https://www.sec.gov/Archives/edgar/data/37785/000003778515000008/fmc201410k.htm"
    },
    {
        "date": "2014-09-30",
        "symbol": "FMC",
        "reportedCurrency": "USD",
        "cik": "0000037785",
        "fillingDate": "2014-10-30",
        "acceptedDate": "2014-10-30 13:27:43",
        "calendarYear": "2014",
        "period": "Q3",
        "revenue": 1015900000,
        "costOfRevenue": 692200000,
        "grossProfit": 323700000,
        "grossProfitRatio": 0.3186337238,
        "researchAndDevelopmentExpenses": 30600000,
        "generalAndAdministrativeExpenses": 147400000,
        "sellingAndMarketingExpenses": 0,
        "sellingGeneralAndAdministrativeExpenses": 147400000,
        "otherExpenses": 0,
        "operatingExpenses": 178000000,
        "costAndExpenses": 870200000,
        "interestIncome": 0,
        "interestExpense": 14900000,
        "depreciationAndAmortization": 32300000,
        "ebitda": 145300000,
        "ebitdaratio": 0.1430258884,
        "operatingIncome": 78600000,
        "operatingIncomeRatio": 0.0773698199,
        "totalOtherIncomeExpensesNet": -38000000,
        "incomeBeforeTax": 88000000,
        "incomeBeforeTaxRatio": 0.0866226991,
        "incomeTaxExpense": 7400000,
        "netIncome": 56300000,
        "netIncomeRatio": 0.0554188404,
        "eps": 0.42,
        "epsdiluted": 0.42,
        "weightedAverageShsOut": 133400000,
        "weightedAverageShsOutDil": 134300000,
        "link": "https://www.sec.gov/Archives/edgar/data/37785/000003778514000045/0000037785-14-000045-index.htm",
        "finalLink": "https://www.sec.gov/Archives/edgar/data/37785/000003778514000045/fmc930201410q.htm"
    },
    {
        "date": "2014-06-30",
        "symbol": "FMC",
        "reportedCurrency": "USD",
        "cik": "0000037785",
        "fillingDate": "2014-08-01",
        "acceptedDate": "2014-08-01 14:44:07",
        "calendarYear": "2014",
        "period": "Q2",
        "revenue": 987800000,
        "costOfRevenue": 630200000,
        "grossProfit": 357600000,
        "grossProfitRatio": 0.3620166026,
        "researchAndDevelopmentExpenses": 33200000,
        "generalAndAdministrativeExpenses": 125000000,
        "sellingAndMarketingExpenses": 0,
        "sellingGeneralAndAdministrativeExpenses": 125000000,
        "otherExpenses": -1300000,
        "operatingExpenses": 158200000,
        "costAndExpenses": 788400000,
        "interestIncome": 0,
        "interestExpense": 15300000,
        "depreciationAndAmortization": 32600000,
        "ebitda": 199200000,
        "ebitdaratio": 0.2016602551,
        "operatingIncome": 165900000,
        "operatingIncomeRatio": 0.1679489775,
        "totalOtherIncomeExpensesNet": -28300000,
        "incomeBeforeTax": 167400000,
        "incomeBeforeTaxRatio": 0.1694675035,
        "incomeTaxExpense": 41500000,
        "netIncome": 109100000,
        "netIncomeRatio": 0.110447459,
        "eps": 0.82,
        "epsdiluted": 0.81,
        "weightedAverageShsOut": 133300000,
        "weightedAverageShsOutDil": 134400000,
        "link": "https://www.sec.gov/Archives/edgar/data/37785/000003778514000035/0000037785-14-000035-index.htm",
        "finalLink": "https://www.sec.gov/Archives/edgar/data/37785/000003778514000035/fmc630201410q.htm"
    },
    {
        "date": "2014-03-31",
        "symbol": "FMC",
        "reportedCurrency": "USD",
        "cik": "0000037785",
        "fillingDate": "2014-05-07",
        "acceptedDate": "2014-05-07 12:35:20",
        "calendarYear": "2014",
        "period": "Q1",
        "revenue": 941800000,
        "costOfRevenue": 613300000,
        "grossProfit": 328500000,
        "grossProfitRatio": 0.3488001699,
        "researchAndDevelopmentExpenses": 26100000,
        "generalAndAdministrativeExpenses": 119400000,
        "sellingAndMarketingExpenses": 0,
        "sellingGeneralAndAdministrativeExpenses": 119400000,
        "otherExpenses": -1400000,
        "operatingExpenses": 145500000,
        "costAndExpenses": 758800000,
        "interestIncome": 0,
        "interestExpense": 13500000,
        "depreciationAndAmortization": 33100000,
        "ebitda": 167100000,
        "ebitdaratio": 0.1774262051,
        "operatingIncome": 118400000,
        "operatingIncomeRatio": 0.1257167127,
        "totalOtherIncomeExpensesNet": -19600000,
        "incomeBeforeTax": 159800000,
        "incomeBeforeTaxRatio": 0.1696750903,
        "incomeTaxExpense": 39300000,
        "netIncome": 65600000,
        "netIncomeRatio": 0.0696538543,
        "eps": 0.49,
        "epsdiluted": 0.49,
        "weightedAverageShsOut": 133100000,
        "weightedAverageShsOutDil": 134300000,
        "link": "https://www.sec.gov/Archives/edgar/data/37785/000003778514000023/0000037785-14-000023-index.htm",
        "finalLink": "https://www.sec.gov/Archives/edgar/data/37785/000003778514000023/fmc331201410q.htm"
    },
    {
        "date": "2013-12-31",
        "symbol": "FMC",
        "reportedCurrency": "USD",
        "cik": "0000037785",
        "fillingDate": "2014-02-18",
        "acceptedDate": "2014-02-18 14:53:36",
        "calendarYear": "2013",
        "period": "Q4",
        "revenue": 1130700000,
        "costOfRevenue": 775800000,
        "grossProfit": 354900000,
        "grossProfitRatio": 0.3138763598,
        "researchAndDevelopmentExpenses": 33000000,
        "generalAndAdministrativeExpenses": 141700000,
        "sellingAndMarketingExpenses": 0,
        "sellingGeneralAndAdministrativeExpenses": 141700000,
        "otherExpenses": 0,
        "operatingExpenses": 174700000,
        "costAndExpenses": 950500000,
        "interestIncome": 0,
        "interestExpense": 10800000,
        "depreciationAndAmortization": 35500000,
        "ebitda": 214900000,
        "ebitdaratio": 0.1900592553,
        "operatingIncome": 73600000,
        "operatingIncomeRatio": 0.0650924206,
        "totalOtherIncomeExpensesNet": -8600000,
        "incomeBeforeTax": 168400000,
        "incomeBeforeTaxRatio": 0.1489342885,
        "incomeTaxExpense": 35500000,
        "netIncome": 27100000,
        "netIncomeRatio": 0.0239674538,
        "eps": 0.2,
        "epsdiluted": 0.2,
        "weightedAverageShsOut": 133300000,
        "weightedAverageShsOutDil": 134300000,
        "link": "https://www.sec.gov/Archives/edgar/data/37785/000003778514000006/0000037785-14-000006-index.htm",
        "finalLink": "https://www.sec.gov/Archives/edgar/data/37785/000003778514000006/fmc201310k.htm"
    },
    {
        "date": "2013-09-30",
        "symbol": "FMC",
        "reportedCurrency": "USD",
        "cik": "0000037785",
        "fillingDate": "2013-10-29",
        "acceptedDate": "2013-10-29 15:15:31",
        "calendarYear": "2013",
        "period": "Q3",
        "revenue": 957400000,
        "costOfRevenue": 653000000,
        "grossProfit": 304400000,
        "grossProfitRatio": 0.3179444328,
        "researchAndDevelopmentExpenses": 29000000,
        "generalAndAdministrativeExpenses": 124900000,
        "sellingAndMarketingExpenses": 0,
        "sellingGeneralAndAdministrativeExpenses": 124900000,
        "otherExpenses": 0,
        "operatingExpenses": 153900000,
        "costAndExpenses": 806900000,
        "interestIncome": 0,
        "interestExpense": 9800000,
        "depreciationAndAmortization": 23700000,
        "ebitda": 152500000,
        "ebitdaratio": 0.1592855651,
        "operatingIncome": 59700000,
        "operatingIncomeRatio": 0.0623563819,
        "totalOtherIncomeExpensesNet": -41000000,
        "incomeBeforeTax": 108500000,
        "incomeBeforeTaxRatio": 0.1133277627,
        "incomeTaxExpense": 32000000,
        "netIncome": 17900000,
        "netIncomeRatio": 0.0186964696,
        "eps": 0.13,
        "epsdiluted": 0.13,
        "weightedAverageShsOut": 134100000,
        "weightedAverageShsOutDil": 135000000,
        "link": "https://www.sec.gov/Archives/edgar/data/37785/000003778513000050/0000037785-13-000050-index.htm",
        "finalLink": "https://www.sec.gov/Archives/edgar/data/37785/000003778513000050/fmc930201310q.htm"
    },
    {
        "date": "2013-06-30",
        "symbol": "FMC",
        "reportedCurrency": "USD",
        "cik": "0000037785",
        "fillingDate": "2013-07-30",
        "acceptedDate": "2013-07-30 14:04:51",
        "calendarYear": "2013",
        "period": "Q2",
        "revenue": 959400000,
        "costOfRevenue": 616500000,
        "grossProfit": 342900000,
        "grossProfitRatio": 0.3574108818,
        "researchAndDevelopmentExpenses": 29100000,
        "generalAndAdministrativeExpenses": 138800000,
        "sellingAndMarketingExpenses": 0,
        "sellingGeneralAndAdministrativeExpenses": 138800000,
        "otherExpenses": -1100000,
        "operatingExpenses": 167900000,
        "costAndExpenses": 784400000,
        "interestIncome": 0,
        "interestExpense": 12300000,
        "depreciationAndAmortization": 34300000,
        "ebitda": 195400000,
        "ebitdaratio": 0.2036689598,
        "operatingIncome": 167000000,
        "operatingIncomeRatio": 0.1740671253,
        "totalOtherIncomeExpensesNet": -16100000,
        "incomeBeforeTax": 156000000,
        "incomeBeforeTaxRatio": 0.162601626,
        "incomeTaxExpense": 36700000,
        "netIncome": 118000000,
        "netIncomeRatio": 0.1229935376,
        "eps": 0.86,
        "epsdiluted": 0.86,
        "weightedAverageShsOut": 136300000,
        "weightedAverageShsOutDil": 137100000,
        "link": "https://www.sec.gov/Archives/edgar/data/37785/000003778513000032/0000037785-13-000032-index.htm",
        "finalLink": "https://www.sec.gov/Archives/edgar/data/37785/000003778513000032/fmc630201310q.htm"
    },
    {
        "date": "2013-03-31",
        "symbol": "FMC",
        "reportedCurrency": "USD",
        "cik": "0000037785",
        "fillingDate": "2013-05-01",
        "acceptedDate": "2013-05-01 13:58:53",
        "calendarYear": "2013",
        "period": "Q1",
        "revenue": 990200000,
        "costOfRevenue": 620500000,
        "grossProfit": 369700000,
        "grossProfitRatio": 0.3733589174,
        "researchAndDevelopmentExpenses": 29800000,
        "generalAndAdministrativeExpenses": 131300000,
        "sellingAndMarketingExpenses": 0,
        "sellingGeneralAndAdministrativeExpenses": 131300000,
        "otherExpenses": -500000,
        "operatingExpenses": 161100000,
        "costAndExpenses": 781600000,
        "interestIncome": 0,
        "interestExpense": 11700000,
        "depreciationAndAmortization": 33700000,
        "ebitda": 222700000,
        "ebitdaratio": 0.2249040598,
        "operatingIncome": 189900000,
        "operatingIncomeRatio": 0.1917794385,
        "totalOtherIncomeExpensesNet": -19100000,
        "incomeBeforeTax": 187500000,
        "incomeBeforeTaxRatio": 0.1893556857,
        "incomeTaxExpense": 47300000,
        "netIncome": 130900000,
        "netIncomeRatio": 0.1321955161,
        "eps": 0.95,
        "epsdiluted": 0.94,
        "weightedAverageShsOut": 137100000,
        "weightedAverageShsOutDil": 138100000,
        "link": "https://www.sec.gov/Archives/edgar/data/37785/000003778513000016/0000037785-13-000016-index.htm",
        "finalLink": "https://www.sec.gov/Archives/edgar/data/37785/000003778513000016/fmc331201310q.htm"
    },
    {
        "date": "2012-12-31",
        "symbol": "FMC",
        "reportedCurrency": "USD",
        "cik": "0000037785",
        "fillingDate": "2013-02-19",
        "acceptedDate": "2013-02-19 12:33:44",
        "calendarYear": "2012",
        "period": "Q4",
        "revenue": 1000000000,
        "costOfRevenue": 659400000,
        "grossProfit": 340600000,
        "grossProfitRatio": 0.3406,
        "researchAndDevelopmentExpenses": 31400000,
        "generalAndAdministrativeExpenses": 142100000,
        "sellingAndMarketingExpenses": 0,
        "sellingGeneralAndAdministrativeExpenses": 142100000,
        "otherExpenses": 0,
        "operatingExpenses": 173500000,
        "costAndExpenses": 832900000,
        "interestIncome": 0,
        "interestExpense": 11500000,
        "depreciationAndAmortization": 37400000,
        "ebitda": 185800000,
        "ebitdaratio": 0.1858,
        "operatingIncome": 136000000,
        "operatingIncomeRatio": 0.136,
        "totalOtherIncomeExpensesNet": -24500000,
        "incomeBeforeTax": 136800000,
        "incomeBeforeTaxRatio": 0.1368,
        "incomeTaxExpense": 22200000,
        "netIncome": 102200000,
        "netIncomeRatio": 0.1022,
        "eps": 0.74,
        "epsdiluted": 0.74,
        "weightedAverageShsOut": 137600000,
        "weightedAverageShsOutDil": 138600000,
        "link": "https://www.sec.gov/Archives/edgar/data/37785/000003778513000008/0000037785-13-000008-index.htm",
        "finalLink": "https://www.sec.gov/Archives/edgar/data/37785/000003778513000008/fmc201210k.htm"
    },
    {
        "date": "2012-09-30",
        "symbol": "FMC",
        "reportedCurrency": "USD",
        "cik": "0000037785",
        "fillingDate": "2012-10-31",
        "acceptedDate": "2012-10-31 16:37:08",
        "calendarYear": "2012",
        "period": "Q3",
        "revenue": 902400000,
        "costOfRevenue": 586900000,
        "grossProfit": 315500000,
        "grossProfitRatio": 0.349623227,
        "researchAndDevelopmentExpenses": 29500000,
        "generalAndAdministrativeExpenses": 127600000,
        "sellingAndMarketingExpenses": 0,
        "sellingGeneralAndAdministrativeExpenses": 127600000,
        "otherExpenses": 0,
        "operatingExpenses": 157100000,
        "costAndExpenses": 744000000,
        "interestIncome": 0,
        "interestExpense": 11000000,
        "depreciationAndAmortization": 33700000,
        "ebitda": 163400000,
        "ebitdaratio": 0.181072695,
        "operatingIncome": 135400000,
        "operatingIncomeRatio": 0.1500443262,
        "totalOtherIncomeExpensesNet": -14500000,
        "incomeBeforeTax": 135300000,
        "incomeBeforeTaxRatio": 0.1499335106,
        "incomeTaxExpense": 34400000,
        "netIncome": 90000000,
        "netIncomeRatio": 0.0997340426,
        "eps": 0.65,
        "epsdiluted": 0.65,
        "weightedAverageShsOut": 137400000,
        "weightedAverageShsOutDil": 138400000,
        "link": "https://www.sec.gov/Archives/edgar/data/37785/000003778512000026/0000037785-12-000026-index.htm",
        "finalLink": "https://www.sec.gov/Archives/edgar/data/37785/000003778512000026/fmc930201210q.htm"
    },
    {
        "date": "2012-06-30",
        "symbol": "FMC",
        "reportedCurrency": "USD",
        "cik": "0000037785",
        "fillingDate": "2012-08-01",
        "acceptedDate": "2012-08-01 11:43:49",
        "calendarYear": "2012",
        "period": "Q2",
        "revenue": 905200000,
        "costOfRevenue": 567400000,
        "grossProfit": 337800000,
        "grossProfitRatio": 0.3731771984,
        "researchAndDevelopmentExpenses": 28400000,
        "generalAndAdministrativeExpenses": 128300000,
        "sellingAndMarketingExpenses": 0,
        "sellingGeneralAndAdministrativeExpenses": 128300000,
        "otherExpenses": 0,
        "operatingExpenses": 156700000,
        "costAndExpenses": 724100000,
        "interestIncome": 0,
        "interestExpense": 11500000,
        "depreciationAndAmortization": 34500000,
        "ebitda": 180800000,
        "ebitdaratio": 0.1997348652,
        "operatingIncome": 161700000,
        "operatingIncomeRatio": 0.1786345559,
        "totalOtherIncomeExpensesNet": -15900000,
        "incomeBeforeTax": 163700000,
        "incomeBeforeTaxRatio": 0.1808440124,
        "incomeTaxExpense": 45300000,
        "netIncome": 104900000,
        "netIncomeRatio": 0.115885992,
        "eps": 0.76,
        "epsdiluted": 0.76,
        "weightedAverageShsOut": 137200000,
        "weightedAverageShsOutDil": 138300000,
        "link": "https://www.sec.gov/Archives/edgar/data/37785/000003778512000019/0000037785-12-000019-index.htm",
        "finalLink": "https://www.sec.gov/Archives/edgar/data/37785/000003778512000019/fmc630201210q.htm"
    },
    {
        "date": "2012-03-31",
        "symbol": "FMC",
        "reportedCurrency": "USD",
        "cik": "0000037785",
        "fillingDate": "2012-05-01",
        "acceptedDate": "2012-05-01 15:50:41",
        "calendarYear": "2012",
        "period": "Q1",
        "revenue": 940700000,
        "costOfRevenue": 593400000,
        "grossProfit": 347300000,
        "grossProfitRatio": 0.369193154,
        "researchAndDevelopmentExpenses": 28500000,
        "generalAndAdministrativeExpenses": 129100000,
        "sellingAndMarketingExpenses": 0,
        "sellingGeneralAndAdministrativeExpenses": 129100000,
        "otherExpenses": 0,
        "operatingExpenses": 157600000,
        "costAndExpenses": 751000000,
        "interestIncome": 0,
        "interestExpense": 188000000,
        "depreciationAndAmortization": 32200000,
        "ebitda": 220300000,
        "ebitdaratio": 0.2341873073,
        "operatingIncome": 163900000,
        "operatingIncomeRatio": 0.1742319549,
        "totalOtherIncomeExpensesNet": -11900000,
        "incomeBeforeTax": 176800000,
        "incomeBeforeTaxRatio": 0.1879451472,
        "incomeTaxExpense": 44800000,
        "netIncome": 119100000,
        "netIncomeRatio": 0.1266078452,
        "eps": 0.86,
        "epsdiluted": 0.85,
        "weightedAverageShsOut": 138336000,
        "weightedAverageShsOutDil": 139474000,
        "link": "https://www.sec.gov/Archives/edgar/data/37785/000003778512000012/0000037785-12-000012-index.htm",
        "finalLink": "https://www.sec.gov/Archives/edgar/data/37785/000003778512000012/fmc331201210q.htm"
    },
    {
        "date": "2011-12-31",
        "symbol": "FMC",
        "reportedCurrency": "USD",
        "cik": "0000037785",
        "fillingDate": "2012-02-21",
        "acceptedDate": "2012-02-21 08:23:32",
        "calendarYear": "2011",
        "period": "Q4",
        "revenue": 908600000,
        "costOfRevenue": 615500000,
        "grossProfit": 293100000,
        "grossProfitRatio": 0.3225841955,
        "researchAndDevelopmentExpenses": 29700000,
        "generalAndAdministrativeExpenses": 117100000,
        "sellingAndMarketingExpenses": 0,
        "sellingGeneralAndAdministrativeExpenses": 117100000,
        "otherExpenses": 0,
        "operatingExpenses": 146800000,
        "costAndExpenses": 762300000,
        "interestIncome": 0,
        "interestExpense": 9900000,
        "depreciationAndAmortization": 32300000,
        "ebitda": 148900000,
        "ebitdaratio": 0.1638784944,
        "operatingIncome": 128200000,
        "operatingIncomeRatio": 0.1410961919,
        "totalOtherIncomeExpensesNet": -15600000,
        "incomeBeforeTax": 130700000,
        "incomeBeforeTaxRatio": 0.1438476777,
        "incomeTaxExpense": 40400000,
        "netIncome": 77900000,
        "netIncomeRatio": 0.0857362976,
        "eps": 0.56,
        "epsdiluted": 0.55,
        "weightedAverageShsOut": 140400000,
        "weightedAverageShsOutDil": 141400000,
        "link": "https://www.sec.gov/Archives/edgar/data/37785/000003778512000004/0000037785-12-000004-index.htm",
        "finalLink": "https://www.sec.gov/Archives/edgar/data/37785/000003778512000004/fmc201110k.htm"
    },
    {
        "date": "2011-09-30",
        "symbol": "FMC",
        "reportedCurrency": "USD",
        "cik": "0000037785",
        "fillingDate": "2011-11-02",
        "acceptedDate": "2011-11-02 13:47:24",
        "calendarYear": "2011",
        "period": "Q3",
        "revenue": 862100000,
        "costOfRevenue": 574700000,
        "grossProfit": 287400000,
        "grossProfitRatio": 0.3333719986,
        "researchAndDevelopmentExpenses": 27800000,
        "generalAndAdministrativeExpenses": 110600000,
        "sellingAndMarketingExpenses": 0,
        "sellingGeneralAndAdministrativeExpenses": 110600000,
        "otherExpenses": 0,
        "operatingExpenses": 138400000,
        "costAndExpenses": 713100000,
        "interestIncome": 0,
        "interestExpense": 9100000,
        "depreciationAndAmortization": 31600000,
        "ebitda": 167700000,
        "ebitdaratio": 0.1945249971,
        "operatingIncome": 125700000,
        "operatingIncomeRatio": 0.145806751,
        "totalOtherIncomeExpensesNet": -22000000,
        "incomeBeforeTax": 127000000,
        "incomeBeforeTaxRatio": 0.1473146967,
        "incomeTaxExpense": 29800000,
        "netIncome": 86800000,
        "netIncomeRatio": 0.1006843754,
        "eps": 0.61,
        "epsdiluted": 0.61,
        "weightedAverageShsOut": 142000000,
        "weightedAverageShsOutDil": 143000000,
        "link": "https://www.sec.gov/Archives/edgar/data/37785/000003778511000033/0000037785-11-000033-index.htm",
        "finalLink": "https://www.sec.gov/Archives/edgar/data/37785/000003778511000033/fmc930201110q.htm"
    },
    {
        "date": "2011-06-30",
        "symbol": "FMC",
        "reportedCurrency": "USD",
        "cik": "0000037785",
        "fillingDate": "2011-08-03",
        "acceptedDate": "2011-08-03 14:54:32",
        "calendarYear": "2011",
        "period": "Q2",
        "revenue": 812200000,
        "costOfRevenue": 513400000,
        "grossProfit": 298800000,
        "grossProfitRatio": 0.3678896823,
        "researchAndDevelopmentExpenses": 25000000,
        "generalAndAdministrativeExpenses": 108900000,
        "sellingAndMarketingExpenses": 0,
        "sellingGeneralAndAdministrativeExpenses": 108900000,
        "otherExpenses": 0,
        "operatingExpenses": 133900000,
        "costAndExpenses": 647300000,
        "interestIncome": 0,
        "interestExpense": 10500000,
        "depreciationAndAmortization": 32300000,
        "ebitda": 189600000,
        "ebitdaratio": 0.2334400394,
        "operatingIncome": 143400000,
        "operatingIncomeRatio": 0.1765574982,
        "totalOtherIncomeExpensesNet": -18100000,
        "incomeBeforeTax": 146800000,
        "incomeBeforeTaxRatio": 0.1807436592,
        "incomeTaxExpense": 25700000,
        "netIncome": 107200000,
        "netIncomeRatio": 0.1319871953,
        "eps": 0.75,
        "epsdiluted": 0.75,
        "weightedAverageShsOut": 143200000,
        "weightedAverageShsOutDil": 144400000,
        "link": "https://www.sec.gov/Archives/edgar/data/37785/000003778511000024/0000037785-11-000024-index.htm",
        "finalLink": "https://www.sec.gov/Archives/edgar/data/37785/000003778511000024/fmc630201110q.htm"
    },
    {
        "date": "2011-03-31",
        "symbol": "FMC",
        "reportedCurrency": "USD",
        "cik": "0000037785",
        "fillingDate": "2011-05-05",
        "acceptedDate": "2011-05-05 09:44:21",
        "calendarYear": "2011",
        "period": "Q1",
        "revenue": 795000000,
        "costOfRevenue": 506900000,
        "grossProfit": 288100000,
        "grossProfitRatio": 0.3623899371,
        "researchAndDevelopmentExpenses": 22700000,
        "generalAndAdministrativeExpenses": 105900000,
        "sellingAndMarketingExpenses": 0,
        "sellingGeneralAndAdministrativeExpenses": 105900000,
        "otherExpenses": 0,
        "operatingExpenses": 128600000,
        "costAndExpenses": 635500000,
        "interestIncome": 0,
        "interestExpense": 9900000,
        "depreciationAndAmortization": 30400000,
        "ebitda": 189900000,
        "ebitdaratio": 0.2388679245,
        "operatingIncome": 144500000,
        "operatingIncomeRatio": 0.1817610063,
        "totalOtherIncomeExpensesNet": -13500000,
        "incomeBeforeTax": 146000000,
        "incomeBeforeTaxRatio": 0.1836477987,
        "incomeTaxExpense": 40600000,
        "netIncome": 94000000,
        "netIncomeRatio": 0.1182389937,
        "eps": 0.66,
        "epsdiluted": 0.65,
        "weightedAverageShsOut": 143000000,
        "weightedAverageShsOutDil": 144200000,
        "link": "https://www.sec.gov/Archives/edgar/data/37785/000003778511000006/0000037785-11-000006-index.htm",
        "finalLink": "https://www.sec.gov/Archives/edgar/data/37785/000003778511000006/fmc331201110q.htm"
    },
    {
        "date": "2010-12-31",
        "symbol": "FMC",
        "reportedCurrency": "USD",
        "cik": "0000037785",
        "fillingDate": "2011-02-22",
        "acceptedDate": "2011-02-22 08:57:34",
        "calendarYear": "2010",
        "period": "Q4",
        "revenue": 810500000,
        "costOfRevenue": 546100000,
        "grossProfit": 264400000,
        "grossProfitRatio": 0.3262183837,
        "researchAndDevelopmentExpenses": 30700000,
        "generalAndAdministrativeExpenses": 124800000,
        "sellingAndMarketingExpenses": 0,
        "sellingGeneralAndAdministrativeExpenses": 124800000,
        "otherExpenses": 0,
        "operatingExpenses": 155500000,
        "costAndExpenses": 701600000,
        "interestIncome": 0,
        "interestExpense": 399600000,
        "depreciationAndAmortization": 34600000,
        "ebitda": -5500000,
        "ebitdaratio": -0.0067859346,
        "operatingIncome": -28300000,
        "operatingIncomeRatio": -0.0349167181,
        "totalOtherIncomeExpensesNet": 11500000,
        "incomeBeforeTax": -16800000,
        "incomeBeforeTaxRatio": -0.0207279457,
        "incomeTaxExpense": 25200000,
        "netIncome": -53500000,
        "netIncomeRatio": -0.0660086366,
        "eps": -0.37,
        "epsdiluted": -0.37,
        "weightedAverageShsOut": 143000000,
        "weightedAverageShsOutDil": 143000000,
        "link": "https://www.sec.gov/Archives/edgar/data/37785/000119312511041464/0001193125-11-041464-index.htm",
        "finalLink": "https://www.sec.gov/Archives/edgar/data/37785/000119312511041464/d10k.htm"
    },
    {
        "date": "2010-09-30",
        "symbol": "FMC",
        "reportedCurrency": "USD",
        "cik": "0000037785",
        "fillingDate": "2010-11-02",
        "acceptedDate": "2010-11-02 15:27:34",
        "calendarYear": "2010",
        "period": "Q3",
        "revenue": 772500000,
        "costOfRevenue": 517800000,
        "grossProfit": 254700000,
        "grossProfitRatio": 0.3297087379,
        "researchAndDevelopmentExpenses": 24000000,
        "generalAndAdministrativeExpenses": 99900000,
        "sellingAndMarketingExpenses": 0,
        "sellingGeneralAndAdministrativeExpenses": 99900000,
        "otherExpenses": 0,
        "operatingExpenses": 123900000,
        "costAndExpenses": 641700000,
        "interestIncome": 0,
        "interestExpense": 68000000,
        "depreciationAndAmortization": 32500000,
        "ebitda": 163300000,
        "ebitdaratio": 0.2113915858,
        "operatingIncome": 115200000,
        "operatingIncomeRatio": 0.1491262136,
        "totalOtherIncomeExpensesNet": -12300000,
        "incomeBeforeTax": 118500000,
        "incomeBeforeTaxRatio": 0.1533980583,
        "incomeTaxExpense": 32300000,
        "netIncome": 82900000,
        "netIncomeRatio": 0.1073139159,
        "eps": 0.57,
        "epsdiluted": 0.56,
        "weightedAverageShsOut": 144600000,
        "weightedAverageShsOutDil": 146200000,
        "link": "https://www.sec.gov/Archives/edgar/data/37785/000119312510244206/0001193125-10-244206-index.htm",
        "finalLink": "https://www.sec.gov/Archives/edgar/data/37785/000119312510244206/d10q.htm"
    },
    {
        "date": "2010-06-30",
        "symbol": "FMC",
        "reportedCurrency": "USD",
        "cik": "0000037785",
        "fillingDate": "2010-08-04",
        "acceptedDate": "2010-08-04 14:46:44",
        "calendarYear": "2010",
        "period": "Q2",
        "revenue": 776800000,
        "costOfRevenue": 512200000,
        "grossProfit": 264600000,
        "grossProfitRatio": 0.3406282183,
        "researchAndDevelopmentExpenses": 22300000,
        "generalAndAdministrativeExpenses": 95600000,
        "sellingAndMarketingExpenses": 0,
        "sellingGeneralAndAdministrativeExpenses": 95600000,
        "otherExpenses": 0,
        "operatingExpenses": 117900000,
        "costAndExpenses": 630100000,
        "interestIncome": 0,
        "interestExpense": 131400000,
        "depreciationAndAmortization": 32600000,
        "ebitda": 179300000,
        "ebitdaratio": 0.2308187436,
        "operatingIncome": 99500000,
        "operatingIncomeRatio": 0.1280895984,
        "totalOtherIncomeExpensesNet": -24700000,
        "incomeBeforeTax": 122000000,
        "incomeBeforeTaxRatio": 0.1570545829,
        "incomeTaxExpense": 33800000,
        "netIncome": 65700000,
        "netIncomeRatio": 0.0845777549,
        "eps": 0.45,
        "epsdiluted": 0.45,
        "weightedAverageShsOut": 145000000,
        "weightedAverageShsOutDil": 146800000,
        "link": "https://www.sec.gov/Archives/edgar/data/37785/000119312510177006/0001193125-10-177006-index.htm",
        "finalLink": "https://www.sec.gov/Archives/edgar/data/37785/000119312510177006/d10q.htm"
    },
    {
        "date": "2010-03-31",
        "symbol": "FMC",
        "reportedCurrency": "USD",
        "cik": "0000037785",
        "fillingDate": "2010-05-05",
        "acceptedDate": "2010-05-05 13:05:30",
        "calendarYear": "2010",
        "period": "Q1",
        "revenue": 756500000,
        "costOfRevenue": 489500000,
        "grossProfit": 267000000,
        "grossProfitRatio": 0.3529411765,
        "researchAndDevelopmentExpenses": 23500000,
        "generalAndAdministrativeExpenses": 90900000,
        "sellingAndMarketingExpenses": 0,
        "sellingGeneralAndAdministrativeExpenses": 90900000,
        "otherExpenses": 0,
        "operatingExpenses": 114400000,
        "costAndExpenses": 603900000,
        "interestIncome": 0,
        "interestExpense": 10000000,
        "depreciationAndAmortization": 33900000,
        "ebitda": 186500000,
        "ebitdaratio": 0.2465300727,
        "operatingIncome": 128100000,
        "operatingIncomeRatio": 0.1693324521,
        "totalOtherIncomeExpensesNet": -25800000,
        "incomeBeforeTax": 126800000,
        "incomeBeforeTaxRatio": 0.1676140119,
        "incomeTaxExpense": 40700000,
        "netIncome": 77400000,
        "netIncomeRatio": 0.1023132849,
        "eps": 0.53,
        "epsdiluted": 0.53,
        "weightedAverageShsOut": 144600000,
        "weightedAverageShsOutDil": 146600000,
        "link": "https://www.sec.gov/Archives/edgar/data/37785/000119312510108357/0001193125-10-108357-index.htm",
        "finalLink": "https://www.sec.gov/Archives/edgar/data/37785/000119312510108357/d10q.htm"
    },
    {
        "date": "2009-12-31",
        "symbol": "FMC",
        "reportedCurrency": "USD",
        "cik": "0000037785",
        "fillingDate": "2010-02-22",
        "acceptedDate": "2010-02-22 15:54:59",
        "calendarYear": "2009",
        "period": "Q4",
        "revenue": 722100000,
        "costOfRevenue": 502400000,
        "grossProfit": 219700000,
        "grossProfitRatio": 0.3042514887,
        "researchAndDevelopmentExpenses": 28600000,
        "generalAndAdministrativeExpenses": 87700000,
        "sellingAndMarketingExpenses": 0,
        "sellingGeneralAndAdministrativeExpenses": 87700000,
        "otherExpenses": 0,
        "operatingExpenses": 116300000,
        "costAndExpenses": 618700000,
        "interestIncome": 0,
        "interestExpense": 322000000,
        "depreciationAndAmortization": 33700000,
        "ebitda": 54700000,
        "ebitdaratio": 0.075751281,
        "operatingIncome": 40900000,
        "operatingIncomeRatio": 0.0566403545,
        "totalOtherIncomeExpensesNet": 44400000,
        "incomeBeforeTax": 48100000,
        "incomeBeforeTaxRatio": 0.0666112727,
        "incomeTaxExpense": -21200000,
        "netIncome": 62100000,
        "netIncomeRatio": 0.0859991691,
        "eps": 0.43,
        "epsdiluted": 0.43,
        "weightedAverageShsOut": 144242000,
        "weightedAverageShsOutDil": 144600000,
        "link": "https://www.sec.gov/Archives/edgar/data/37785/000119312510036348/0001193125-10-036348-index.htm",
        "finalLink": "https://www.sec.gov/Archives/edgar/data/37785/000119312510036348/d10k.htm"
    },
    {
        "date": "2009-09-30",
        "symbol": "FMC",
        "reportedCurrency": "USD",
        "cik": "0000037785",
        "fillingDate": "2009-11-04",
        "acceptedDate": "2009-11-04 14:54:58",
        "calendarYear": "2009",
        "period": "Q3",
        "revenue": 713300000,
        "costOfRevenue": 510000000,
        "grossProfit": 203300000,
        "grossProfitRatio": 0.2850133184,
        "researchAndDevelopmentExpenses": 23200000,
        "generalAndAdministrativeExpenses": 79800000,
        "sellingAndMarketingExpenses": 0,
        "sellingGeneralAndAdministrativeExpenses": 79800000,
        "otherExpenses": 0,
        "operatingExpenses": 103000000,
        "costAndExpenses": 613000000,
        "interestIncome": 0,
        "interestExpense": 6200000,
        "depreciationAndAmortization": 32300000,
        "ebitda": 132600000,
        "ebitdaratio": 0.1858965372,
        "operatingIncome": 61400000,
        "operatingIncomeRatio": 0.0860787887,
        "totalOtherIncomeExpensesNet": -37600000,
        "incomeBeforeTax": 62700000,
        "incomeBeforeTaxRatio": 0.0879013038,
        "incomeTaxExpense": 27200000,
        "netIncome": 28000000,
        "netIncomeRatio": 0.0392541708,
        "eps": 0.2,
        "epsdiluted": 0.19,
        "weightedAverageShsOut": 144200000,
        "weightedAverageShsOutDil": 147368421,
        "link": "https://www.sec.gov/Archives/edgar/data/37785/000119312509223626/0001193125-09-223626-index.htm",
        "finalLink": "https://www.sec.gov/Archives/edgar/data/37785/000119312509223626/d10q.htm"
    },
    {
        "date": "2009-06-30",
        "symbol": "FMC",
        "reportedCurrency": "USD",
        "cik": "0000037785",
        "fillingDate": "2009-08-05",
        "acceptedDate": "2009-08-05 16:21:15",
        "calendarYear": "2009",
        "period": "Q2",
        "revenue": 700300000,
        "costOfRevenue": 477300000,
        "grossProfit": 223000000,
        "grossProfitRatio": 0.3184349564,
        "researchAndDevelopmentExpenses": 21000000,
        "generalAndAdministrativeExpenses": 74700000,
        "sellingAndMarketingExpenses": 0,
        "sellingGeneralAndAdministrativeExpenses": 74700000,
        "otherExpenses": 0,
        "operatingExpenses": 95700000,
        "costAndExpenses": 573000000,
        "interestIncome": 0,
        "interestExpense": 6500000,
        "depreciationAndAmortization": 30900000,
        "ebitda": 158200000,
        "ebitdaratio": 0.2259031843,
        "operatingIncome": 89400000,
        "operatingIncomeRatio": 0.1276595745,
        "totalOtherIncomeExpensesNet": -36800000,
        "incomeBeforeTax": 90500000,
        "incomeBeforeTaxRatio": 0.1292303299,
        "incomeTaxExpense": 13600000,
        "netIncome": 69300000,
        "netIncomeRatio": 0.0989575896,
        "eps": 0.48,
        "epsdiluted": 0.47,
        "weightedAverageShsOut": 144400000,
        "weightedAverageShsOutDil": 146800000,
        "link": "https://www.sec.gov/Archives/edgar/data/37785/000119312509165435/0001193125-09-165435-index.htm",
        "finalLink": "https://www.sec.gov/Archives/edgar/data/37785/000119312509165435/d10q.htm"
    },
    {
        "date": "2009-03-31",
        "symbol": "FMC",
        "reportedCurrency": "USD",
        "cik": "0000037785",
        "fillingDate": "2009-05-08",
        "acceptedDate": "2009-05-08 11:30:26",
        "calendarYear": "2009",
        "period": "Q1",
        "revenue": 690500000,
        "costOfRevenue": 453900000,
        "grossProfit": 236600000,
        "grossProfitRatio": 0.3426502534,
        "researchAndDevelopmentExpenses": 20000000,
        "generalAndAdministrativeExpenses": 80100000,
        "sellingAndMarketingExpenses": 0,
        "sellingGeneralAndAdministrativeExpenses": 80100000,
        "otherExpenses": 0,
        "operatingExpenses": 100100000,
        "costAndExpenses": 554000000,
        "interestIncome": 0,
        "interestExpense": 114000000,
        "depreciationAndAmortization": 30300000,
        "ebitda": 166800000,
        "ebitdaratio": 0.241564084,
        "operatingIncome": 102500000,
        "operatingIncomeRatio": 0.1484431571,
        "totalOtherIncomeExpensesNet": -27800000,
        "incomeBeforeTax": 108700000,
        "incomeBeforeTaxRatio": 0.1574221579,
        "incomeTaxExpense": 33400000,
        "netIncome": 69100000,
        "netIncomeRatio": 0.1000724113,
        "eps": 0.48,
        "epsdiluted": 0.47,
        "weightedAverageShsOut": 144504000,
        "weightedAverageShsOutDil": 146786000,
        "link": "https://www.sec.gov/Archives/edgar/data/37785/000119312509104841/0001193125-09-104841-index.htm",
        "finalLink": "https://www.sec.gov/Archives/edgar/data/37785/000119312509104841/d10q.htm"
    },
    {
        "date": "2008-12-31",
        "symbol": "FMC",
        "reportedCurrency": "USD",
        "cik": "0000037785",
        "fillingDate": "2009-02-23",
        "acceptedDate": "2009-02-23 16:13:02",
        "calendarYear": "2008",
        "period": "Q4",
        "revenue": 737700000,
        "costOfRevenue": 518000000,
        "grossProfit": 219700000,
        "grossProfitRatio": 0.297817541,
        "researchAndDevelopmentExpenses": 25600000,
        "generalAndAdministrativeExpenses": 81200000,
        "sellingAndMarketingExpenses": 0,
        "sellingGeneralAndAdministrativeExpenses": 81200000,
        "otherExpenses": 0,
        "operatingExpenses": 106800000,
        "costAndExpenses": 624800000,
        "interestIncome": 0,
        "interestExpense": 500700000,
        "depreciationAndAmortization": 29900000,
        "ebitda": 80300000,
        "ebitdaratio": 0.1088518368,
        "operatingIncome": 63700000,
        "operatingIncomeRatio": 0.0863494646,
        "totalOtherIncomeExpensesNet": -44400000,
        "incomeBeforeTax": 68500000,
        "incomeBeforeTaxRatio": 0.0928561746,
        "incomeTaxExpense": 17400000,
        "netIncome": 46300000,
        "netIncomeRatio": 0.0627626406,
        "eps": 0.32,
        "epsdiluted": 0.32,
        "weightedAverageShsOut": 143444000,
        "weightedAverageShsOutDil": 144504000,
        "link": "https://www.sec.gov/Archives/edgar/data/37785/000119312509035095/0001193125-09-035095-index.htm",
        "finalLink": "https://www.sec.gov/Archives/edgar/data/37785/000119312509035095/d10k.htm"
    },
    {
        "date": "2008-09-30",
        "symbol": "FMC",
        "reportedCurrency": "USD",
        "cik": "0000037785",
        "fillingDate": "2008-10-31",
        "acceptedDate": "2008-10-31 15:58:43",
        "calendarYear": "2008",
        "period": "Q3",
        "revenue": 820800000,
        "costOfRevenue": 580800000,
        "grossProfit": 240000000,
        "grossProfitRatio": 0.2923976608,
        "researchAndDevelopmentExpenses": 23400000,
        "generalAndAdministrativeExpenses": 81900000,
        "sellingAndMarketingExpenses": 0,
        "sellingGeneralAndAdministrativeExpenses": 81900000,
        "otherExpenses": 0,
        "operatingExpenses": 105300000,
        "costAndExpenses": 686100000,
        "interestIncome": 0,
        "interestExpense": 68100000,
        "depreciationAndAmortization": 32600000,
        "ebitda": 167300000,
        "ebitdaratio": 0.2038255361,
        "operatingIncome": 103300000,
        "operatingIncomeRatio": 0.1258528265,
        "totalOtherIncomeExpensesNet": -20800000,
        "incomeBeforeTax": 109200000,
        "incomeBeforeTaxRatio": 0.1330409357,
        "incomeTaxExpense": 23300000,
        "netIncome": 80000000,
        "netIncomeRatio": 0.0974658869,
        "eps": 0.54,
        "epsdiluted": 0.53,
        "weightedAverageShsOut": 148394000,
        "weightedAverageShsOutDil": 152028000,
        "link": "https://www.sec.gov/Archives/edgar/data/37785/000119312508221565/0001193125-08-221565-index.htm",
        "finalLink": "https://www.sec.gov/Archives/edgar/data/37785/000119312508221565/d10q.htm"
    },
    {
        "date": "2008-06-30",
        "symbol": "FMC",
        "reportedCurrency": "USD",
        "cik": "0000037785",
        "fillingDate": "2008-08-01",
        "acceptedDate": "2008-08-01 11:11:12",
        "calendarYear": "2008",
        "period": "Q2",
        "revenue": 806600000,
        "costOfRevenue": 536400000,
        "grossProfit": 270200000,
        "grossProfitRatio": 0.3349863625,
        "researchAndDevelopmentExpenses": 23000000,
        "generalAndAdministrativeExpenses": 90000000,
        "sellingAndMarketingExpenses": 0,
        "sellingGeneralAndAdministrativeExpenses": 90000000,
        "otherExpenses": 0,
        "operatingExpenses": 113000000,
        "costAndExpenses": 649400000,
        "interestIncome": 0,
        "interestExpense": 146500000,
        "depreciationAndAmortization": 30700000,
        "ebitda": 187900000,
        "ebitdaratio": 0.2329531366,
        "operatingIncome": 126900000,
        "operatingIncomeRatio": 0.1573270518,
        "totalOtherIncomeExpensesNet": -18700000,
        "incomeBeforeTax": 134700000,
        "incomeBeforeTaxRatio": 0.1669972725,
        "incomeTaxExpense": 42500000,
        "netIncome": 84400000,
        "netIncomeRatio": 0.1046367468,
        "eps": 0.56,
        "epsdiluted": 0.55,
        "weightedAverageShsOut": 149134000,
        "weightedAverageShsOutDil": 152946000,
        "link": "https://www.sec.gov/Archives/edgar/data/37785/000119312508163467/0001193125-08-163467-index.htm",
        "finalLink": "https://www.sec.gov/Archives/edgar/data/37785/000119312508163467/d10q.htm"
    },
    {
        "date": "2008-03-31",
        "symbol": "FMC",
        "reportedCurrency": "USD",
        "cik": "0000037785",
        "fillingDate": "2008-05-02",
        "acceptedDate": "2008-05-02 16:21:53",
        "calendarYear": "2008",
        "period": "Q1",
        "revenue": 750200000,
        "costOfRevenue": 499200000,
        "grossProfit": 251000000,
        "grossProfitRatio": 0.334577446,
        "researchAndDevelopmentExpenses": 21800000,
        "generalAndAdministrativeExpenses": 83700000,
        "sellingAndMarketingExpenses": 0,
        "sellingGeneralAndAdministrativeExpenses": 83700000,
        "otherExpenses": 0,
        "operatingExpenses": 105500000,
        "costAndExpenses": 604700000,
        "interestIncome": 0,
        "interestExpense": 84900000,
        "depreciationAndAmortization": 31000000,
        "ebitda": 176500000,
        "ebitdaratio": 0.2352705945,
        "operatingIncome": 136100000,
        "operatingIncomeRatio": 0.1814182885,
        "totalOtherIncomeExpensesNet": -100000,
        "incomeBeforeTax": 142500000,
        "incomeBeforeTaxRatio": 0.1899493468,
        "incomeTaxExpense": 42200000,
        "netIncome": 93900000,
        "netIncomeRatio": 0.1251666222,
        "eps": 0.63,
        "epsdiluted": 0.62,
        "weightedAverageShsOut": 149298000,
        "weightedAverageShsOutDil": 153150000,
        "link": "https://www.sec.gov/Archives/edgar/data/37785/000119312508100769/0001193125-08-100769-index.htm",
        "finalLink": "https://www.sec.gov/Archives/edgar/data/37785/000119312508100769/d10q.htm"
    },
    {
        "date": "2007-12-31",
        "symbol": "FMC",
        "reportedCurrency": "USD",
        "cik": "0000037785",
        "fillingDate": "2008-02-25",
        "acceptedDate": "2008-02-25 10:10:18",
        "calendarYear": "2007",
        "period": "Q4",
        "revenue": 674300000,
        "costOfRevenue": 478700000,
        "grossProfit": 195600000,
        "grossProfitRatio": 0.2900786,
        "researchAndDevelopmentExpenses": 27200000,
        "generalAndAdministrativeExpenses": 86200000,
        "sellingAndMarketingExpenses": 0,
        "sellingGeneralAndAdministrativeExpenses": 86200000,
        "otherExpenses": 0,
        "operatingExpenses": 113400000,
        "costAndExpenses": 592100000,
        "interestIncome": 0,
        "interestExpense": 233700000,
        "depreciationAndAmortization": 33000000,
        "ebitda": 115200000,
        "ebitdaratio": 0.1708438381,
        "operatingIncome": 43100000,
        "operatingIncomeRatio": 0.0639181373,
        "totalOtherIncomeExpensesNet": -34100000,
        "incomeBeforeTax": 48100000,
        "incomeBeforeTaxRatio": 0.0713332345,
        "incomeTaxExpense": 2200000,
        "netIncome": 40900000,
        "netIncomeRatio": 0.0606554946,
        "eps": 0.27,
        "epsdiluted": 0.27,
        "weightedAverageShsOut": 148099174,
        "weightedAverageShsOutDil": 149047619,
        "link": "https://www.sec.gov/Archives/edgar/data/37785/000119312508036999/0001193125-08-036999-index.htm",
        "finalLink": "https://www.sec.gov/Archives/edgar/data/37785/000119312508036999/d10k.htm"
    },
    {
        "date": "2007-09-30",
        "symbol": "FMC",
        "reportedCurrency": "USD",
        "cik": "0000037785",
        "fillingDate": "2007-11-06",
        "acceptedDate": "2007-11-06 17:07:32",
        "calendarYear": "2007",
        "period": "Q3",
        "revenue": 626600000,
        "costOfRevenue": 440200000,
        "grossProfit": 186400000,
        "grossProfitRatio": 0.2974784552,
        "researchAndDevelopmentExpenses": 20500000,
        "generalAndAdministrativeExpenses": 73800000,
        "sellingAndMarketingExpenses": 0,
        "sellingGeneralAndAdministrativeExpenses": 73800000,
        "otherExpenses": 0,
        "operatingExpenses": 94300000,
        "costAndExpenses": 534500000,
        "interestIncome": 0,
        "interestExpense": 68100000,
        "depreciationAndAmortization": 32300000,
        "ebitda": 124400000,
        "ebitdaratio": 0.1985317587,
        "operatingIncome": 51600000,
        "operatingIncomeRatio": 0.0823491861,
        "totalOtherIncomeExpensesNet": -36200000,
        "incomeBeforeTax": 55900000,
        "incomeBeforeTaxRatio": 0.0892116183,
        "incomeTaxExpense": 14500000,
        "netIncome": 37100000,
        "netIncomeRatio": 0.0592084264,
        "eps": 0.25,
        "epsdiluted": 0.24,
        "weightedAverageShsOut": 151428571,
        "weightedAverageShsOutDil": 154583333,
        "link": "https://www.sec.gov/Archives/edgar/data/37785/000119312507236872/0001193125-07-236872-index.htm",
        "finalLink": "https://www.sec.gov/Archives/edgar/data/37785/000119312507236872/d10q.htm"
    },
    {
        "date": "2007-06-30",
        "symbol": "FMC",
        "reportedCurrency": "USD",
        "cik": "0000037785",
        "fillingDate": "2007-08-03",
        "acceptedDate": "2007-08-03 11:53:06",
        "calendarYear": "2007",
        "period": "Q2",
        "revenue": 657900000,
        "costOfRevenue": 447900000,
        "grossProfit": 210000000,
        "grossProfitRatio": 0.3191974464,
        "researchAndDevelopmentExpenses": 23700000,
        "generalAndAdministrativeExpenses": 77900000,
        "sellingAndMarketingExpenses": 0,
        "sellingGeneralAndAdministrativeExpenses": 77900000,
        "otherExpenses": 0,
        "operatingExpenses": 101600000,
        "costAndExpenses": 549500000,
        "interestIncome": 0,
        "interestExpense": 15700000,
        "depreciationAndAmortization": 33900000,
        "ebitda": 142300000,
        "ebitdaratio": 0.2162942696,
        "operatingIncome": 600000,
        "operatingIncomeRatio": 0.0009119927,
        "totalOtherIncomeExpensesNet": -102100000,
        "incomeBeforeTax": 6300000,
        "incomeBeforeTaxRatio": 0.0095759234,
        "incomeTaxExpense": -8000000,
        "netIncome": 8600000,
        "netIncomeRatio": 0.0130718954,
        "eps": 0.0575,
        "epsdiluted": 0.055,
        "weightedAverageShsOut": 149565217,
        "weightedAverageShsOutDil": 156363636,
        "link": "https://www.sec.gov/Archives/edgar/data/37785/000119312507170347/0001193125-07-170347-index.htm",
        "finalLink": "https://www.sec.gov/Archives/edgar/data/37785/000119312507170347/d10q.htm"
    },
    {
        "date": "2007-03-31",
        "symbol": "FMC",
        "reportedCurrency": "USD",
        "cik": "0000037785",
        "fillingDate": "2007-05-08",
        "acceptedDate": "2007-05-08 09:51:56",
        "calendarYear": "2007",
        "period": "Q1",
        "revenue": 674100000,
        "costOfRevenue": 463300000,
        "grossProfit": 210800000,
        "grossProfitRatio": 0.3127132473,
        "researchAndDevelopmentExpenses": 23200000,
        "generalAndAdministrativeExpenses": 77400000,
        "sellingAndMarketingExpenses": 0,
        "sellingGeneralAndAdministrativeExpenses": 77400000,
        "otherExpenses": 0,
        "operatingExpenses": 100600000,
        "costAndExpenses": 563900000,
        "interestIncome": 0,
        "interestExpense": 0,
        "depreciationAndAmortization": 34500000,
        "ebitda": 144700000,
        "ebitdaratio": 0.2146565791,
        "operatingIncome": 66100000,
        "operatingIncomeRatio": 0.0980566682,
        "totalOtherIncomeExpensesNet": -34800000,
        "incomeBeforeTax": 75400000,
        "incomeBeforeTaxRatio": 0.1118528408,
        "incomeTaxExpense": 20300000,
        "netIncome": 45800000,
        "netIncomeRatio": 0.0679424418,
        "eps": 0.3,
        "epsdiluted": 0.29,
        "weightedAverageShsOut": 151404959,
        "weightedAverageShsOutDil": 156581197,
        "link": "https://www.sec.gov/Archives/edgar/data/37785/000119312507105398/0001193125-07-105398-index.htm",
        "finalLink": "https://www.sec.gov/Archives/edgar/data/37785/000119312507105398/d10q.htm"
    },
    {
        "date": "2006-12-31",
        "symbol": "FMC",
        "reportedCurrency": "USD",
        "cik": "0000037785",
        "fillingDate": "2007-03-28",
        "acceptedDate": "2007-03-28 10:36:21",
        "calendarYear": "2006",
        "period": "Q4",
        "revenue": 588400000,
        "costOfRevenue": 415600000,
        "grossProfit": 172800000,
        "grossProfitRatio": 0.2936777702,
        "researchAndDevelopmentExpenses": 26700000,
        "generalAndAdministrativeExpenses": 77400000,
        "sellingAndMarketingExpenses": 0,
        "sellingGeneralAndAdministrativeExpenses": 77400000,
        "otherExpenses": 0,
        "operatingExpenses": 104100000,
        "costAndExpenses": 519700000,
        "interestIncome": 0,
        "interestExpense": 240900000,
        "depreciationAndAmortization": 33800000,
        "ebitda": 102500000,
        "ebitdaratio": 0.1742012237,
        "operatingIncome": 88400000,
        "operatingIncomeRatio": 0.1502379334,
        "totalOtherIncomeExpensesNet": -15700000,
        "incomeBeforeTax": 53000000,
        "incomeBeforeTaxRatio": 0.0900747791,
        "incomeTaxExpense": 20400000,
        "netIncome": 12900000,
        "netIncomeRatio": 0.0219238613,
        "eps": 0.22,
        "epsdiluted": 0.22,
        "weightedAverageShsOut": 151404959,
        "weightedAverageShsOutDil": 151404959,
        "link": "https://www.sec.gov/Archives/edgar/data/37785/000119312507066639/0001193125-07-066639-index.htm",
        "finalLink": "https://www.sec.gov/Archives/edgar/data/37785/000119312507066639/d10ka.htm"
    },
    {
        "date": "2006-09-30",
        "symbol": "FMC",
        "reportedCurrency": "USD",
        "cik": "0000037785",
        "fillingDate": "2006-11-03",
        "acceptedDate": "2006-11-03 15:50:22",
        "calendarYear": "2006",
        "period": "Q3",
        "revenue": 572200000,
        "costOfRevenue": 412600000,
        "grossProfit": 159600000,
        "grossProfitRatio": 0.2789234533,
        "researchAndDevelopmentExpenses": 25600000,
        "generalAndAdministrativeExpenses": 69500000,
        "sellingAndMarketingExpenses": 0,
        "sellingGeneralAndAdministrativeExpenses": 69500000,
        "otherExpenses": 0,
        "operatingExpenses": 95100000,
        "costAndExpenses": 507700000,
        "interestIncome": 0,
        "interestExpense": 60000000,
        "depreciationAndAmortization": 32400000,
        "ebitda": 96900000,
        "ebitdaratio": 0.1693463824,
        "operatingIncome": 51100000,
        "operatingIncomeRatio": 0.089304439,
        "totalOtherIncomeExpensesNet": -9900000,
        "incomeBeforeTax": 54600000,
        "incomeBeforeTaxRatio": 0.0954211814,
        "incomeTaxExpense": 16000000,
        "netIncome": 35100000,
        "netIncomeRatio": 0.061342188,
        "eps": 0.23,
        "epsdiluted": 0.22,
        "weightedAverageShsOut": 154285714,
        "weightedAverageShsOutDil": 157752809,
        "link": "https://www.sec.gov/Archives/edgar/data/37785/000119312506223645/0001193125-06-223645-index.htm",
        "finalLink": "https://www.sec.gov/Archives/edgar/data/37785/000119312506223645/d10q.htm"
    },
    {
        "date": "2006-06-30",
        "symbol": "FMC",
        "reportedCurrency": "USD",
        "cik": "0000037785",
        "fillingDate": "2006-08-07",
        "acceptedDate": "2006-08-07 16:04:28",
        "calendarYear": "2006",
        "period": "Q2",
        "revenue": 592300000,
        "costOfRevenue": 407900000,
        "grossProfit": 184400000,
        "grossProfitRatio": 0.3113287186,
        "researchAndDevelopmentExpenses": 22600000,
        "generalAndAdministrativeExpenses": 70500000,
        "sellingAndMarketingExpenses": 0,
        "sellingGeneralAndAdministrativeExpenses": 70500000,
        "otherExpenses": 0,
        "operatingExpenses": 93100000,
        "costAndExpenses": 501000000,
        "interestIncome": 0,
        "interestExpense": 0,
        "depreciationAndAmortization": 33500000,
        "ebitda": 124800000,
        "ebitdaratio": 0.2107040351,
        "operatingIncome": 53600000,
        "operatingIncomeRatio": 0.0904946817,
        "totalOtherIncomeExpensesNet": -48700000,
        "incomeBeforeTax": 42600000,
        "incomeBeforeTaxRatio": 0.071923012,
        "incomeTaxExpense": 7300000,
        "netIncome": 46300000,
        "netIncomeRatio": 0.0781698464,
        "eps": 0.3,
        "epsdiluted": 0.29,
        "weightedAverageShsOut": 154333333,
        "weightedAverageShsOutDil": 159655172,
        "link": "https://www.sec.gov/Archives/edgar/data/37785/000119312506163760/0001193125-06-163760-index.htm",
        "finalLink": "https://www.sec.gov/Archives/edgar/data/37785/000119312506163760/d10q.htm"
    },
    {
        "date": "2006-03-31",
        "symbol": "FMC",
        "reportedCurrency": "USD",
        "cik": "0000037785",
        "fillingDate": "2006-05-08",
        "acceptedDate": "2006-05-08 15:12:26",
        "calendarYear": "2006",
        "period": "Q1",
        "revenue": 594100000,
        "costOfRevenue": 400400000,
        "grossProfit": 193700000,
        "grossProfitRatio": 0.3260393873,
        "researchAndDevelopmentExpenses": 22000000,
        "generalAndAdministrativeExpenses": 67500000,
        "sellingAndMarketingExpenses": 0,
        "sellingGeneralAndAdministrativeExpenses": 67500000,
        "otherExpenses": 0,
        "operatingExpenses": 89500000,
        "costAndExpenses": 489900000,
        "interestIncome": 0,
        "interestExpense": 73100000,
        "depreciationAndAmortization": 32100000,
        "ebitda": 136300000,
        "ebitdaratio": 0.2294226561,
        "operatingIncome": 62700000,
        "operatingIncomeRatio": 0.1055377883,
        "totalOtherIncomeExpensesNet": -40900000,
        "incomeBeforeTax": 63300000,
        "incomeBeforeTaxRatio": 0.1065477192,
        "incomeTaxExpense": 25000000,
        "netIncome": 37700000,
        "netIncomeRatio": 0.0634573304,
        "eps": 0.25,
        "epsdiluted": 0.24,
        "weightedAverageShsOut": 152323232,
        "weightedAverageShsOutDil": 158736842,
        "link": "https://www.sec.gov/Archives/edgar/data/37785/000119312506103368/0001193125-06-103368-index.htm",
        "finalLink": "https://www.sec.gov/Archives/edgar/data/37785/000119312506103368/d10q.htm"
    },
    {
        "date": "2005-12-31",
        "symbol": "FMC",
        "reportedCurrency": "USD",
        "cik": "0000037785",
        "fillingDate": "2006-03-08",
        "acceptedDate": "2006-03-08 15:42:21",
        "calendarYear": "2005",
        "period": "Q4",
        "revenue": 522200000,
        "costOfRevenue": 360100000,
        "grossProfit": 162100000,
        "grossProfitRatio": 0.3104174646,
        "researchAndDevelopmentExpenses": 23200000,
        "generalAndAdministrativeExpenses": 73300000,
        "sellingAndMarketingExpenses": 0,
        "sellingGeneralAndAdministrativeExpenses": 73300000,
        "otherExpenses": 0,
        "operatingExpenses": 96500000,
        "costAndExpenses": 456600000,
        "interestIncome": 0,
        "interestExpense": 211900000,
        "depreciationAndAmortization": 32500000,
        "ebitda": 98100000,
        "ebitdaratio": 0.1878590578,
        "operatingIncome": 74300000,
        "operatingIncomeRatio": 0.1422826503,
        "totalOtherIncomeExpensesNet": 28600000,
        "incomeBeforeTax": 94200000,
        "incomeBeforeTaxRatio": 0.1803906549,
        "incomeTaxExpense": 49000000,
        "netIncome": 25300000,
        "netIncomeRatio": 0.0484488702,
        "eps": 0.3,
        "epsdiluted": 0.3,
        "weightedAverageShsOut": 152323232,
        "weightedAverageShsOutDil": 152323232,
        "link": "https://www.sec.gov/Archives/edgar/data/37785/000119312506048313/0001193125-06-048313-index.htm",
        "finalLink": "https://www.sec.gov/Archives/edgar/data/37785/000119312506048313/d10k.htm"
    },
    {
        "date": "2005-09-30",
        "symbol": "FMC",
        "reportedCurrency": "USD",
        "cik": "0000037785",
        "fillingDate": "2005-11-04",
        "acceptedDate": "2005-11-04 16:53:21",
        "calendarYear": "2005",
        "period": "Q3",
        "revenue": 510000000,
        "costOfRevenue": 367800000,
        "grossProfit": 142200000,
        "grossProfitRatio": 0.2788235294,
        "researchAndDevelopmentExpenses": 22900000,
        "generalAndAdministrativeExpenses": 63100000,
        "sellingAndMarketingExpenses": 0,
        "sellingGeneralAndAdministrativeExpenses": 63100000,
        "otherExpenses": 0,
        "operatingExpenses": 86000000,
        "costAndExpenses": 453800000,
        "interestIncome": 0,
        "interestExpense": 60000000,
        "depreciationAndAmortization": 33700000,
        "ebitda": 89900000,
        "ebitdaratio": 0.1762745098,
        "operatingIncome": -9600000,
        "operatingIncomeRatio": -0.0188235294,
        "totalOtherIncomeExpensesNet": -64400000,
        "incomeBeforeTax": -8200000,
        "incomeBeforeTaxRatio": -0.0160784314,
        "incomeTaxExpense": -5200000,
        "netIncome": -4400000,
        "netIncomeRatio": -0.008627451,
        "eps": -0.03,
        "epsdiluted": -0.03,
        "weightedAverageShsOut": 146666667,
        "weightedAverageShsOutDil": 146666667,
        "link": "https://www.sec.gov/Archives/edgar/data/37785/000119312505217009/0001193125-05-217009-index.htm",
        "finalLink": "https://www.sec.gov/Archives/edgar/data/37785/000119312505217009/d10q.htm"
    },
    {
        "date": "2005-06-30",
        "symbol": "FMC",
        "reportedCurrency": "USD",
        "cik": "0000037785",
        "fillingDate": "2005-08-05",
        "acceptedDate": "2005-08-05 11:25:32",
        "calendarYear": "2005",
        "period": "Q2",
        "revenue": 565600000,
        "costOfRevenue": 387400000,
        "grossProfit": 178200000,
        "grossProfitRatio": 0.3150636492,
        "researchAndDevelopmentExpenses": 23700000,
        "generalAndAdministrativeExpenses": 68500000,
        "sellingAndMarketingExpenses": 0,
        "sellingGeneralAndAdministrativeExpenses": 68500000,
        "otherExpenses": 0,
        "operatingExpenses": 92200000,
        "costAndExpenses": 479600000,
        "interestIncome": 0,
        "interestExpense": 60600000,
        "depreciationAndAmortization": 35500000,
        "ebitda": 121500000,
        "ebitdaratio": 0.2148161245,
        "operatingIncome": 50400000,
        "operatingIncomeRatio": 0.0891089109,
        "totalOtherIncomeExpensesNet": -33500000,
        "incomeBeforeTax": 52500000,
        "incomeBeforeTaxRatio": 0.0928217822,
        "incomeTaxExpense": 19200000,
        "netIncome": 31200000,
        "netIncomeRatio": 0.0551626591,
        "eps": 0.21,
        "epsdiluted": 0.2,
        "weightedAverageShsOut": 150361446,
        "weightedAverageShsOutDil": 156000000,
        "link": "https://www.sec.gov/Archives/edgar/data/37785/000119312505158717/0001193125-05-158717-index.htm",
        "finalLink": "https://www.sec.gov/Archives/edgar/data/37785/000119312505158717/d10q.htm"
    },
    {
        "date": "2005-03-31",
        "symbol": "FMC",
        "reportedCurrency": "USD",
        "cik": "0000037785",
        "fillingDate": "2005-05-06",
        "acceptedDate": "2005-05-06 11:04:07",
        "calendarYear": "2005",
        "period": "Q1",
        "revenue": 552400000,
        "costOfRevenue": 390200000,
        "grossProfit": 162200000,
        "grossProfitRatio": 0.2936278059,
        "researchAndDevelopmentExpenses": 24600000,
        "generalAndAdministrativeExpenses": 65500000,
        "sellingAndMarketingExpenses": 0,
        "sellingGeneralAndAdministrativeExpenses": 65500000,
        "otherExpenses": 0,
        "operatingExpenses": 90100000,
        "costAndExpenses": 480300000,
        "interestIncome": 0,
        "interestExpense": 68800000,
        "depreciationAndAmortization": 34600000,
        "ebitda": 106700000,
        "ebitdaratio": 0.1931571325,
        "operatingIncome": 43100000,
        "operatingIncomeRatio": 0.0780231716,
        "totalOtherIncomeExpensesNet": -17300000,
        "incomeBeforeTax": 54800000,
        "incomeBeforeTaxRatio": 0.0992034757,
        "incomeTaxExpense": 19300000,
        "netIncome": 64500000,
        "netIncomeRatio": 0.1167632151,
        "eps": 0.43,
        "epsdiluted": 0.42,
        "weightedAverageShsOut": 149132948,
        "weightedAverageShsOutDil": 154491018,
        "link": "https://www.sec.gov/Archives/edgar/data/37785/000119312505098691/0001193125-05-098691-index.htm",
        "finalLink": "https://www.sec.gov/Archives/edgar/data/37785/000119312505098691/d10q.htm"
    },
    {
        "date": "2004-12-31",
        "symbol": "FMC",
        "reportedCurrency": "USD",
        "cik": "0000037785",
        "fillingDate": "2005-03-14",
        "acceptedDate": "2005-03-14 13:56:20",
        "calendarYear": "2004",
        "period": "Q4",
        "revenue": 513700000,
        "costOfRevenue": 359300000,
        "grossProfit": 154400000,
        "grossProfitRatio": 0.3005645318,
        "researchAndDevelopmentExpenses": 26300000,
        "generalAndAdministrativeExpenses": 68100000,
        "sellingAndMarketingExpenses": 0,
        "sellingGeneralAndAdministrativeExpenses": 68100000,
        "otherExpenses": 0,
        "operatingExpenses": 94400000,
        "costAndExpenses": 453700000,
        "interestIncome": 0,
        "interestExpense": 225300000,
        "depreciationAndAmortization": 34300000,
        "ebitda": 94300000,
        "ebitdaratio": 0.1835701771,
        "operatingIncome": 31300000,
        "operatingIncomeRatio": 0.0609305042,
        "totalOtherIncomeExpensesNet": -25800000,
        "incomeBeforeTax": 34200000,
        "incomeBeforeTaxRatio": 0.0665758225,
        "incomeTaxExpense": -63200000,
        "netIncome": 94500000,
        "netIncomeRatio": 0.1839595094,
        "eps": 0.63,
        "epsdiluted": 0.63,
        "weightedAverageShsOut": 148115760,
        "weightedAverageShsOutDil": 149132948,
        "link": "https://www.sec.gov/Archives/edgar/data/37785/000119312505049229/0001193125-05-049229-index.htm",
        "finalLink": "https://www.sec.gov/Archives/edgar/data/37785/000119312505049229/d10k.htm"
    },
    {
        "date": "2004-09-30",
        "symbol": "FMC",
        "reportedCurrency": "USD",
        "cik": "0000037785",
        "fillingDate": "2004-11-09",
        "acceptedDate": "2004-11-09 12:30:01",
        "calendarYear": "2004",
        "period": "Q3",
        "revenue": 497500000,
        "costOfRevenue": 359700000,
        "grossProfit": 137800000,
        "grossProfitRatio": 0.2769849246,
        "researchAndDevelopmentExpenses": 22500000,
        "generalAndAdministrativeExpenses": 60400000,
        "sellingAndMarketingExpenses": 0,
        "sellingGeneralAndAdministrativeExpenses": 60400000,
        "otherExpenses": 0,
        "operatingExpenses": 82900000,
        "costAndExpenses": 442600000,
        "interestIncome": 0,
        "interestExpense": 54500000,
        "depreciationAndAmortization": 33300000,
        "ebitda": 88200000,
        "ebitdaratio": 0.1772864322,
        "operatingIncome": 36700000,
        "operatingIncomeRatio": 0.0737688442,
        "totalOtherIncomeExpensesNet": -17600000,
        "incomeBeforeTax": 37300000,
        "incomeBeforeTaxRatio": 0.0749748744,
        "incomeTaxExpense": 7200000,
        "netIncome": 29500000,
        "netIncomeRatio": 0.0592964824,
        "eps": 0.2,
        "epsdiluted": 0.2,
        "weightedAverageShsOut": 145679012,
        "weightedAverageShsOutDil": 151282051,
        "link": "https://www.sec.gov/Archives/edgar/data/37785/000119312504190800/0001193125-04-190800-index.htm",
        "finalLink": "https://www.sec.gov/Archives/edgar/data/37785/000119312504190800/d10q.htm"
    },
    {
        "date": "2004-06-30",
        "symbol": "FMC",
        "reportedCurrency": "USD",
        "cik": "0000037785",
        "fillingDate": "2004-08-06",
        "acceptedDate": "2004-08-06 11:07:31",
        "calendarYear": "2004",
        "period": "Q2",
        "revenue": 534300000,
        "costOfRevenue": 377600000,
        "grossProfit": 156700000,
        "grossProfitRatio": 0.2932809283,
        "researchAndDevelopmentExpenses": 20700000,
        "generalAndAdministrativeExpenses": 61400000,
        "sellingAndMarketingExpenses": 0,
        "sellingGeneralAndAdministrativeExpenses": 61400000,
        "otherExpenses": 0,
        "operatingExpenses": 82100000,
        "costAndExpenses": 459700000,
        "interestIncome": 0,
        "interestExpense": 73600000,
        "depreciationAndAmortization": 33500000,
        "ebitda": 108100000,
        "ebitdaratio": 0.2023207936,
        "operatingIncome": 42300000,
        "operatingIncomeRatio": 0.0791690062,
        "totalOtherIncomeExpensesNet": -22200000,
        "incomeBeforeTax": 52400000,
        "incomeBeforeTaxRatio": 0.0980722441,
        "incomeTaxExpense": 11600000,
        "netIncome": 30700000,
        "netIncomeRatio": 0.0574583567,
        "eps": 0.21,
        "epsdiluted": 0.21,
        "weightedAverageShsOut": 144470588,
        "weightedAverageShsOutDil": 149756098,
        "link": "https://www.sec.gov/Archives/edgar/data/37785/000119312504133844/0001193125-04-133844-index.htm",
        "finalLink": "https://www.sec.gov/Archives/edgar/data/37785/000119312504133844/d10q.htm"
    },
    {
        "date": "2004-03-31",
        "symbol": "FMC",
        "reportedCurrency": "USD",
        "cik": "0000037785",
        "fillingDate": "2004-05-07",
        "acceptedDate": "2004-05-07 15:23:59",
        "calendarYear": "2004",
        "period": "Q1",
        "revenue": 505700000,
        "costOfRevenue": 377600000,
        "grossProfit": 128100000,
        "grossProfitRatio": 0.2533122405,
        "researchAndDevelopmentExpenses": 23900000,
        "generalAndAdministrativeExpenses": 64900000,
        "sellingAndMarketingExpenses": 0,
        "sellingGeneralAndAdministrativeExpenses": 64900000,
        "otherExpenses": 0,
        "operatingExpenses": 88800000,
        "costAndExpenses": 466400000,
        "interestIncome": 0,
        "interestExpense": 38000000,
        "depreciationAndAmortization": 33200000,
        "ebitda": 72500000,
        "ebitdaratio": 0.1433656318,
        "operatingIncome": 5400000,
        "operatingIncomeRatio": 0.0106782677,
        "totalOtherIncomeExpensesNet": -32100000,
        "incomeBeforeTax": 7200000,
        "incomeBeforeTaxRatio": 0.0142376903,
        "incomeTaxExpense": -100000,
        "netIncome": 5500000,
        "netIncomeRatio": 0.0108760134,
        "eps": 0.0375,
        "epsdiluted": 0.0375,
        "weightedAverageShsOut": 146666667,
        "weightedAverageShsOutDil": 146666667,
        "link": "https://www.sec.gov/Archives/edgar/data/37785/000119312504082006/0001193125-04-082006-index.htm",
        "finalLink": "https://www.sec.gov/Archives/edgar/data/37785/000119312504082006/d10q.htm"
    },
    {
        "date": "2003-12-31",
        "symbol": "FMC",
        "reportedCurrency": "USD",
        "cik": "0000037785",
        "fillingDate": "2004-03-30",
        "acceptedDate": "2004-03-30 13:10:38",
        "calendarYear": "2003",
        "period": "Q4",
        "revenue": 506900000,
        "costOfRevenue": 360200000,
        "grossProfit": 146700000,
        "grossProfitRatio": 0.2894061945,
        "researchAndDevelopmentExpenses": 25200000,
        "generalAndAdministrativeExpenses": 62600000,
        "sellingAndMarketingExpenses": 0,
        "sellingGeneralAndAdministrativeExpenses": 62600000,
        "otherExpenses": 0,
        "operatingExpenses": 87800000,
        "costAndExpenses": 448000000,
        "interestIncome": 0,
        "interestExpense": 201700000,
        "depreciationAndAmortization": 31900000,
        "ebitda": 90800000,
        "ebitdaratio": 0.1791280331,
        "operatingIncome": 8800000,
        "operatingIncomeRatio": 0.0173604261,
        "totalOtherIncomeExpensesNet": -36800000,
        "incomeBeforeTax": 22100000,
        "incomeBeforeTaxRatio": 0.0435983429,
        "incomeTaxExpense": 2500000,
        "netIncome": 6300000,
        "netIncomeRatio": 0.0124284869,
        "eps": 0.13,
        "epsdiluted": 0.13,
        "weightedAverageShsOut": 140070175,
        "weightedAverageShsOutDil": 146666667,
        "link": "https://www.sec.gov/Archives/edgar/data/37785/000119312504053471/0001193125-04-053471-index.htm",
        "finalLink": "https://www.sec.gov/Archives/edgar/data/37785/000119312504053471/d10ka.htm"
    },
    {
        "date": "2003-09-30",
        "symbol": "FMC",
        "reportedCurrency": "USD",
        "cik": "0000037785",
        "fillingDate": "2003-11-12",
        "acceptedDate": "2003-11-12 11:04:57",
        "calendarYear": "2003",
        "period": "Q3",
        "revenue": 470500000,
        "costOfRevenue": 344400000,
        "grossProfit": 126100000,
        "grossProfitRatio": 0.2680127524,
        "researchAndDevelopmentExpenses": 20100000,
        "generalAndAdministrativeExpenses": 57200000,
        "sellingAndMarketingExpenses": 0,
        "sellingGeneralAndAdministrativeExpenses": 57200000,
        "otherExpenses": 0,
        "operatingExpenses": 77300000,
        "costAndExpenses": 421700000,
        "interestIncome": 0,
        "interestExpense": 57700000,
        "depreciationAndAmortization": 31300000,
        "ebitda": 48800000,
        "ebitdaratio": 0.1037194474,
        "operatingIncome": 48800000,
        "operatingIncomeRatio": 0.1037194474,
        "totalOtherIncomeExpensesNet": -63300000,
        "incomeBeforeTax": -14500000,
        "incomeBeforeTaxRatio": -0.0308182784,
        "incomeTaxExpense": -11100000,
        "netIncome": -3400000,
        "netIncomeRatio": -0.0072263549,
        "eps": -0.025,
        "epsdiluted": -0.025,
        "weightedAverageShsOut": 136000000,
        "weightedAverageShsOutDil": 136000000,
        "link": "https://www.sec.gov/Archives/edgar/data/37785/000119312503077851/0001193125-03-077851-index.htm",
        "finalLink": "https://www.sec.gov/Archives/edgar/data/37785/000119312503077851/d10q.htm"
    },
    {
        "date": "2003-06-30",
        "symbol": "FMC",
        "reportedCurrency": "USD",
        "cik": "0000037785",
        "fillingDate": "2003-08-13",
        "acceptedDate": "2003-08-12 18:25:49",
        "calendarYear": "2003",
        "period": "Q2",
        "revenue": 510000000,
        "costOfRevenue": 370700000,
        "grossProfit": 139300000,
        "grossProfitRatio": 0.2731372549,
        "researchAndDevelopmentExpenses": 22000000,
        "generalAndAdministrativeExpenses": 60300000,
        "sellingAndMarketingExpenses": 0,
        "sellingGeneralAndAdministrativeExpenses": 60300000,
        "otherExpenses": 0,
        "operatingExpenses": 82300000,
        "costAndExpenses": 453000000,
        "interestIncome": 0,
        "interestExpense": 57000000,
        "depreciationAndAmortization": 30900000,
        "ebitda": 57000000,
        "ebitdaratio": 0.1117647059,
        "operatingIncome": 57000000,
        "operatingIncomeRatio": 0.1117647059,
        "totalOtherIncomeExpensesNet": -29000000,
        "incomeBeforeTax": 28000000,
        "incomeBeforeTaxRatio": 0.0549019608,
        "incomeTaxExpense": 6300000,
        "netIncome": 21700000,
        "netIncomeRatio": 0.0425490196,
        "eps": 0.16,
        "epsdiluted": 0.15,
        "weightedAverageShsOut": 140000000,
        "weightedAverageShsOutDil": 142295082,
        "link": "https://www.sec.gov/Archives/edgar/data/37785/000119312503034602/0001193125-03-034602-index.htm",
        "finalLink": "https://www.sec.gov/Archives/edgar/data/37785/000119312503034602/d10q.htm"
    },
    {
        "date": "2003-03-31",
        "symbol": "FMC",
        "reportedCurrency": "USD",
        "cik": "0000037785",
        "fillingDate": "2003-05-13",
        "acceptedDate": "2003-05-13 16:38:08",
        "calendarYear": "2003",
        "period": "Q1",
        "revenue": 434000000,
        "costOfRevenue": 325200000,
        "grossProfit": 108800000,
        "grossProfitRatio": 0.2506912442,
        "researchAndDevelopmentExpenses": 20100000,
        "generalAndAdministrativeExpenses": 56800000,
        "sellingAndMarketingExpenses": 0,
        "sellingGeneralAndAdministrativeExpenses": 56800000,
        "otherExpenses": 0,
        "operatingExpenses": 76900000,
        "costAndExpenses": 402100000,
        "interestIncome": 0,
        "interestExpense": 31900000,
        "depreciationAndAmortization": 30500000,
        "ebitda": 62400000,
        "ebitdaratio": 0.1437788018,
        "operatingIncome": 2400000,
        "operatingIncomeRatio": 0.0055299539,
        "totalOtherIncomeExpensesNet": -29500000,
        "incomeBeforeTax": 2400000,
        "incomeBeforeTaxRatio": 0.0055299539,
        "incomeTaxExpense": 500000,
        "netIncome": 1900000,
        "netIncomeRatio": 0.0043778802,
        "eps": 0.0125,
        "epsdiluted": 0.0125,
        "weightedAverageShsOut": 152000000,
        "weightedAverageShsOutDil": 152000000,
        "link": "https://www.sec.gov/Archives/edgar/data/37785/000095013003003620/0000950130-03-003620-index.htm",
        "finalLink": "https://www.sec.gov/Archives/edgar/data/37785/000095013003003620/d10q.htm"
    },
    {
        "date": "2002-12-31",
        "symbol": "FMC",
        "reportedCurrency": "USD",
        "cik": "0000037785",
        "fillingDate": "2003-03-11",
        "acceptedDate": "2003-03-11 17:00:01",
        "calendarYear": "2002",
        "period": "Q4",
        "revenue": 459700000,
        "costOfRevenue": 329700000,
        "grossProfit": 130000000,
        "grossProfitRatio": 0.282793126,
        "researchAndDevelopmentExpenses": 21600000,
        "generalAndAdministrativeExpenses": 52900000,
        "sellingAndMarketingExpenses": 0,
        "sellingGeneralAndAdministrativeExpenses": 52900000,
        "otherExpenses": 0,
        "operatingExpenses": 74500000,
        "costAndExpenses": 404200000,
        "interestIncome": 0,
        "interestExpense": 156800000,
        "depreciationAndAmortization": 29800000,
        "ebitda": 85300000,
        "ebitdaratio": 0.1855557973,
        "operatingIncome": 11800000,
        "operatingIncomeRatio": 0.0256689145,
        "totalOtherIncomeExpensesNet": -40400000,
        "incomeBeforeTax": 15100000,
        "incomeBeforeTaxRatio": 0.0328475092,
        "incomeTaxExpense": 2400000,
        "netIncome": 9400000,
        "netIncomeRatio": 0.0204481183,
        "eps": 0.0836,
        "epsdiluted": 0.0836,
        "weightedAverageShsOut": 152000000,
        "weightedAverageShsOutDil": 152000000,
        "link": "https://www.sec.gov/Archives/edgar/data/37785/000093176303000502/0000931763-03-000502-index.htm",
        "finalLink": "https://www.sec.gov/Archives/edgar/data/37785/000093176303000502/d10k.htm"
    },
    {
        "date": "2002-09-30",
        "symbol": "FMC",
        "reportedCurrency": "USD",
        "cik": "0000037785",
        "fillingDate": "2002-11-14",
        "acceptedDate": "2002-11-14 16:48:09",
        "calendarYear": "2002",
        "period": "Q3",
        "revenue": 476600000,
        "costOfRevenue": 350100000,
        "grossProfit": 126500000,
        "grossProfitRatio": 0.2654217373,
        "researchAndDevelopmentExpenses": 19400000,
        "generalAndAdministrativeExpenses": 55700000,
        "sellingAndMarketingExpenses": 0,
        "sellingGeneralAndAdministrativeExpenses": 55700000,
        "otherExpenses": 0,
        "operatingExpenses": 75100000,
        "costAndExpenses": 425200000,
        "interestIncome": 0,
        "interestExpense": 0,
        "depreciationAndAmortization": 33600000,
        "ebitda": 85000000,
        "ebitdaratio": 0.1783466219,
        "operatingIncome": 38300000,
        "operatingIncomeRatio": 0.0803608896,
        "totalOtherIncomeExpensesNet": -13100000,
        "incomeBeforeTax": 38300000,
        "incomeBeforeTaxRatio": 0.0803608896,
        "incomeTaxExpense": 10100000,
        "netIncome": 28200000,
        "netIncomeRatio": 0.0591691146,
        "eps": 0.2,
        "epsdiluted": 0.2,
        "weightedAverageShsOut": 141000000,
        "weightedAverageShsOutDil": 142784810,
        "link": "https://www.sec.gov/Archives/edgar/data/37785/000102140802014174/0001021408-02-014174-index.htm",
        "finalLink": "https://www.sec.gov/Archives/edgar/data/37785/000102140802014174/d10q.txt"
    },
    {
        "date": "2002-06-30",
        "symbol": "FMC",
        "reportedCurrency": "USD",
        "cik": "0000037785",
        "fillingDate": "2002-08-14",
        "acceptedDate": "2002-08-14 14:47:19",
        "calendarYear": "2002",
        "period": "Q2",
        "revenue": 482400000,
        "costOfRevenue": 356200000,
        "grossProfit": 126200000,
        "grossProfitRatio": 0.2616086235,
        "researchAndDevelopmentExpenses": 20400000,
        "generalAndAdministrativeExpenses": 57700000,
        "sellingAndMarketingExpenses": 0,
        "sellingGeneralAndAdministrativeExpenses": 57700000,
        "otherExpenses": 0,
        "operatingExpenses": 78100000,
        "costAndExpenses": 434300000,
        "interestIncome": 0,
        "interestExpense": 0,
        "depreciationAndAmortization": 29200000,
        "ebitda": 77300000,
        "ebitdaratio": 0.1602404643,
        "operatingIncome": 23100000,
        "operatingIncomeRatio": 0.0478855721,
        "totalOtherIncomeExpensesNet": -25000000,
        "incomeBeforeTax": 23100000,
        "incomeBeforeTaxRatio": 0.0478855721,
        "incomeTaxExpense": 3900000,
        "netIncome": 19200000,
        "netIncomeRatio": 0.039800995,
        "eps": 0.0738,
        "epsdiluted": 0.0712,
        "weightedAverageShsOut": 260744000,
        "weightedAverageShsOutDil": 268464000,
        "link": "https://www.sec.gov/Archives/edgar/data/37785/000102140802010936/0001021408-02-010936-index.htm",
        "finalLink": "https://www.sec.gov/Archives/edgar/data/37785/000102140802010936/d10q.txt"
    },
    {
        "date": "2002-03-31",
        "symbol": "FMC",
        "reportedCurrency": "USD",
        "cik": "0000037785",
        "fillingDate": "2002-05-15",
        "acceptedDate": "2002-05-15 16:04:29",
        "calendarYear": "2002",
        "period": "Q1",
        "revenue": 434200000,
        "costOfRevenue": 322800000,
        "grossProfit": 111400000,
        "grossProfitRatio": 0.2565637955,
        "researchAndDevelopmentExpenses": 20600000,
        "generalAndAdministrativeExpenses": 57900000,
        "sellingAndMarketingExpenses": 0,
        "sellingGeneralAndAdministrativeExpenses": 57900000,
        "otherExpenses": 0,
        "operatingExpenses": 78500000,
        "costAndExpenses": 401300000,
        "interestIncome": 0,
        "interestExpense": 0,
        "depreciationAndAmortization": 26200000,
        "ebitda": 59100000,
        "ebitdaratio": 0.1361123906,
        "operatingIncome": 10000000,
        "operatingIncomeRatio": 0.0230308614,
        "totalOtherIncomeExpensesNet": -22900000,
        "incomeBeforeTax": 10000000,
        "incomeBeforeTaxRatio": 0.0230308614,
        "incomeTaxExpense": 1000000,
        "netIncome": 9000000,
        "netIncomeRatio": 0.0207277752,
        "eps": 0.0363,
        "epsdiluted": 0.035,
        "weightedAverageShsOut": 251816000,
        "weightedAverageShsOutDil": 259288000,
        "link": "https://www.sec.gov/Archives/edgar/data/37785/000102140802007225/0001021408-02-007225-index.htm",
        "finalLink": "https://www.sec.gov/Archives/edgar/data/37785/000102140802007225/d10q.txt"
    },
    {
        "date": "2001-12-31",
        "symbol": "FMC",
        "reportedCurrency": "USD",
        "cik": "0000037785",
        "fillingDate": "2002-03-11",
        "acceptedDate": "2002-03-11 00:00:00",
        "calendarYear": "2001",
        "period": "Q4",
        "revenue": -891700000,
        "costOfRevenue": -710100000,
        "grossProfit": -181600000,
        "grossProfitRatio": 0.2036559381,
        "researchAndDevelopmentExpenses": -16100000,
        "generalAndAdministrativeExpenses": 173300000,
        "sellingAndMarketingExpenses": 0,
        "sellingGeneralAndAdministrativeExpenses": 173300000,
        "otherExpenses": -324400000,
        "operatingExpenses": -167200000,
        "costAndExpenses": -877300000,
        "interestIncome": 0,
        "interestExpense": 0,
        "depreciationAndAmortization": -6600000,
        "ebitda": -14400000,
        "ebitdaratio": 0.016148929,
        "operatingIncome": -96900000,
        "operatingIncomeRatio": 0.1086688348,
        "totalOtherIncomeExpensesNet": -56700000,
        "incomeBeforeTax": -71100000,
        "incomeBeforeTaxRatio": 0.079735337,
        "incomeTaxExpense": -64200000,
        "netIncome": -32700000,
        "netIncomeRatio": 0.0366715263,
        "eps": -0.13,
        "epsdiluted": -0.13,
        "weightedAverageShsOut": 252308000,
        "weightedAverageShsOutDil": 256044000,
        "link": "https://www.sec.gov/Archives/edgar/data/37785/000093066102000678/0000930661-02-000678-index.htm",
        "finalLink": "https://www.sec.gov/Archives/edgar/data/37785/000093066102000678/d10k.txt"
    },
    {
        "date": "2001-09-30",
        "symbol": "FMC",
        "reportedCurrency": "USD",
        "cik": "0000037785",
        "fillingDate": "2001-11-07",
        "acceptedDate": "2001-11-07 00:00:00",
        "calendarYear": "2001",
        "period": "Q3",
        "revenue": 956800000,
        "costOfRevenue": 726700000,
        "grossProfit": 230100000,
        "grossProfitRatio": 0.2404891304,
        "researchAndDevelopmentExpenses": 37900000,
        "generalAndAdministrativeExpenses": 122900000,
        "sellingAndMarketingExpenses": 0,
        "sellingGeneralAndAdministrativeExpenses": 122900000,
        "otherExpenses": 0,
        "operatingExpenses": 160800000,
        "costAndExpenses": 887500000,
        "interestIncome": 0,
        "interestExpense": 0,
        "depreciationAndAmortization": 41900000,
        "ebitda": 34600000,
        "ebitdaratio": 0.0361622074,
        "operatingIncome": 26000000,
        "operatingIncomeRatio": 0.027173913,
        "totalOtherIncomeExpensesNet": -19100000,
        "incomeBeforeTax": 26000000,
        "incomeBeforeTaxRatio": 0.027173913,
        "incomeTaxExpense": 4700000,
        "netIncome": 21300000,
        "netIncomeRatio": 0.0222617057,
        "eps": 0.085,
        "epsdiluted": 0.0825,
        "weightedAverageShsOut": 252308000,
        "weightedAverageShsOutDil": 256044000,
        "link": "https://www.sec.gov/Archives/edgar/data/37785/000095013101503999/0000950131-01-503999-index.htm",
        "finalLink": "https://www.sec.gov/Archives/edgar/data/37785/000095013101503999/d10q.txt"
    },
    {
        "date": "2001-06-30",
        "symbol": "FMC",
        "reportedCurrency": "USD",
        "cik": "0000037785",
        "fillingDate": "2001-08-14",
        "acceptedDate": "2001-08-14 00:00:00",
        "calendarYear": "2001",
        "period": "Q2",
        "revenue": 1001300000,
        "costOfRevenue": 733400000,
        "grossProfit": 267900000,
        "grossProfitRatio": 0.2675521822,
        "researchAndDevelopmentExpenses": 41300000,
        "generalAndAdministrativeExpenses": 134500000,
        "sellingAndMarketingExpenses": 0,
        "sellingGeneralAndAdministrativeExpenses": 134500000,
        "otherExpenses": 323100000,
        "operatingExpenses": 498900000,
        "costAndExpenses": 1232300000,
        "interestIncome": 0,
        "interestExpense": 0,
        "depreciationAndAmortization": 50300000,
        "ebitda": -180700000,
        "ebitdaratio": -0.180465395,
        "operatingIncome": -440100000,
        "operatingIncomeRatio": -0.4395286128,
        "totalOtherIncomeExpensesNet": -209100000,
        "incomeBeforeTax": -440100000,
        "incomeBeforeTaxRatio": -0.4395286128,
        "incomeTaxExpense": -140300000,
        "netIncome": -299800000,
        "netIncomeRatio": -0.299410766,
        "eps": -1.19,
        "epsdiluted": -1.17,
        "weightedAverageShsOut": 252308000,
        "weightedAverageShsOutDil": 256044000,
        "link": "https://www.sec.gov/Archives/edgar/data/37785/000095013101502965/0000950131-01-502965-index.htm",
        "finalLink": "https://www.sec.gov/Archives/edgar/data/37785/000095013101502965/d10q.txt"
    },
    {
        "date": "2001-03-31",
        "symbol": "FMC",
        "reportedCurrency": "USD",
        "cik": "0000037785",
        "fillingDate": "2001-05-15",
        "acceptedDate": "2001-05-15 00:00:00",
        "calendarYear": "2001",
        "period": "Q1",
        "revenue": 876600000,
        "costOfRevenue": 660900000,
        "grossProfit": 215700000,
        "grossProfitRatio": 0.2460643395,
        "researchAndDevelopmentExpenses": 36600000,
        "generalAndAdministrativeExpenses": 133400000,
        "sellingAndMarketingExpenses": 0,
        "sellingGeneralAndAdministrativeExpenses": 133400000,
        "otherExpenses": 1300000,
        "operatingExpenses": 171300000,
        "costAndExpenses": 832200000,
        "interestIncome": 0,
        "interestExpense": 0,
        "depreciationAndAmortization": 46000000,
        "ebitda": 90400000,
        "ebitdaratio": 0.103125713,
        "operatingIncome": 6900000,
        "operatingIncomeRatio": 0.007871321,
        "totalOtherIncomeExpensesNet": -31900000,
        "incomeBeforeTax": 12500000,
        "incomeBeforeTaxRatio": 0.0142596395,
        "incomeTaxExpense": 33400000,
        "netIncome": -26500000,
        "netIncomeRatio": -0.0302304358,
        "eps": -0.11,
        "epsdiluted": -0.1,
        "weightedAverageShsOut": 252308000,
        "weightedAverageShsOutDil": 256044000,
        "link": "https://www.sec.gov/Archives/edgar/data/37785/000095013101501490/0000950131-01-501490-index.htm",
        "finalLink": "https://www.sec.gov/Archives/edgar/data/37785/000095013101501490/d10q.txt"
    },
    {
        "date": "2000-12-31",
        "symbol": "FMC",
        "reportedCurrency": "USD",
        "cik": "0000037785",
        "fillingDate": "2001-03-29",
        "acceptedDate": "2001-03-29 00:00:00",
        "calendarYear": "2000",
        "period": "Q4",
        "revenue": 1079800000,
        "costOfRevenue": 779900000,
        "grossProfit": 299900000,
        "grossProfitRatio": 0.2777366179,
        "researchAndDevelopmentExpenses": 43300000,
        "generalAndAdministrativeExpenses": 124500000,
        "sellingAndMarketingExpenses": 0,
        "sellingGeneralAndAdministrativeExpenses": 124500000,
        "otherExpenses": 47200000,
        "operatingExpenses": 215000000,
        "costAndExpenses": 994900000,
        "interestIncome": 0,
        "interestExpense": 0,
        "depreciationAndAmortization": 47200000,
        "ebitda": 132100000,
        "ebitdaratio": 0.1223374699,
        "operatingIncome": 64400000,
        "operatingIncomeRatio": 0.0596406742,
        "totalOtherIncomeExpensesNet": -20500000,
        "incomeBeforeTax": 64400000,
        "incomeBeforeTaxRatio": 0.0596406742,
        "incomeTaxExpense": 14400000,
        "netIncome": 50000000,
        "netIncomeRatio": 0.0463048713,
        "eps": 0.2,
        "epsdiluted": 0.2,
        "weightedAverageShsOut": 252308000,
        "weightedAverageShsOutDil": 256044000,
        "link": "https://www.sec.gov/Archives/edgar/data/37785/000095013101500385/0000950131-01-500385-index.htm",
        "finalLink": "https://www.sec.gov/Archives/edgar/data/37785/000095013101500385/d10k405.txt"
    },
    {
        "date": "2000-09-30",
        "symbol": "FMC",
        "reportedCurrency": "USD",
        "cik": "0000037785",
        "fillingDate": "2000-11-14",
        "acceptedDate": "2000-11-14 00:00:00",
        "calendarYear": "2000",
        "period": "Q3",
        "revenue": 919200000,
        "costOfRevenue": 611200000,
        "grossProfit": 308000000,
        "grossProfitRatio": 0.3350739774,
        "researchAndDevelopmentExpenses": 35300000,
        "generalAndAdministrativeExpenses": 125100000,
        "sellingAndMarketingExpenses": 0,
        "sellingGeneralAndAdministrativeExpenses": 125100000,
        "otherExpenses": 46000000,
        "operatingExpenses": 206400000,
        "costAndExpenses": 817600000,
        "interestIncome": 0,
        "interestExpense": 101600000,
        "depreciationAndAmortization": 46000000,
        "ebitda": 147600000,
        "ebitdaratio": 0.1605744125,
        "operatingIncome": 8200000,
        "operatingIncomeRatio": 0.0089208007,
        "totalOtherIncomeExpensesNet": -26700000,
        "incomeBeforeTax": 74900000,
        "incomeBeforeTaxRatio": 0.081483899,
        "incomeTaxExpense": 18400000,
        "netIncome": -10200000,
        "netIncomeRatio": -0.0110966057,
        "eps": -0.0403,
        "epsdiluted": -0.0403,
        "weightedAverageShsOut": 252800000,
        "weightedAverageShsOutDil": 252800000,
        "link": "https://www.sec.gov/Archives/edgar/data/37785/000095013100006417/0000950131-00-006417-index.htm",
        "finalLink": "https://www.sec.gov/Archives/edgar/data/37785/000095013100006417/0000950131-00-006417-0001.htm"
    },
    {
        "date": "2000-06-30",
        "symbol": "FMC",
        "reportedCurrency": "USD",
        "cik": "0000037785",
        "fillingDate": "2000-08-14",
        "acceptedDate": "2000-08-14 00:00:00",
        "calendarYear": "2000",
        "period": "Q2",
        "revenue": 967500000,
        "costOfRevenue": 620600000,
        "grossProfit": 346900000,
        "grossProfitRatio": 0.3585529716,
        "researchAndDevelopmentExpenses": 39200000,
        "generalAndAdministrativeExpenses": 134800000,
        "sellingAndMarketingExpenses": 0,
        "sellingGeneralAndAdministrativeExpenses": 134800000,
        "otherExpenses": 50000000,
        "operatingExpenses": 224000000,
        "costAndExpenses": 844600000,
        "interestIncome": 0,
        "interestExpense": 66300000,
        "depreciationAndAmortization": 50000000,
        "ebitda": 172900000,
        "ebitdaratio": 0.1787080103,
        "operatingIncome": 39900000,
        "operatingIncomeRatio": 0.0412403101,
        "totalOtherIncomeExpensesNet": -83000000,
        "incomeBeforeTax": 39900000,
        "incomeBeforeTaxRatio": 0.0412403101,
        "incomeTaxExpense": 1900000,
        "netIncome": 38000000,
        "netIncomeRatio": 0.0392764858,
        "eps": 0.15,
        "epsdiluted": 0.15,
        "weightedAverageShsOut": 248000000,
        "weightedAverageShsOutDil": 251600000,
        "link": "https://www.sec.gov/Archives/edgar/data/37785/000095013100004874/0000950131-00-004874-index.htm",
        "finalLink": "https://www.sec.gov/Archives/edgar/data/37785/000095013100004874/0000950131-00-004874-0001.htm"
    },
    {
        "date": "2000-03-31",
        "symbol": "FMC",
        "reportedCurrency": "USD",
        "cik": "0000037785",
        "fillingDate": "2000-05-11",
        "acceptedDate": "2000-05-11 00:00:00",
        "calendarYear": "2000",
        "period": "Q1",
        "revenue": 959000000,
        "costOfRevenue": 671400000,
        "grossProfit": 287600000,
        "grossProfitRatio": 0.2998957247,
        "researchAndDevelopmentExpenses": 36700000,
        "generalAndAdministrativeExpenses": 138100000,
        "sellingAndMarketingExpenses": 0,
        "sellingGeneralAndAdministrativeExpenses": 138100000,
        "otherExpenses": 45700000,
        "operatingExpenses": 220500000,
        "costAndExpenses": 891900000,
        "interestIncome": 0,
        "interestExpense": 0,
        "depreciationAndAmortization": 45700000,
        "ebitda": 112800000,
        "ebitdaratio": 0.1176225235,
        "operatingIncome": 43400000,
        "operatingIncomeRatio": 0.0452554745,
        "totalOtherIncomeExpensesNet": -23700000,
        "incomeBeforeTax": 43400000,
        "incomeBeforeTaxRatio": 0.0452554745,
        "incomeTaxExpense": 10600000,
        "netIncome": 32800000,
        "netIncomeRatio": 0.0342022941,
        "eps": 0.14,
        "epsdiluted": 0.13,
        "weightedAverageShsOut": 243200000,
        "weightedAverageShsOutDil": 250400000,
        "link": "https://www.sec.gov/Archives/edgar/data/37785/000095013100003284/0000950131-00-003284-index.html",
        "finalLink": "https://www.sec.gov/Archives/edgar/data/37785/000095013100003284/"
    },
    {
        "date": "1999-12-31",
        "symbol": "FMC",
        "reportedCurrency": "USD",
        "cik": "0000037785",
        "fillingDate": "2000-03-30",
        "acceptedDate": "2000-03-30 00:00:00",
        "calendarYear": "1999",
        "period": "Q4",
        "revenue": 1031200000,
        "costOfRevenue": 706800000,
        "grossProfit": 324400000,
        "grossProfitRatio": 0.3145849496,
        "researchAndDevelopmentExpenses": 39700000,
        "generalAndAdministrativeExpenses": 140700000,
        "sellingAndMarketingExpenses": 0,
        "sellingGeneralAndAdministrativeExpenses": 140700000,
        "otherExpenses": 46400000,
        "operatingExpenses": 226800000,
        "costAndExpenses": 933600000,
        "interestIncome": 0,
        "interestExpense": 0,
        "depreciationAndAmortization": 46400000,
        "ebitda": 144000000,
        "ebitdaratio": 0.1396431342,
        "operatingIncome": 49700000,
        "operatingIncomeRatio": 0.0481962762,
        "totalOtherIncomeExpensesNet": 21400000,
        "incomeBeforeTax": 71100000,
        "incomeBeforeTaxRatio": 0.0689487975,
        "incomeTaxExpense": 18300000,
        "netIncome": 31400000,
        "netIncomeRatio": 0.0304499612,
        "eps": 0.43,
        "epsdiluted": 0.43,
        "weightedAverageShsOut": 121600000,
        "weightedAverageShsOutDil": 121600000,
        "link": "https://www.sec.gov/Archives/edgar/data/37785/000095013100002172/0000950131-00-002172-index.html",
        "finalLink": "https://www.sec.gov/Archives/edgar/data/37785/000095013100002172/"
    },
    {
        "date": "1999-09-30",
        "symbol": "FMC",
        "reportedCurrency": "USD",
        "cik": "0000037785",
        "fillingDate": "1999-11-15",
        "acceptedDate": "1999-11-15 00:00:00",
        "calendarYear": "1999",
        "period": "Q3",
        "revenue": 1034300000,
        "costOfRevenue": 729900000,
        "grossProfit": 304400000,
        "grossProfitRatio": 0.2943053273,
        "researchAndDevelopmentExpenses": 36800000,
        "generalAndAdministrativeExpenses": 135800000,
        "sellingAndMarketingExpenses": 0,
        "sellingGeneralAndAdministrativeExpenses": 135800000,
        "otherExpenses": 45100000,
        "operatingExpenses": 217700000,
        "costAndExpenses": 947600000,
        "interestIncome": 0,
        "interestExpense": 0,
        "depreciationAndAmortization": 45100000,
        "ebitda": 131800000,
        "ebitdaratio": 0.1274291792,
        "operatingIncome": 69700000,
        "operatingIncomeRatio": 0.067388572,
        "totalOtherIncomeExpensesNet": -17000000,
        "incomeBeforeTax": 69700000,
        "incomeBeforeTaxRatio": 0.067388572,
        "incomeTaxExpense": 5600000,
        "netIncome": 64100000,
        "netIncomeRatio": 0.0619742821,
        "eps": 0.26,
        "epsdiluted": 0.25,
        "weightedAverageShsOut": 122360000,
        "weightedAverageShsOutDil": 122360000,
        "link": "https://www.sec.gov/Archives/edgar/data/37785/000095013199006376/0000950131-99-006376-index.html",
        "finalLink": "https://www.sec.gov/Archives/edgar/data/37785/000095013199006376/"
    },
    {
        "date": "1999-06-30",
        "symbol": "FMC",
        "reportedCurrency": "USD",
        "cik": "0000037785",
        "fillingDate": "1999-08-10",
        "acceptedDate": "1999-08-10 00:00:00",
        "calendarYear": "1999",
        "period": "Q2",
        "revenue": 1070400000,
        "costOfRevenue": 715800000,
        "grossProfit": 354600000,
        "grossProfitRatio": 0.3312780269,
        "researchAndDevelopmentExpenses": 38800000,
        "generalAndAdministrativeExpenses": 149400000,
        "sellingAndMarketingExpenses": 0,
        "sellingGeneralAndAdministrativeExpenses": 149400000,
        "otherExpenses": 45700000,
        "operatingExpenses": 233900000,
        "costAndExpenses": 949700000,
        "interestIncome": 0,
        "interestExpense": 0,
        "depreciationAndAmortization": 45700000,
        "ebitda": 166400000,
        "ebitdaratio": 0.1554559043,
        "operatingIncome": 110700000,
        "operatingIncomeRatio": 0.1034192825,
        "totalOtherIncomeExpensesNet": -28000000,
        "incomeBeforeTax": 92700000,
        "incomeBeforeTaxRatio": 0.086603139,
        "incomeTaxExpense": 23800000,
        "netIncome": 86900000,
        "netIncomeRatio": 0.0811846039,
        "eps": 0.34,
        "epsdiluted": 0.33,
        "weightedAverageShsOut": 127160000,
        "weightedAverageShsOutDil": 127160000,
        "link": "https://www.sec.gov/Archives/edgar/data/37785/000095013199004770/0000950131-99-004770-index.html",
        "finalLink": "https://www.sec.gov/Archives/edgar/data/37785/000095013199004770/"
    },
    {
        "date": "1999-03-31",
        "symbol": "FMC",
        "reportedCurrency": "USD",
        "cik": "0000037785",
        "fillingDate": "1999-05-17",
        "acceptedDate": "1999-05-17 00:00:00",
        "calendarYear": "1999",
        "period": "Q1",
        "revenue": 974700000,
        "costOfRevenue": 675100000,
        "grossProfit": 299600000,
        "grossProfitRatio": 0.3073766287,
        "researchAndDevelopmentExpenses": 37100000,
        "generalAndAdministrativeExpenses": 149700000,
        "sellingAndMarketingExpenses": 0,
        "sellingGeneralAndAdministrativeExpenses": 149700000,
        "otherExpenses": 43500000,
        "operatingExpenses": 230300000,
        "costAndExpenses": 905400000,
        "interestIncome": 0,
        "interestExpense": 0,
        "depreciationAndAmortization": 43500000,
        "ebitda": 112800000,
        "ebitdaratio": 0.1157279163,
        "operatingIncome": 40800000,
        "operatingIncomeRatio": 0.0418590335,
        "totalOtherIncomeExpensesNet": -28500000,
        "incomeBeforeTax": 40800000,
        "incomeBeforeTaxRatio": 0.0418590335,
        "incomeTaxExpense": 10500000,
        "netIncome": 30300000,
        "netIncomeRatio": 0.0310864882,
        "eps": 0.12,
        "epsdiluted": 0.12,
        "weightedAverageShsOut": 127028000,
        "weightedAverageShsOutDil": 127028000,
        "link": "https://www.sec.gov/Archives/edgar/data/37785/000095013199003236/0000950131-99-003236-index.html",
        "finalLink": "https://www.sec.gov/Archives/edgar/data/37785/"
    },
    {
        "date": "1998-12-31",
        "symbol": "FMC",
        "reportedCurrency": "USD",
        "cik": "0000037785",
        "fillingDate": "1999-03-25",
        "acceptedDate": "1999-03-25 00:00:00",
        "calendarYear": "1998",
        "period": "Q4",
        "revenue": 1055600000,
        "costOfRevenue": 728800000,
        "grossProfit": 326800000,
        "grossProfitRatio": 0.3095869648,
        "researchAndDevelopmentExpenses": 44800000,
        "generalAndAdministrativeExpenses": 153300000,
        "sellingAndMarketingExpenses": 0,
        "sellingGeneralAndAdministrativeExpenses": 153300000,
        "otherExpenses": 52500000,
        "operatingExpenses": 250600000,
        "costAndExpenses": 979400000,
        "interestIncome": 0,
        "interestExpense": 0,
        "depreciationAndAmortization": 52500000,
        "ebitda": 128700000,
        "ebitdaratio": 0.1219211823,
        "operatingIncome": 4600000,
        "operatingIncomeRatio": 0.0043577113,
        "totalOtherIncomeExpensesNet": 42700000,
        "incomeBeforeTax": 47300000,
        "incomeBeforeTaxRatio": 0.0448086396,
        "incomeTaxExpense": 11800000,
        "netIncome": -7200000,
        "netIncomeRatio": -0.0068207654,
        "eps": -0.0567,
        "epsdiluted": -0.0567,
        "weightedAverageShsOut": 127028000,
        "weightedAverageShsOutDil": 127028000,
        "link": "https://www.sec.gov/Archives/edgar/data/37785/000095013199001733/0000950131-99-001733-index.html",
        "finalLink": "https://www.sec.gov/Archives/edgar/data/37785/"
    },
    {
        "date": "1998-09-30",
        "symbol": "FMC",
        "reportedCurrency": "USD",
        "cik": "0000037785",
        "fillingDate": "1998-10-30",
        "acceptedDate": "1998-10-30 00:00:00",
        "calendarYear": "1998",
        "period": "Q3",
        "revenue": 1128700000,
        "costOfRevenue": 790900000,
        "grossProfit": 337800000,
        "grossProfitRatio": 0.2992823602,
        "researchAndDevelopmentExpenses": 37000000,
        "generalAndAdministrativeExpenses": 143300000,
        "sellingAndMarketingExpenses": 0,
        "sellingGeneralAndAdministrativeExpenses": 143300000,
        "otherExpenses": 51700000,
        "operatingExpenses": 232000000,
        "costAndExpenses": 1022900000,
        "interestIncome": 0,
        "interestExpense": 0,
        "depreciationAndAmortization": 51700000,
        "ebitda": 157500000,
        "ebitdaratio": 0.1395410649,
        "operatingIncome": 74800000,
        "operatingIncomeRatio": 0.0662709312,
        "totalOtherIncomeExpensesNet": -31000000,
        "incomeBeforeTax": 74800000,
        "incomeBeforeTaxRatio": 0.0662709312,
        "incomeTaxExpense": 19400000,
        "netIncome": 55400000,
        "netIncomeRatio": 0.0490830159,
        "eps": 0.21,
        "epsdiluted": 0.2,
        "weightedAverageShsOut": 132332000,
        "weightedAverageShsOutDil": 132332000,
        "link": "https://www.sec.gov/Archives/edgar/data/37785/000095013198005737/0000950131-98-005737-index.html",
        "finalLink": "https://www.sec.gov/Archives/edgar/data/37785/"
    },
    {
        "date": "1998-06-30",
        "symbol": "FMC",
        "reportedCurrency": "USD",
        "cik": "0000037785",
        "fillingDate": "1998-08-13",
        "acceptedDate": "1998-08-13 00:00:00",
        "calendarYear": "1998",
        "period": "Q2",
        "revenue": 1155100000,
        "costOfRevenue": 796900000,
        "grossProfit": 358200000,
        "grossProfitRatio": 0.3101030214,
        "researchAndDevelopmentExpenses": 37800000,
        "generalAndAdministrativeExpenses": 150900000,
        "sellingAndMarketingExpenses": 0,
        "sellingGeneralAndAdministrativeExpenses": 150900000,
        "otherExpenses": 49200000,
        "operatingExpenses": 237900000,
        "costAndExpenses": 1034800000,
        "interestIncome": 0,
        "interestExpense": 0,
        "depreciationAndAmortization": 49200000,
        "ebitda": 169500000,
        "ebitdaratio": 0.1467405419,
        "operatingIncome": 91200000,
        "operatingIncomeRatio": 0.0789542031,
        "totalOtherIncomeExpensesNet": -29100000,
        "incomeBeforeTax": 91200000,
        "incomeBeforeTaxRatio": 0.0789542031,
        "incomeTaxExpense": 23600000,
        "netIncome": 67600000,
        "netIncomeRatio": 0.0585230716,
        "eps": 0.24,
        "epsdiluted": 0.24,
        "weightedAverageShsOut": 138108000,
        "weightedAverageShsOutDil": 138108000,
        "link": "https://www.sec.gov/Archives/edgar/data/37785/000095013198004808/0000950131-98-004808-index.html",
        "finalLink": "https://www.sec.gov/Archives/edgar/data/37785/"
    },
    {
        "date": "1998-03-31",
        "symbol": "FMC",
        "reportedCurrency": "USD",
        "cik": "0000037785",
        "fillingDate": "1998-05-13",
        "acceptedDate": "1998-05-13 00:00:00",
        "calendarYear": "1998",
        "period": "Q1",
        "revenue": 1039000000,
        "costOfRevenue": 720700000,
        "grossProfit": 318300000,
        "grossProfitRatio": 0.3063522618,
        "researchAndDevelopmentExpenses": 38100000,
        "generalAndAdministrativeExpenses": 165300000,
        "sellingAndMarketingExpenses": 0,
        "sellingGeneralAndAdministrativeExpenses": 165300000,
        "otherExpenses": 53200000,
        "operatingExpenses": 256600000,
        "costAndExpenses": 977300000,
        "interestIncome": 0,
        "interestExpense": 0,
        "depreciationAndAmortization": 53200000,
        "ebitda": 114900000,
        "ebitdaratio": 0.110587103,
        "operatingIncome": 100000,
        "operatingIncomeRatio": 9.62464e-05,
        "totalOtherIncomeExpensesNet": 36100000,
        "incomeBeforeTax": 36200000,
        "incomeBeforeTaxRatio": 0.0348411935,
        "incomeTaxExpense": 9400000,
        "netIncome": -9300000,
        "netIncomeRatio": -0.0089509143,
        "eps": -0.0671,
        "epsdiluted": -0.0671,
        "weightedAverageShsOut": 138696000,
        "weightedAverageShsOutDil": 138696000,
        "link": "https://www.sec.gov/Archives/edgar/data/37785/000095013198003275/0000950131-98-003275-index.html",
        "finalLink": "https://www.sec.gov/Archives/edgar/data/37785/"
    },
    {
        "date": "1997-12-31",
        "symbol": "FMC",
        "reportedCurrency": "USD",
        "cik": "0000037785",
        "fillingDate": "1998-03-18",
        "acceptedDate": "1998-03-18 00:00:00",
        "calendarYear": "1997",
        "period": "Q4",
        "revenue": 1082600000,
        "costOfRevenue": 769600000,
        "grossProfit": 313000000,
        "grossProfitRatio": 0.2891187881,
        "researchAndDevelopmentExpenses": 47200000,
        "generalAndAdministrativeExpenses": 159600000,
        "sellingAndMarketingExpenses": 0,
        "sellingGeneralAndAdministrativeExpenses": 159600000,
        "otherExpenses": 57800000,
        "operatingExpenses": 264600000,
        "costAndExpenses": 1034200000,
        "interestIncome": 0,
        "interestExpense": 0,
        "depreciationAndAmortization": 57800000,
        "ebitda": 106200000,
        "ebitdaratio": 0.0980971735,
        "operatingIncome": -91300000,
        "operatingIncomeRatio": -0.0843340107,
        "totalOtherIncomeExpensesNet": -287900000,
        "incomeBeforeTax": -239500000,
        "incomeBeforeTaxRatio": -0.2212266765,
        "incomeTaxExpense": -78100000,
        "netIncome": -13200000,
        "netIncomeRatio": -0.012192869,
        "eps": -0.0952,
        "epsdiluted": -0.0952,
        "weightedAverageShsOut": 138696000,
        "weightedAverageShsOutDil": 138696000,
        "link": "https://www.sec.gov/Archives/edgar/data/37785/000095013198001790/0000950131-98-001790-index.html",
        "finalLink": "https://www.sec.gov/Archives/edgar/data/37785/"
    },
    {
        "date": "1997-09-30",
        "symbol": "FMC",
        "reportedCurrency": "USD",
        "cik": "0000037785",
        "fillingDate": "1997-11-14",
        "acceptedDate": "1997-11-14 00:00:00",
        "calendarYear": "1997",
        "period": "Q3",
        "revenue": 1074700000,
        "costOfRevenue": 733300000,
        "grossProfit": 341400000,
        "grossProfitRatio": 0.3176700475,
        "researchAndDevelopmentExpenses": 43800000,
        "generalAndAdministrativeExpenses": 148400000,
        "sellingAndMarketingExpenses": 0,
        "sellingGeneralAndAdministrativeExpenses": 148400000,
        "otherExpenses": 46000000,
        "operatingExpenses": 238200000,
        "costAndExpenses": 971500000,
        "interestIncome": 0,
        "interestExpense": 0,
        "depreciationAndAmortization": 46000000,
        "ebitda": 149200000,
        "ebitdaratio": 0.1388294408,
        "operatingIncome": 80300000,
        "operatingIncomeRatio": 0.0747185261,
        "totalOtherIncomeExpensesNet": -30700000,
        "incomeBeforeTax": 72500000,
        "incomeBeforeTaxRatio": 0.0674606867,
        "incomeTaxExpense": 17400000,
        "netIncome": 62900000,
        "netIncomeRatio": 0.0585279613,
        "eps": 0.21,
        "epsdiluted": 0.2,
        "weightedAverageShsOut": 147192000,
        "weightedAverageShsOutDil": 147192000,
        "link": "https://www.sec.gov/Archives/edgar/data/37785/000095013197006852/0000950131-97-006852-index.html",
        "finalLink": "https://www.sec.gov/Archives/edgar/data/37785/"
    },
    {
        "date": "1997-06-30",
        "symbol": "FMC",
        "reportedCurrency": "USD",
        "cik": "0000037785",
        "fillingDate": "1997-08-05",
        "acceptedDate": "1997-08-05 00:00:00",
        "calendarYear": "1997",
        "period": "Q2",
        "revenue": 1478100000,
        "costOfRevenue": 1016000000,
        "grossProfit": 462100000,
        "grossProfitRatio": 0.3126310804,
        "researchAndDevelopmentExpenses": 45700000,
        "generalAndAdministrativeExpenses": 192700000,
        "sellingAndMarketingExpenses": 0,
        "sellingGeneralAndAdministrativeExpenses": 192700000,
        "otherExpenses": 71100000,
        "operatingExpenses": 309500000,
        "costAndExpenses": 1325500000,
        "interestIncome": 0,
        "interestExpense": 0,
        "depreciationAndAmortization": 71100000,
        "ebitda": 223700000,
        "ebitdaratio": 0.1513429403,
        "operatingIncome": 102400000,
        "operatingIncomeRatio": 0.0692781273,
        "totalOtherIncomeExpensesNet": -50200000,
        "incomeBeforeTax": 102400000,
        "incomeBeforeTaxRatio": 0.0692781273,
        "incomeTaxExpense": 29600000,
        "netIncome": 72800000,
        "netIncomeRatio": 0.0492524186,
        "eps": 0.24,
        "epsdiluted": 0.24,
        "weightedAverageShsOut": 148848000,
        "weightedAverageShsOutDil": 148848000,
        "link": "https://www.sec.gov/Archives/edgar/data/37785/000095013197004763/0000950131-97-004763-index.html",
        "finalLink": "https://www.sec.gov/Archives/edgar/data/37785/"
    },
    {
        "date": "1997-03-31",
        "symbol": "FMC",
        "reportedCurrency": "USD",
        "cik": "0000037785",
        "fillingDate": "1997-05-15",
        "acceptedDate": "1997-05-15 00:00:00",
        "calendarYear": "1997",
        "period": "Q1",
        "revenue": 1297700000,
        "costOfRevenue": 914500000,
        "grossProfit": 383200000,
        "grossProfitRatio": 0.2952916699,
        "researchAndDevelopmentExpenses": 43600000,
        "generalAndAdministrativeExpenses": 170600000,
        "sellingAndMarketingExpenses": 0,
        "sellingGeneralAndAdministrativeExpenses": 170600000,
        "otherExpenses": 63500000,
        "operatingExpenses": 277700000,
        "costAndExpenses": 1192200000,
        "interestIncome": 0,
        "interestExpense": 0,
        "depreciationAndAmortization": 63500000,
        "ebitda": 169000000,
        "ebitdaratio": 0.1302304076,
        "operatingIncome": 56300000,
        "operatingIncomeRatio": 0.0433844494,
        "totalOtherIncomeExpensesNet": -49200000,
        "incomeBeforeTax": 56300000,
        "incomeBeforeTaxRatio": 0.0433844494,
        "incomeTaxExpense": 16400000,
        "netIncome": 39900000,
        "netIncomeRatio": 0.0307467057,
        "eps": 0.13,
        "epsdiluted": 0.13,
        "weightedAverageShsOut": 149040000,
        "weightedAverageShsOutDil": 149040000,
        "link": "https://www.sec.gov/Archives/edgar/data/37785/000095013197003469/0000950131-97-003469-index.html",
        "finalLink": "https://www.sec.gov/Archives/edgar/data/37785/"
    },
    {
        "date": "1996-12-31",
        "symbol": "FMC",
        "reportedCurrency": "USD",
        "cik": "0000037785",
        "fillingDate": "1997-03-26",
        "acceptedDate": "1997-03-26 00:00:00",
        "calendarYear": "1996",
        "period": "Q4",
        "revenue": 1407600000,
        "costOfRevenue": 978800000,
        "grossProfit": 428800000,
        "grossProfitRatio": 0.3046319977,
        "researchAndDevelopmentExpenses": 0,
        "generalAndAdministrativeExpenses": 60300000,
        "sellingAndMarketingExpenses": 0,
        "sellingGeneralAndAdministrativeExpenses": 60300000,
        "otherExpenses": 256900000,
        "operatingExpenses": 317200000,
        "costAndExpenses": 1296000000,
        "interestIncome": 0,
        "interestExpense": 0,
        "depreciationAndAmortization": 67500000,
        "ebitda": 179100000,
        "ebitdaratio": 0.1272378517,
        "operatingIncome": 80600000,
        "operatingIncomeRatio": 0.0572605854,
        "totalOtherIncomeExpensesNet": -31000000,
        "incomeBeforeTax": 80600000,
        "incomeBeforeTaxRatio": 0.0572605854,
        "incomeTaxExpense": 36000000,
        "netIncome": 44600000,
        "netIncomeRatio": 0.0316851378,
        "eps": 0.3,
        "epsdiluted": 0.3,
        "weightedAverageShsOut": 148720000,
        "weightedAverageShsOutDil": 149040000,
        "link": "https://www.sec.gov/Archives/edgar/data/37785/000095013197002068/0000950131-97-002068-index.html",
        "finalLink": "https://www.sec.gov/Archives/edgar/data/37785/"
    },
    {
        "date": "1996-09-30",
        "symbol": "FMC",
        "reportedCurrency": "USD",
        "cik": "0000037785",
        "fillingDate": "1996-11-08",
        "acceptedDate": "1996-11-08 00:00:00",
        "calendarYear": "1996",
        "period": "Q3",
        "revenue": 1273100000,
        "costOfRevenue": 872500000,
        "grossProfit": 400600000,
        "grossProfitRatio": 0.314664991,
        "researchAndDevelopmentExpenses": 0,
        "generalAndAdministrativeExpenses": 217400000,
        "sellingAndMarketingExpenses": 0,
        "sellingGeneralAndAdministrativeExpenses": 217400000,
        "otherExpenses": 62400000,
        "operatingExpenses": 279800000,
        "costAndExpenses": 1152300000,
        "interestIncome": 0,
        "interestExpense": 0,
        "depreciationAndAmortization": 62400000,
        "ebitda": 161300000,
        "ebitdaratio": 0.1266986097,
        "operatingIncome": 78000000,
        "operatingIncomeRatio": 0.0612677716,
        "totalOtherIncomeExpensesNet": -29300000,
        "incomeBeforeTax": 82700000,
        "incomeBeforeTaxRatio": 0.0649595476,
        "incomeTaxExpense": 23400000,
        "netIncome": 54600000,
        "netIncomeRatio": 0.0428874401,
        "eps": 0.18,
        "epsdiluted": 0.18,
        "weightedAverageShsOut": 148592000,
        "weightedAverageShsOutDil": 148592000,
        "link": "https://www.sec.gov/Archives/edgar/data/37785/000095013196005589/0000950131-96-005589-index.html",
        "finalLink": "https://www.sec.gov/Archives/edgar/data/37785/"
    },
    {
        "date": "1996-06-30",
        "symbol": "FMC",
        "reportedCurrency": "USD",
        "cik": "0000037785",
        "fillingDate": "1996-08-14",
        "acceptedDate": "1996-08-14 00:00:00",
        "calendarYear": "1996",
        "period": "Q2",
        "revenue": 1266800000,
        "costOfRevenue": 885200000,
        "grossProfit": 381600000,
        "grossProfitRatio": 0.3012314493,
        "researchAndDevelopmentExpenses": 45400000,
        "generalAndAdministrativeExpenses": 162900000,
        "sellingAndMarketingExpenses": 0,
        "sellingGeneralAndAdministrativeExpenses": 162900000,
        "otherExpenses": 59300000,
        "operatingExpenses": 267600000,
        "costAndExpenses": 1152800000,
        "interestIncome": 0,
        "interestExpense": 0,
        "depreciationAndAmortization": 59300000,
        "ebitda": 160600000,
        "ebitdaratio": 0.1267761288,
        "operatingIncome": 78200000,
        "operatingIncomeRatio": 0.0617303442,
        "totalOtherIncomeExpensesNet": 1100000,
        "incomeBeforeTax": 79300000,
        "incomeBeforeTaxRatio": 0.0625986738,
        "incomeTaxExpense": 21900000,
        "netIncome": 56300000,
        "netIncomeRatio": 0.0444426902,
        "eps": 0.19,
        "epsdiluted": 0.19,
        "weightedAverageShsOut": 148420000,
        "weightedAverageShsOutDil": 148420000,
        "link": "https://www.sec.gov/Archives/edgar/data/37785/000095013196003960/0000950131-96-003960-index.html",
        "finalLink": "https://www.sec.gov/Archives/edgar/data/37785/"
    },
    {
        "date": "1996-03-31",
        "symbol": "FMC",
        "reportedCurrency": "USD",
        "cik": "0000037785",
        "fillingDate": "1996-04-29",
        "acceptedDate": "1996-04-29 00:00:00",
        "calendarYear": "1996",
        "period": "Q1",
        "revenue": 1144300000,
        "costOfRevenue": 747600000,
        "grossProfit": 396700000,
        "grossProfitRatio": 0.346674823,
        "researchAndDevelopmentExpenses": 43800000,
        "generalAndAdministrativeExpenses": 164200000,
        "sellingAndMarketingExpenses": 0,
        "sellingGeneralAndAdministrativeExpenses": 164200000,
        "otherExpenses": 65000000,
        "operatingExpenses": 273000000,
        "costAndExpenses": 1020600000,
        "interestIncome": 0,
        "interestExpense": 0,
        "depreciationAndAmortization": 65000000,
        "ebitda": 185900000,
        "ebitdaratio": 0.1624573975,
        "operatingIncome": 77800000,
        "operatingIncomeRatio": 0.0679891637,
        "totalOtherIncomeExpensesNet": -46100000,
        "incomeBeforeTax": 77800000,
        "incomeBeforeTaxRatio": 0.0679891637,
        "incomeTaxExpense": 22600000,
        "netIncome": 55200000,
        "netIncomeRatio": 0.0482390981,
        "eps": 0.18,
        "epsdiluted": 0.18,
        "weightedAverageShsOut": 147716000,
        "weightedAverageShsOutDil": 147716000,
        "link": "https://www.sec.gov/Archives/edgar/data/37785/000095013196001763/0000950131-96-001763-index.html",
        "finalLink": "https://www.sec.gov/Archives/edgar/data/37785/"
    },
    {
        "date": "1995-12-31",
        "symbol": "FMC",
        "reportedCurrency": "USD",
        "cik": "0000037785",
        "fillingDate": "1996-03-15",
        "acceptedDate": "1996-03-15 00:00:00",
        "calendarYear": "1995",
        "period": "Q4",
        "revenue": 1161500000,
        "costOfRevenue": 852500000,
        "grossProfit": 309000000,
        "grossProfitRatio": 0.2660352992,
        "researchAndDevelopmentExpenses": 0,
        "generalAndAdministrativeExpenses": 362400000,
        "sellingAndMarketingExpenses": 0,
        "sellingGeneralAndAdministrativeExpenses": 362400000,
        "otherExpenses": -72400000,
        "operatingExpenses": 290000000,
        "costAndExpenses": 1142500000,
        "interestIncome": 0,
        "interestExpense": 0,
        "depreciationAndAmortization": 66200000,
        "ebitda": 85200000,
        "ebitdaratio": 0.0733534223,
        "operatingIncome": 40500000,
        "operatingIncomeRatio": 0.0348687043,
        "totalOtherIncomeExpensesNet": 21500000,
        "incomeBeforeTax": 40500000,
        "incomeBeforeTaxRatio": 0.0348687043,
        "incomeTaxExpense": 12100000,
        "netIncome": 28400000,
        "netIncomeRatio": 0.0244511408,
        "eps": 0.19,
        "epsdiluted": 0.19,
        "weightedAverageShsOut": 147365640,
        "weightedAverageShsOutDil": 147716000,
        "link": "https://www.sec.gov/Archives/edgar/data/37785/000095013196001103/0000950131-96-001103-index.html",
        "finalLink": "https://www.sec.gov/Archives/edgar/data/37785/"
    },
    {
        "date": "1995-09-30",
        "symbol": "FMC",
        "reportedCurrency": "USD",
        "cik": "0000037785",
        "fillingDate": "1995-11-13",
        "acceptedDate": "1995-11-13 00:00:00",
        "calendarYear": "1995",
        "period": "Q3",
        "revenue": 1176300000,
        "costOfRevenue": 792500000,
        "grossProfit": 383800000,
        "grossProfitRatio": 0.3262773102,
        "researchAndDevelopmentExpenses": 57400000,
        "generalAndAdministrativeExpenses": 163400000,
        "sellingAndMarketingExpenses": 0,
        "sellingGeneralAndAdministrativeExpenses": 163400000,
        "otherExpenses": 65000000,
        "operatingExpenses": 285800000,
        "costAndExpenses": 1078300000,
        "interestIncome": 0,
        "interestExpense": 0,
        "depreciationAndAmortization": 65000000,
        "ebitda": 163000000,
        "ebitdaratio": 0.1385700927,
        "operatingIncome": 23000000,
        "operatingIncomeRatio": 0.0195528352,
        "totalOtherIncomeExpensesNet": -75000000,
        "incomeBeforeTax": 23000000,
        "incomeBeforeTaxRatio": 0.0195528352,
        "incomeTaxExpense": -34000000,
        "netIncome": 57000000,
        "netIncomeRatio": 0.0484570263,
        "eps": 0.19,
        "epsdiluted": 0.19,
        "weightedAverageShsOut": 146788000,
        "weightedAverageShsOutDil": 146788000,
        "link": "https://www.sec.gov/Archives/edgar/data/37785/000095013195003192/0000950131-95-003192-index.html",
        "finalLink": "https://www.sec.gov/Archives/edgar/data/37785/"
    },
    {
        "date": "1995-06-30",
        "symbol": "FMC",
        "reportedCurrency": "USD",
        "cik": "0000037785",
        "fillingDate": "1995-08-11",
        "acceptedDate": "1995-08-11 00:00:00",
        "calendarYear": "1995",
        "period": "Q2",
        "revenue": 1139800000,
        "costOfRevenue": 751300000,
        "grossProfit": 388500000,
        "grossProfitRatio": 0.3408492718,
        "researchAndDevelopmentExpenses": 42900000,
        "generalAndAdministrativeExpenses": 151100000,
        "sellingAndMarketingExpenses": 0,
        "sellingGeneralAndAdministrativeExpenses": 151100000,
        "otherExpenses": 58800000,
        "operatingExpenses": 252800000,
        "costAndExpenses": 1004100000,
        "interestIncome": 0,
        "interestExpense": 0,
        "depreciationAndAmortization": 58800000,
        "ebitda": 194500000,
        "ebitdaratio": 0.1706439726,
        "operatingIncome": 108400000,
        "operatingIncomeRatio": 0.0951044043,
        "totalOtherIncomeExpensesNet": -27300000,
        "incomeBeforeTax": 108400000,
        "incomeBeforeTaxRatio": 0.0951044043,
        "incomeTaxExpense": 30700000,
        "netIncome": 77700000,
        "netIncomeRatio": 0.0681698544,
        "eps": 0.26,
        "epsdiluted": 0.26,
        "weightedAverageShsOut": 146196000,
        "weightedAverageShsOutDil": 146196000,
        "link": "https://www.sec.gov/Archives/edgar/data/37785/000095013195002170/0000950131-95-002170-index.html",
        "finalLink": "https://www.sec.gov/Archives/edgar/data/37785/"
    },
    {
        "date": "1995-03-31",
        "symbol": "FMC",
        "reportedCurrency": "USD",
        "cik": "0000037785",
        "fillingDate": "1995-05-11",
        "acceptedDate": "1995-05-11 00:00:00",
        "calendarYear": "1995",
        "period": "Q1",
        "revenue": 1032100000,
        "costOfRevenue": 686900000,
        "grossProfit": 345200000,
        "grossProfitRatio": 0.3344637148,
        "researchAndDevelopmentExpenses": 38300000,
        "generalAndAdministrativeExpenses": 140800000,
        "sellingAndMarketingExpenses": 0,
        "sellingGeneralAndAdministrativeExpenses": 140800000,
        "otherExpenses": 58900000,
        "operatingExpenses": 238000000,
        "costAndExpenses": 924900000,
        "interestIncome": 0,
        "interestExpense": 0,
        "depreciationAndAmortization": 58900000,
        "ebitda": 166100000,
        "ebitdaratio": 0.160934018,
        "operatingIncome": 74900000,
        "operatingIncomeRatio": 0.0725704874,
        "totalOtherIncomeExpensesNet": -32300000,
        "incomeBeforeTax": 74900000,
        "incomeBeforeTaxRatio": 0.0725704874,
        "incomeTaxExpense": 22500000,
        "netIncome": 52400000,
        "netIncomeRatio": 0.0507702742,
        "eps": 0.18,
        "epsdiluted": 0.17,
        "weightedAverageShsOut": 146196000,
        "weightedAverageShsOutDil": 146196000,
        "link": "https://www.sec.gov/Archives/edgar/data/37785/000095013195001229/0000950131-95-001229-index.html",
        "finalLink": "https://www.sec.gov/Archives/edgar/data/37785/"
    },
    {
        "date": "1994-12-31",
        "symbol": "FMC",
        "reportedCurrency": "USD",
        "cik": "0000037785",
        "fillingDate": "1995-03-29",
        "acceptedDate": "1995-03-29 00:00:00",
        "calendarYear": "1994",
        "period": "Q4",
        "revenue": 1039100000,
        "costOfRevenue": 724600000,
        "grossProfit": 314500000,
        "grossProfitRatio": 0.3026657685,
        "researchAndDevelopmentExpenses": 49200000,
        "generalAndAdministrativeExpenses": 149700000,
        "sellingAndMarketingExpenses": 0,
        "sellingGeneralAndAdministrativeExpenses": 149700000,
        "otherExpenses": 63200000,
        "operatingExpenses": 262100000,
        "costAndExpenses": 986700000,
        "interestIncome": 0,
        "interestExpense": 0,
        "depreciationAndAmortization": 63200000,
        "ebitda": 115600000,
        "ebitdaratio": 0.1112501203,
        "operatingIncome": 37700000,
        "operatingIncomeRatio": 0.0362813974,
        "totalOtherIncomeExpensesNet": -14700000,
        "incomeBeforeTax": 37700000,
        "incomeBeforeTaxRatio": 0.0362813974,
        "incomeTaxExpense": 12400000,
        "netIncome": 25300000,
        "netIncomeRatio": 0.0243479935,
        "eps": 0.17,
        "epsdiluted": 0.17,
        "weightedAverageShsOut": 146175340,
        "weightedAverageShsOutDil": 146196000,
        "link": "https://www.sec.gov/Archives/edgar/data/37785/000095013195000767/0000950131-95-000767-index.html",
        "finalLink": "https://www.sec.gov/Archives/edgar/data/37785/"
    },
    {
        "date": "1994-09-30",
        "symbol": "FMC",
        "reportedCurrency": "USD",
        "cik": "0000037785",
        "fillingDate": "1994-11-14",
        "acceptedDate": "1994-11-14 00:00:00",
        "calendarYear": "1994",
        "period": "Q3",
        "revenue": 1009600000,
        "costOfRevenue": 693800000,
        "grossProfit": 315800000,
        "grossProfitRatio": 0.3127971474,
        "researchAndDevelopmentExpenses": 40600000,
        "generalAndAdministrativeExpenses": 149000000,
        "sellingAndMarketingExpenses": 0,
        "sellingGeneralAndAdministrativeExpenses": 149000000,
        "otherExpenses": 56300000,
        "operatingExpenses": 245900000,
        "costAndExpenses": 939700000,
        "interestIncome": 0,
        "interestExpense": 0,
        "depreciationAndAmortization": 56300000,
        "ebitda": 126200000,
        "ebitdaratio": 0.125,
        "operatingIncome": 47900000,
        "operatingIncomeRatio": 0.0474445325,
        "totalOtherIncomeExpensesNet": -22000000,
        "incomeBeforeTax": 47900000,
        "incomeBeforeTaxRatio": 0.0474445325,
        "incomeTaxExpense": 13200000,
        "netIncome": 34700000,
        "netIncomeRatio": 0.0343700475,
        "eps": 0.12,
        "epsdiluted": 0.12,
        "weightedAverageShsOut": 145848000,
        "weightedAverageShsOutDil": 145848000,
        "link": "https://www.sec.gov/Archives/edgar/data/37785/000095013194001770/0000950131-94-001770-index.html",
        "finalLink": "https://www.sec.gov/Archives/edgar/data/37785/"
    },
    {
        "date": "1994-06-30",
        "symbol": "FMC",
        "reportedCurrency": "USD",
        "cik": "0000037785",
        "fillingDate": "1994-08-12",
        "acceptedDate": "1994-08-12 00:00:00",
        "calendarYear": "1994",
        "period": "Q2",
        "revenue": 1053800000,
        "costOfRevenue": 693200000,
        "grossProfit": 360600000,
        "grossProfitRatio": 0.3421901689,
        "researchAndDevelopmentExpenses": 38900000,
        "generalAndAdministrativeExpenses": 146500000,
        "sellingAndMarketingExpenses": 0,
        "sellingGeneralAndAdministrativeExpenses": 146500000,
        "otherExpenses": 55600000,
        "operatingExpenses": 241000000,
        "costAndExpenses": 934200000,
        "interestIncome": 0,
        "interestExpense": 0,
        "depreciationAndAmortization": 55600000,
        "ebitda": 175200000,
        "ebitdaratio": 0.1662554564,
        "operatingIncome": 99000000,
        "operatingIncomeRatio": 0.0939457203,
        "totalOtherIncomeExpensesNet": -20600000,
        "incomeBeforeTax": 99000000,
        "incomeBeforeTaxRatio": 0.0939457203,
        "incomeTaxExpense": 31700000,
        "netIncome": 67300000,
        "netIncomeRatio": 0.0638641108,
        "eps": 0.23,
        "epsdiluted": 0.23,
        "weightedAverageShsOut": 145500000,
        "weightedAverageShsOutDil": 145500000,
        "link": "https://www.sec.gov/Archives/edgar/data/37785/000003778594000016/0000037785-94-000016-index.html",
        "finalLink": "https://www.sec.gov/Archives/edgar/data/37785/"
    },
    {
        "date": "1994-03-31",
        "symbol": "FMC",
        "reportedCurrency": "USD",
        "cik": "0000037785",
        "fillingDate": "1994-05-13",
        "acceptedDate": "1994-05-13 00:00:00",
        "calendarYear": "1994",
        "period": "Q1",
        "revenue": 908300000,
        "costOfRevenue": 601000000,
        "grossProfit": 307300000,
        "grossProfitRatio": 0.3383243422,
        "researchAndDevelopmentExpenses": 0,
        "generalAndAdministrativeExpenses": 180700000,
        "sellingAndMarketingExpenses": 0,
        "sellingGeneralAndAdministrativeExpenses": 180700000,
        "otherExpenses": 53900000,
        "operatingExpenses": 234600000,
        "costAndExpenses": 835600000,
        "interestIncome": 0,
        "interestExpense": 0,
        "depreciationAndAmortization": 53900000,
        "ebitda": 126600000,
        "ebitdaratio": 0.1393812617,
        "operatingIncome": 67800000,
        "operatingIncomeRatio": 0.0746449411,
        "totalOtherIncomeExpensesNet": -4900000,
        "incomeBeforeTax": 67800000,
        "incomeBeforeTaxRatio": 0.0746449411,
        "incomeTaxExpense": 21700000,
        "netIncome": 46100000,
        "netIncomeRatio": 0.0507541561,
        "eps": 0.16,
        "epsdiluted": 0.16,
        "weightedAverageShsOut": 145124000,
        "weightedAverageShsOutDil": 145124000,
        "link": "https://www.sec.gov/Archives/edgar/data/37785/000003778594000008/0000037785-94-000008-index.html",
        "finalLink": "https://www.sec.gov/Archives/edgar/data/37785/"
    },
    {
        "date": "1993-12-31",
        "symbol": "FMC",
        "reportedCurrency": "USD",
        "cik": "0000037785",
        "fillingDate": "1994-03-31",
        "acceptedDate": "1994-03-31 00:00:00",
        "calendarYear": "1993",
        "period": "Q4",
        "revenue": 946400000,
        "costOfRevenue": 676200000,
        "grossProfit": 270200000,
        "grossProfitRatio": 0.2855029586,
        "researchAndDevelopmentExpenses": 0,
        "generalAndAdministrativeExpenses": 0,
        "sellingAndMarketingExpenses": 0,
        "sellingGeneralAndAdministrativeExpenses": 362100000,
        "otherExpenses": 61400000,
        "operatingExpenses": 423500000,
        "costAndExpenses": 1099700000,
        "interestIncome": 0,
        "interestExpense": 0,
        "depreciationAndAmortization": 61400000,
        "ebitda": -91900000,
        "ebitdaratio": -0.0971048183,
        "operatingIncome": -154500000,
        "operatingIncomeRatio": -0.1632502113,
        "totalOtherIncomeExpensesNet": -1200000,
        "incomeBeforeTax": -154500000,
        "incomeBeforeTaxRatio": -0.1632502113,
        "incomeTaxExpense": -52200000,
        "netIncome": -102300000,
        "netIncomeRatio": -0.1080938292,
        "eps": -0.71,
        "epsdiluted": -0.71,
        "weightedAverageShsOut": 143956000,
        "weightedAverageShsOutDil": 143956000,
        "link": "https://www.sec.gov/Archives/edgar/data/37785/000003778594000004/0000037785-94-000004-index.html",
        "finalLink": "https://www.sec.gov/Archives/edgar/data/37785/"
    },
    {
        "date": "1993-09-30",
        "symbol": "FMC",
        "reportedCurrency": "USD",
        "cik": "0000037785",
        "fillingDate": "1993-09-30",
        "acceptedDate": "1993-09-30 00:00:00",
        "calendarYear": "1993",
        "period": "Q3",
        "revenue": 926500000,
        "costOfRevenue": 651900000,
        "grossProfit": 274600000,
        "grossProfitRatio": 0.2963842418,
        "researchAndDevelopmentExpenses": 0,
        "generalAndAdministrativeExpenses": 0,
        "sellingAndMarketingExpenses": 0,
        "sellingGeneralAndAdministrativeExpenses": 169500000,
        "otherExpenses": 52400000,
        "operatingExpenses": 221900000,
        "costAndExpenses": 873800000,
        "interestIncome": 0,
        "interestExpense": 0,
        "depreciationAndAmortization": 52400000,
        "ebitda": 105100000,
        "ebitdaratio": 0.1134376686,
        "operatingIncome": 45700000,
        "operatingIncomeRatio": 0.0493254182,
        "totalOtherIncomeExpensesNet": -7000000,
        "incomeBeforeTax": 45700000,
        "incomeBeforeTaxRatio": 0.0493254182,
        "incomeTaxExpense": 10400000,
        "netIncome": 35300000,
        "netIncomeRatio": 0.0381003778,
        "eps": 0.12,
        "epsdiluted": 0.12,
        "weightedAverageShsOut": 143956000,
        "weightedAverageShsOutDil": 143956000,
        "link": null,
        "finalLink": null
    },
    {
        "date": "1993-06-30",
        "symbol": "FMC",
        "reportedCurrency": "USD",
        "cik": "0000037785",
        "fillingDate": "1993-06-30",
        "acceptedDate": "1993-06-30 00:00:00",
        "calendarYear": "1993",
        "period": "Q2",
        "revenue": 979300000,
        "costOfRevenue": 673600000,
        "grossProfit": 305700000,
        "grossProfitRatio": 0.3121617482,
        "researchAndDevelopmentExpenses": 0,
        "generalAndAdministrativeExpenses": 0,
        "sellingAndMarketingExpenses": 0,
        "sellingGeneralAndAdministrativeExpenses": 167100000,
        "otherExpenses": 53600000,
        "operatingExpenses": 220700000,
        "costAndExpenses": 894300000,
        "interestIncome": 0,
        "interestExpense": 0,
        "depreciationAndAmortization": 53600000,
        "ebitda": 138600000,
        "ebitdaratio": 0.141529664,
        "operatingIncome": 80200000,
        "operatingIncomeRatio": 0.0818952313,
        "totalOtherIncomeExpensesNet": -100000,
        "incomeBeforeTax": 84900000,
        "incomeBeforeTaxRatio": 0.0866945778,
        "incomeTaxExpense": 22300000,
        "netIncome": 57900000,
        "netIncomeRatio": 0.059123864,
        "eps": 0.2,
        "epsdiluted": 0.19,
        "weightedAverageShsOut": 143900000,
        "weightedAverageShsOutDil": 143900000,
        "link": null,
        "finalLink": null
    },
    {
        "date": "1993-03-31",
        "symbol": "FMC",
        "reportedCurrency": "USD",
        "cik": "0000037785",
        "fillingDate": "1993-03-31",
        "acceptedDate": "1993-03-31 00:00:00",
        "calendarYear": "1993",
        "period": "Q1",
        "revenue": 901700000,
        "costOfRevenue": 606900000,
        "grossProfit": 294800000,
        "grossProfitRatio": 0.326938006,
        "researchAndDevelopmentExpenses": 0,
        "generalAndAdministrativeExpenses": 0,
        "sellingAndMarketingExpenses": 0,
        "sellingGeneralAndAdministrativeExpenses": 162200000,
        "otherExpenses": 59200000,
        "operatingExpenses": 221400000,
        "costAndExpenses": 828300000,
        "interestIncome": 0,
        "interestExpense": 0,
        "depreciationAndAmortization": 59200000,
        "ebitda": 132600000,
        "ebitdaratio": 0.1470555617,
        "operatingIncome": 61700000,
        "operatingIncomeRatio": 0.0684263059,
        "totalOtherIncomeExpensesNet": -11700000,
        "incomeBeforeTax": 61700000,
        "incomeBeforeTaxRatio": 0.0684263059,
        "incomeTaxExpense": 16300000,
        "netIncome": 45400000,
        "netIncomeRatio": 0.0503493401,
        "eps": 0.15,
        "epsdiluted": 0.15,
        "weightedAverageShsOut": 143752000,
        "weightedAverageShsOutDil": 143752000,
        "link": null,
        "finalLink": null
    },
    {
        "date": "1992-12-31",
        "symbol": "FMC",
        "reportedCurrency": "USD",
        "cik": "0000037785",
        "fillingDate": "1992-12-31",
        "acceptedDate": "1992-12-31 00:00:00",
        "calendarYear": "1992",
        "period": "Q4",
        "revenue": 1002500000,
        "costOfRevenue": 704400000,
        "grossProfit": 298100000,
        "grossProfitRatio": 0.2973566085,
        "researchAndDevelopmentExpenses": 0,
        "generalAndAdministrativeExpenses": 0,
        "sellingAndMarketingExpenses": 0,
        "sellingGeneralAndAdministrativeExpenses": 188900000,
        "otherExpenses": 60900000,
        "operatingExpenses": 249800000,
        "costAndExpenses": 954200000,
        "interestIncome": 0,
        "interestExpense": 0,
        "depreciationAndAmortization": 60900000,
        "ebitda": 109200000,
        "ebitdaratio": 0.1089276808,
        "operatingIncome": -203400000,
        "operatingIncomeRatio": -0.2028927681,
        "totalOtherIncomeExpensesNet": 5200000,
        "incomeBeforeTax": 53500000,
        "incomeBeforeTaxRatio": 0.0533665835,
        "incomeTaxExpense": 23200000,
        "netIncome": -226600000,
        "netIncomeRatio": -0.2260349127,
        "eps": -1.59,
        "epsdiluted": -1.59,
        "weightedAverageShsOut": 142664000,
        "weightedAverageShsOutDil": 142664000,
        "link": null,
        "finalLink": null
    },
    {
        "date": "1992-09-30",
        "symbol": "FMC",
        "reportedCurrency": "USD",
        "cik": "0000037785",
        "fillingDate": "1992-09-30",
        "acceptedDate": "1992-09-30 00:00:00",
        "calendarYear": "1992",
        "period": "Q3",
        "revenue": 976300000,
        "costOfRevenue": 688000000,
        "grossProfit": 288300000,
        "grossProfitRatio": 0.2952985763,
        "researchAndDevelopmentExpenses": 0,
        "generalAndAdministrativeExpenses": 0,
        "sellingAndMarketingExpenses": 0,
        "sellingGeneralAndAdministrativeExpenses": 161600000,
        "otherExpenses": 58100000,
        "operatingExpenses": 219700000,
        "costAndExpenses": 907700000,
        "interestIncome": 0,
        "interestExpense": 0,
        "depreciationAndAmortization": 58100000,
        "ebitda": 126700000,
        "ebitdaratio": 0.1297756837,
        "operatingIncome": 51800000,
        "operatingIncomeRatio": 0.0530574618,
        "totalOtherIncomeExpensesNet": -14600000,
        "incomeBeforeTax": 54000000,
        "incomeBeforeTaxRatio": 0.0553108676,
        "incomeTaxExpense": 11800000,
        "netIncome": 40000000,
        "netIncomeRatio": 0.040971013,
        "eps": 0.14,
        "epsdiluted": 0.13,
        "weightedAverageShsOut": 142664000,
        "weightedAverageShsOutDil": 142664000,
        "link": null,
        "finalLink": null
    },
    {
        "date": "1992-06-30",
        "symbol": "FMC",
        "reportedCurrency": "USD",
        "cik": "0000037785",
        "fillingDate": "1992-06-30",
        "acceptedDate": "1992-06-30 00:00:00",
        "calendarYear": "1992",
        "period": "Q2",
        "revenue": 1061100000,
        "costOfRevenue": 728100000,
        "grossProfit": 333000000,
        "grossProfitRatio": 0.3138252757,
        "researchAndDevelopmentExpenses": 0,
        "generalAndAdministrativeExpenses": 0,
        "sellingAndMarketingExpenses": 0,
        "sellingGeneralAndAdministrativeExpenses": 174500000,
        "otherExpenses": 58500000,
        "operatingExpenses": 233000000,
        "costAndExpenses": 961100000,
        "interestIncome": 0,
        "interestExpense": 0,
        "depreciationAndAmortization": 58500000,
        "ebitda": 158500000,
        "ebitdaratio": 0.1493732919,
        "operatingIncome": 95000000,
        "operatingIncomeRatio": 0.0895297333,
        "totalOtherIncomeExpensesNet": -5000000,
        "incomeBeforeTax": 95000000,
        "incomeBeforeTaxRatio": 0.0895297333,
        "incomeTaxExpense": 29600000,
        "netIncome": 65400000,
        "netIncomeRatio": 0.0616341532,
        "eps": 0.22,
        "epsdiluted": 0.21,
        "weightedAverageShsOut": 142532000,
        "weightedAverageShsOutDil": 142532000,
        "link": null,
        "finalLink": null
    },
    {
        "date": "1992-03-31",
        "symbol": "FMC",
        "reportedCurrency": "USD",
        "cik": "0000037785",
        "fillingDate": "1992-03-31",
        "acceptedDate": "1992-03-31 00:00:00",
        "calendarYear": "1992",
        "period": "Q1",
        "revenue": 933900000,
        "costOfRevenue": 634300000,
        "grossProfit": 299600000,
        "grossProfitRatio": 0.3208052254,
        "researchAndDevelopmentExpenses": 0,
        "generalAndAdministrativeExpenses": 0,
        "sellingAndMarketingExpenses": 0,
        "sellingGeneralAndAdministrativeExpenses": 153900000,
        "otherExpenses": 55600000,
        "operatingExpenses": 209500000,
        "costAndExpenses": 843800000,
        "interestIncome": 0,
        "interestExpense": 0,
        "depreciationAndAmortization": 55600000,
        "ebitda": 145700000,
        "ebitdaratio": 0.156012421,
        "operatingIncome": 67800000,
        "operatingIncomeRatio": 0.0725987793,
        "totalOtherIncomeExpensesNet": -13100000,
        "incomeBeforeTax": 77000000,
        "incomeBeforeTaxRatio": 0.0824499411,
        "incomeTaxExpense": 22300000,
        "netIncome": 45500000,
        "netIncomeRatio": 0.0487204197,
        "eps": 0.16,
        "epsdiluted": 0.15,
        "weightedAverageShsOut": 142032000,
        "weightedAverageShsOutDil": 142032000,
        "link": null,
        "finalLink": null
    },
    {
        "date": "1991-12-31",
        "symbol": "FMC",
        "reportedCurrency": "USD",
        "cik": "0000037785",
        "fillingDate": "1991-12-31",
        "acceptedDate": "1991-12-31 00:00:00",
        "calendarYear": "1991",
        "period": "Q4",
        "revenue": 1007900000,
        "costOfRevenue": 728200000,
        "grossProfit": 279700000,
        "grossProfitRatio": 0.2775076893,
        "researchAndDevelopmentExpenses": 0,
        "generalAndAdministrativeExpenses": 0,
        "sellingAndMarketingExpenses": 0,
        "sellingGeneralAndAdministrativeExpenses": 174000000,
        "otherExpenses": 59600000,
        "operatingExpenses": 233600000,
        "costAndExpenses": 961800000,
        "interestIncome": 0,
        "interestExpense": 0,
        "depreciationAndAmortization": 59600000,
        "ebitda": 105700000,
        "ebitdaratio": 0.104871515,
        "operatingIncome": 48500000,
        "operatingIncomeRatio": 0.0481198532,
        "totalOtherIncomeExpensesNet": 2400000,
        "incomeBeforeTax": 48500000,
        "incomeBeforeTaxRatio": 0.0481198532,
        "incomeTaxExpense": 18300000,
        "netIncome": 30200000,
        "netIncomeRatio": 0.02996329,
        "eps": 0.21,
        "epsdiluted": 0.21,
        "weightedAverageShsOut": 140524000,
        "weightedAverageShsOutDil": 140524000,
        "link": null,
        "finalLink": null
    },
    {
        "date": "1991-09-30",
        "symbol": "FMC",
        "reportedCurrency": "USD",
        "cik": "0000037785",
        "fillingDate": "1991-09-30",
        "acceptedDate": "1991-09-30 00:00:00",
        "calendarYear": "1991",
        "period": "Q3",
        "revenue": 967400000,
        "costOfRevenue": 681500000,
        "grossProfit": 285900000,
        "grossProfitRatio": 0.2955344222,
        "researchAndDevelopmentExpenses": 0,
        "generalAndAdministrativeExpenses": 0,
        "sellingAndMarketingExpenses": 0,
        "sellingGeneralAndAdministrativeExpenses": 151100000,
        "otherExpenses": 55900000,
        "operatingExpenses": 207000000,
        "costAndExpenses": 888500000,
        "interestIncome": 0,
        "interestExpense": 0,
        "depreciationAndAmortization": 55900000,
        "ebitda": 134800000,
        "ebitdaratio": 0.1393425677,
        "operatingIncome": 60500000,
        "operatingIncomeRatio": 0.0625387637,
        "totalOtherIncomeExpensesNet": -18400000,
        "incomeBeforeTax": 60500000,
        "incomeBeforeTaxRatio": 0.0625387637,
        "incomeTaxExpense": 18800000,
        "netIncome": 41700000,
        "netIncomeRatio": 0.0431052305,
        "eps": 0.14,
        "epsdiluted": 0.14,
        "weightedAverageShsOut": 140524000,
        "weightedAverageShsOutDil": 140524000,
        "link": null,
        "finalLink": null
    },
    {
        "date": "1991-06-30",
        "symbol": "FMC",
        "reportedCurrency": "USD",
        "cik": "0000037785",
        "fillingDate": "1991-06-30",
        "acceptedDate": "1991-06-30 00:00:00",
        "calendarYear": "1991",
        "period": "Q2",
        "revenue": 1046700000,
        "costOfRevenue": 710200000,
        "grossProfit": 336500000,
        "grossProfitRatio": 0.3214865769,
        "researchAndDevelopmentExpenses": 0,
        "generalAndAdministrativeExpenses": 0,
        "sellingAndMarketingExpenses": 0,
        "sellingGeneralAndAdministrativeExpenses": 160100000,
        "otherExpenses": 54700000,
        "operatingExpenses": 214800000,
        "costAndExpenses": 925000000,
        "interestIncome": 0,
        "interestExpense": 0,
        "depreciationAndAmortization": 54700000,
        "ebitda": 176400000,
        "ebitdaratio": 0.1685296647,
        "operatingIncome": 90500000,
        "operatingIncomeRatio": 0.0864622146,
        "totalOtherIncomeExpensesNet": -31200000,
        "incomeBeforeTax": 90500000,
        "incomeBeforeTaxRatio": 0.0864622146,
        "incomeTaxExpense": 28000000,
        "netIncome": 62500000,
        "netIncomeRatio": 0.0597114742,
        "eps": 0.22,
        "epsdiluted": 0.21,
        "weightedAverageShsOut": 140280000,
        "weightedAverageShsOutDil": 140280000,
        "link": null,
        "finalLink": null
    },
    {
        "date": "1991-03-31",
        "symbol": "FMC",
        "reportedCurrency": "USD",
        "cik": "0000037785",
        "fillingDate": "1991-03-31",
        "acceptedDate": "1991-03-31 00:00:00",
        "calendarYear": "1991",
        "period": "Q1",
        "revenue": 877400000,
        "costOfRevenue": 598900000,
        "grossProfit": 278500000,
        "grossProfitRatio": 0.31741509,
        "researchAndDevelopmentExpenses": 0,
        "generalAndAdministrativeExpenses": 0,
        "sellingAndMarketingExpenses": 0,
        "sellingGeneralAndAdministrativeExpenses": 145800000,
        "otherExpenses": 54700000,
        "operatingExpenses": 200500000,
        "costAndExpenses": 799400000,
        "interestIncome": 0,
        "interestExpense": 0,
        "depreciationAndAmortization": 54700000,
        "ebitda": 132700000,
        "ebitdaratio": 0.1512423068,
        "operatingIncome": 56400000,
        "operatingIncomeRatio": 0.0642808297,
        "totalOtherIncomeExpensesNet": -21600000,
        "incomeBeforeTax": 56400000,
        "incomeBeforeTaxRatio": 0.0642808297,
        "incomeTaxExpense": 17700000,
        "netIncome": 38700000,
        "netIncomeRatio": 0.0441075906,
        "eps": 0.13,
        "epsdiluted": 0.13,
        "weightedAverageShsOut": 139432000,
        "weightedAverageShsOutDil": 139432000,
        "link": null,
        "finalLink": null
    },
    {
        "date": "1990-12-31",
        "symbol": "FMC",
        "reportedCurrency": "USD",
        "cik": "0000037785",
        "fillingDate": "1990-12-31",
        "acceptedDate": "1990-12-31 00:00:00",
        "calendarYear": "1990",
        "period": "Q4",
        "revenue": 980500000,
        "costOfRevenue": 711600000,
        "grossProfit": 268900000,
        "grossProfitRatio": 0.2742478327,
        "researchAndDevelopmentExpenses": 0,
        "generalAndAdministrativeExpenses": 0,
        "sellingAndMarketingExpenses": 0,
        "sellingGeneralAndAdministrativeExpenses": 163200000,
        "otherExpenses": 59700000,
        "operatingExpenses": 222900000,
        "costAndExpenses": 934500000,
        "interestIncome": 0,
        "interestExpense": 0,
        "depreciationAndAmortization": 59700000,
        "ebitda": 105700000,
        "ebitdaratio": 0.1078021418,
        "operatingIncome": 25900000,
        "operatingIncomeRatio": 0.0264150943,
        "totalOtherIncomeExpensesNet": -20100000,
        "incomeBeforeTax": 25900000,
        "incomeBeforeTaxRatio": 0.0264150943,
        "incomeTaxExpense": -1200000,
        "netIncome": 27100000,
        "netIncomeRatio": 0.0276389597,
        "eps": 0.19,
        "epsdiluted": 0.19,
        "weightedAverageShsOut": 139052000,
        "weightedAverageShsOutDil": 139836000,
        "link": null,
        "finalLink": null
    },
    {
        "date": "1990-09-30",
        "symbol": "FMC",
        "reportedCurrency": "USD",
        "cik": "0000037785",
        "fillingDate": "1990-09-30",
        "acceptedDate": "1990-09-30 00:00:00",
        "calendarYear": "1990",
        "period": "Q3",
        "revenue": 941000000,
        "costOfRevenue": 649900000,
        "grossProfit": 291100000,
        "grossProfitRatio": 0.3093517535,
        "researchAndDevelopmentExpenses": 0,
        "generalAndAdministrativeExpenses": 0,
        "sellingAndMarketingExpenses": 0,
        "sellingGeneralAndAdministrativeExpenses": 162700000,
        "otherExpenses": 48900000,
        "operatingExpenses": 211600000,
        "costAndExpenses": 861500000,
        "interestIncome": 0,
        "interestExpense": 0,
        "depreciationAndAmortization": 48900000,
        "ebitda": 128400000,
        "ebitdaratio": 0.1364505845,
        "operatingIncome": 51400000,
        "operatingIncomeRatio": 0.0546227418,
        "totalOtherIncomeExpensesNet": -28100000,
        "incomeBeforeTax": 51400000,
        "incomeBeforeTaxRatio": 0.0546227418,
        "incomeTaxExpense": 15900000,
        "netIncome": 35500000,
        "netIncomeRatio": 0.0377258236,
        "eps": 0.12,
        "epsdiluted": 0.12,
        "weightedAverageShsOut": 139836000,
        "weightedAverageShsOutDil": 139836000,
        "link": null,
        "finalLink": null
    },
    {
        "date": "1990-06-30",
        "symbol": "FMC",
        "reportedCurrency": "USD",
        "cik": "0000037785",
        "fillingDate": "1990-06-30",
        "acceptedDate": "1990-06-30 00:00:00",
        "calendarYear": "1990",
        "period": "Q2",
        "revenue": 987300000,
        "costOfRevenue": 665900000,
        "grossProfit": 321400000,
        "grossProfitRatio": 0.3255342854,
        "researchAndDevelopmentExpenses": 0,
        "generalAndAdministrativeExpenses": 0,
        "sellingAndMarketingExpenses": 0,
        "sellingGeneralAndAdministrativeExpenses": 164700000,
        "otherExpenses": 52800000,
        "operatingExpenses": 217500000,
        "costAndExpenses": 883400000,
        "interestIncome": 0,
        "interestExpense": 0,
        "depreciationAndAmortization": 52800000,
        "ebitda": 156700000,
        "ebitdaratio": 0.1587156893,
        "operatingIncome": 79900000,
        "operatingIncomeRatio": 0.0809277828,
        "totalOtherIncomeExpensesNet": -24000000,
        "incomeBeforeTax": 79900000,
        "incomeBeforeTaxRatio": 0.0809277828,
        "incomeTaxExpense": 25200000,
        "netIncome": 54700000,
        "netIncomeRatio": 0.0554036261,
        "eps": 0.19,
        "epsdiluted": 0.19,
        "weightedAverageShsOut": 139412000,
        "weightedAverageShsOutDil": 139412000,
        "link": null,
        "finalLink": null
    },
    {
        "date": "1990-03-31",
        "symbol": "FMC",
        "reportedCurrency": "USD",
        "cik": "0000037785",
        "fillingDate": "1990-03-31",
        "acceptedDate": "1990-03-31 00:00:00",
        "calendarYear": "1990",
        "period": "Q1",
        "revenue": 813500000,
        "costOfRevenue": 532600000,
        "grossProfit": 280900000,
        "grossProfitRatio": 0.3452980947,
        "researchAndDevelopmentExpenses": 0,
        "generalAndAdministrativeExpenses": 0,
        "sellingAndMarketingExpenses": 0,
        "sellingGeneralAndAdministrativeExpenses": 153300000,
        "otherExpenses": 49800000,
        "operatingExpenses": 203100000,
        "costAndExpenses": 735700000,
        "interestIncome": 0,
        "interestExpense": 0,
        "depreciationAndAmortization": 49800000,
        "ebitda": 127600000,
        "ebitdaratio": 0.1568531039,
        "operatingIncome": 54300000,
        "operatingIncomeRatio": 0.0667486171,
        "totalOtherIncomeExpensesNet": -23500000,
        "incomeBeforeTax": 54300000,
        "incomeBeforeTaxRatio": 0.0667486171,
        "incomeTaxExpense": 16300000,
        "netIncome": 38000000,
        "netIncomeRatio": 0.0467117394,
        "eps": 0.13,
        "epsdiluted": 0.13,
        "weightedAverageShsOut": 138400000,
        "weightedAverageShsOutDil": 138400000,
        "link": null,
        "finalLink": null
    },
    {
        "date": "1989-12-31",
        "symbol": "FMC",
        "reportedCurrency": "USD",
        "cik": "0000037785",
        "fillingDate": "1989-12-31",
        "acceptedDate": "1989-12-31 00:00:00",
        "calendarYear": "1989",
        "period": "Q4",
        "revenue": 822700000,
        "costOfRevenue": 446600000,
        "grossProfit": 376100000,
        "grossProfitRatio": 0.4571532758,
        "researchAndDevelopmentExpenses": 0,
        "generalAndAdministrativeExpenses": 0,
        "sellingAndMarketingExpenses": 0,
        "sellingGeneralAndAdministrativeExpenses": 268000000,
        "otherExpenses": 64500000,
        "operatingExpenses": 332500000,
        "costAndExpenses": 779100000,
        "interestIncome": 0,
        "interestExpense": 0,
        "depreciationAndAmortization": 64500000,
        "ebitda": 108100000,
        "ebitdaratio": 0.1313966209,
        "operatingIncome": 33200000,
        "operatingIncomeRatio": 0.0403549289,
        "totalOtherIncomeExpensesNet": -10400000,
        "incomeBeforeTax": 33200000,
        "incomeBeforeTaxRatio": 0.0403549289,
        "incomeTaxExpense": 900000,
        "netIncome": 32300000,
        "netIncomeRatio": 0.03926097,
        "eps": 0.23,
        "epsdiluted": 0.23,
        "weightedAverageShsOut": 137908000,
        "weightedAverageShsOutDil": 137908000,
        "link": null,
        "finalLink": null
    },
    {
        "date": "1989-09-30",
        "symbol": "FMC",
        "reportedCurrency": "USD",
        "cik": "0000037785",
        "fillingDate": "1989-09-30",
        "acceptedDate": "1989-09-30 00:00:00",
        "calendarYear": "1989",
        "period": "Q3",
        "revenue": 837600000,
        "costOfRevenue": 610800000,
        "grossProfit": 226800000,
        "grossProfitRatio": 0.270773639,
        "researchAndDevelopmentExpenses": 0,
        "generalAndAdministrativeExpenses": 0,
        "sellingAndMarketingExpenses": 0,
        "sellingGeneralAndAdministrativeExpenses": 107000000,
        "otherExpenses": 44400000,
        "operatingExpenses": 151400000,
        "costAndExpenses": 762200000,
        "interestIncome": 0,
        "interestExpense": 0,
        "depreciationAndAmortization": 44400000,
        "ebitda": 119800000,
        "ebitdaratio": 0.1430276982,
        "operatingIncome": 51800000,
        "operatingIncomeRatio": 0.061843362,
        "totalOtherIncomeExpensesNet": -23600000,
        "incomeBeforeTax": 51800000,
        "incomeBeforeTaxRatio": 0.061843362,
        "incomeTaxExpense": 17000000,
        "netIncome": 34800000,
        "netIncomeRatio": 0.0415472779,
        "eps": 0.12,
        "epsdiluted": 0.12,
        "weightedAverageShsOut": 137908000,
        "weightedAverageShsOutDil": 137908000,
        "link": null,
        "finalLink": null
    },
    {
        "date": "1989-06-30",
        "symbol": "FMC",
        "reportedCurrency": "USD",
        "cik": "0000037785",
        "fillingDate": "1989-06-30",
        "acceptedDate": "1989-06-30 00:00:00",
        "calendarYear": "1989",
        "period": "Q2",
        "revenue": 917100000,
        "costOfRevenue": 0,
        "grossProfit": 917100000,
        "grossProfitRatio": 1,
        "researchAndDevelopmentExpenses": 0,
        "generalAndAdministrativeExpenses": 0,
        "sellingAndMarketingExpenses": 0,
        "sellingGeneralAndAdministrativeExpenses": 0,
        "otherExpenses": 0,
        "operatingExpenses": 0,
        "costAndExpenses": 0,
        "interestIncome": 0,
        "interestExpense": 0,
        "depreciationAndAmortization": 0,
        "ebitda": 917100000,
        "ebitdaratio": 1,
        "operatingIncome": 917100000,
        "operatingIncomeRatio": 1,
        "totalOtherIncomeExpensesNet": -917100000,
        "incomeBeforeTax": 0,
        "incomeBeforeTaxRatio": 0,
        "incomeTaxExpense": 0,
        "netIncome": 55600000,
        "netIncomeRatio": 0.0606258859,
        "eps": 0.19,
        "epsdiluted": 0.19,
        "weightedAverageShsOut": 137020000,
        "weightedAverageShsOutDil": 137020000,
        "link": null,
        "finalLink": null
    },
    {
        "date": "1989-03-31",
        "symbol": "FMC",
        "reportedCurrency": "USD",
        "cik": "0000037785",
        "fillingDate": "1989-03-31",
        "acceptedDate": "1989-03-31 00:00:00",
        "calendarYear": "1989",
        "period": "Q1",
        "revenue": 837100000,
        "costOfRevenue": 0,
        "grossProfit": 837100000,
        "grossProfitRatio": 1,
        "researchAndDevelopmentExpenses": 0,
        "generalAndAdministrativeExpenses": 0,
        "sellingAndMarketingExpenses": 0,
        "sellingGeneralAndAdministrativeExpenses": 0,
        "otherExpenses": 0,
        "operatingExpenses": 0,
        "costAndExpenses": 0,
        "interestIncome": 0,
        "interestExpense": 0,
        "depreciationAndAmortization": 0,
        "ebitda": 837100000,
        "ebitdaratio": 1,
        "operatingIncome": 837100000,
        "operatingIncomeRatio": 1,
        "totalOtherIncomeExpensesNet": -837100000,
        "incomeBeforeTax": 0,
        "incomeBeforeTaxRatio": 0,
        "incomeTaxExpense": 0,
        "netIncome": 30000000,
        "netIncomeRatio": 0.0358380122,
        "eps": 0.11,
        "epsdiluted": 0.11,
        "weightedAverageShsOut": 135624000,
        "weightedAverageShsOutDil": 135624000,
        "link": null,
        "finalLink": null
    },
    {
        "date": "1988-12-31",
        "symbol": "FMC",
        "reportedCurrency": "USD",
        "cik": "0000037785",
        "fillingDate": "1988-12-31",
        "acceptedDate": "1988-12-31 00:00:00",
        "calendarYear": "1988",
        "period": "Q4",
        "revenue": 882100000,
        "costOfRevenue": 0,
        "grossProfit": 882100000,
        "grossProfitRatio": 1,
        "researchAndDevelopmentExpenses": 0,
        "generalAndAdministrativeExpenses": 0,
        "sellingAndMarketingExpenses": 0,
        "sellingGeneralAndAdministrativeExpenses": 0,
        "otherExpenses": -3005800000,
        "operatingExpenses": -3005800000,
        "costAndExpenses": -3005800000,
        "interestIncome": 0,
        "interestExpense": 0,
        "depreciationAndAmortization": 0,
        "ebitda": -2123700000,
        "ebitdaratio": -2.4075501644,
        "operatingIncome": -2123700000,
        "operatingIncomeRatio": -2.4075501644,
        "totalOtherIncomeExpensesNet": 2123700000,
        "incomeBeforeTax": 0,
        "incomeBeforeTaxRatio": 0,
        "incomeTaxExpense": 0,
        "netIncome": 36000000,
        "netIncomeRatio": 0.0408116994,
        "eps": 0.3,
        "epsdiluted": 0.25,
        "weightedAverageShsOut": 135624000,
        "weightedAverageShsOutDil": 135624000,
        "link": null,
        "finalLink": null
    },
    {
        "date": "1988-09-30",
        "symbol": "FMC",
        "reportedCurrency": "USD",
        "cik": "0000037785",
        "fillingDate": "1988-09-30",
        "acceptedDate": "1988-09-30 00:00:00",
        "calendarYear": "1988",
        "period": "Q3",
        "revenue": 798200000,
        "costOfRevenue": 0,
        "grossProfit": 798200000,
        "grossProfitRatio": 1,
        "researchAndDevelopmentExpenses": 0,
        "generalAndAdministrativeExpenses": 0,
        "sellingAndMarketingExpenses": 0,
        "sellingGeneralAndAdministrativeExpenses": 0,
        "otherExpenses": 0,
        "operatingExpenses": 0,
        "costAndExpenses": 0,
        "interestIncome": 0,
        "interestExpense": 0,
        "depreciationAndAmortization": 0,
        "ebitda": 798200000,
        "ebitdaratio": 1,
        "operatingIncome": 798200000,
        "operatingIncomeRatio": 1,
        "totalOtherIncomeExpensesNet": -798200000,
        "incomeBeforeTax": 0,
        "incomeBeforeTaxRatio": 0,
        "incomeTaxExpense": 0,
        "netIncome": 31200000,
        "netIncomeRatio": 0.0390879479,
        "eps": 0.11,
        "epsdiluted": 0.11,
        "weightedAverageShsOut": 135624000,
        "weightedAverageShsOutDil": 135624000,
        "link": null,
        "finalLink": null
    },
    {
        "date": "1988-06-30",
        "symbol": "FMC",
        "reportedCurrency": "USD",
        "cik": "0000037785",
        "fillingDate": "1988-06-30",
        "acceptedDate": "1988-06-30 00:00:00",
        "calendarYear": "1988",
        "period": "Q2",
        "revenue": 892700000,
        "costOfRevenue": 0,
        "grossProfit": 892700000,
        "grossProfitRatio": 1,
        "researchAndDevelopmentExpenses": 0,
        "generalAndAdministrativeExpenses": 0,
        "sellingAndMarketingExpenses": 0,
        "sellingGeneralAndAdministrativeExpenses": 0,
        "otherExpenses": 0,
        "operatingExpenses": 0,
        "costAndExpenses": 0,
        "interestIncome": 0,
        "interestExpense": 0,
        "depreciationAndAmortization": 0,
        "ebitda": 892700000,
        "ebitdaratio": 1,
        "operatingIncome": 892700000,
        "operatingIncomeRatio": 1,
        "totalOtherIncomeExpensesNet": -892700000,
        "incomeBeforeTax": 0,
        "incomeBeforeTaxRatio": 0,
        "incomeTaxExpense": 0,
        "netIncome": 37800000,
        "netIncomeRatio": 0.0423434524,
        "eps": 0.13,
        "epsdiluted": 0.13,
        "weightedAverageShsOut": 135624000,
        "weightedAverageShsOutDil": 135624000,
        "link": null,
        "finalLink": null
    },
    {
        "date": "1988-03-31",
        "symbol": "FMC",
        "reportedCurrency": "USD",
        "cik": "0000037785",
        "fillingDate": "1988-03-31",
        "acceptedDate": "1988-03-31 00:00:00",
        "calendarYear": "1988",
        "period": "Q1",
        "revenue": 713900000,
        "costOfRevenue": 0,
        "grossProfit": 713900000,
        "grossProfitRatio": 1,
        "researchAndDevelopmentExpenses": 0,
        "generalAndAdministrativeExpenses": 0,
        "sellingAndMarketingExpenses": 0,
        "sellingGeneralAndAdministrativeExpenses": 0,
        "otherExpenses": 0,
        "operatingExpenses": 0,
        "costAndExpenses": 0,
        "interestIncome": 0,
        "interestExpense": 0,
        "depreciationAndAmortization": 0,
        "ebitda": 713900000,
        "ebitdaratio": 1,
        "operatingIncome": 713900000,
        "operatingIncomeRatio": 1,
        "totalOtherIncomeExpensesNet": -713900000,
        "incomeBeforeTax": 0,
        "incomeBeforeTaxRatio": 0,
        "incomeTaxExpense": 0,
        "netIncome": 24200000,
        "netIncomeRatio": 0.0338983051,
        "eps": 0.085,
        "epsdiluted": 0.085,
        "weightedAverageShsOut": 135624000,
        "weightedAverageShsOutDil": 135624000,
        "link": null,
        "finalLink": null
    },
    {
        "date": "1987-12-31",
        "symbol": "FMC",
        "reportedCurrency": "USD",
        "cik": "0000037785",
        "fillingDate": "1987-12-31",
        "acceptedDate": "1987-12-31 00:00:00",
        "calendarYear": "1987",
        "period": "Q4",
        "revenue": 856300000,
        "costOfRevenue": 0,
        "grossProfit": 856300000,
        "grossProfitRatio": 1,
        "researchAndDevelopmentExpenses": 0,
        "generalAndAdministrativeExpenses": 0,
        "sellingAndMarketingExpenses": 0,
        "sellingGeneralAndAdministrativeExpenses": 0,
        "otherExpenses": -2870200000,
        "operatingExpenses": -2870200000,
        "costAndExpenses": -2870200000,
        "interestIncome": 0,
        "interestExpense": 0,
        "depreciationAndAmortization": 0,
        "ebitda": -2013900000,
        "ebitdaratio": -2.351862665,
        "operatingIncome": -2013900000,
        "operatingIncomeRatio": -2.351862665,
        "totalOtherIncomeExpensesNet": 2013900000,
        "incomeBeforeTax": 0,
        "incomeBeforeTaxRatio": 0,
        "incomeTaxExpense": 0,
        "netIncome": 5500000,
        "netIncomeRatio": 0.0064229826,
        "eps": 0.0825,
        "epsdiluted": 0.08,
        "weightedAverageShsOut": 180696000,
        "weightedAverageShsOutDil": 180696000,
        "link": null,
        "finalLink": null
    },
    {
        "date": "1987-09-30",
        "symbol": "FMC",
        "reportedCurrency": "USD",
        "cik": "0000037785",
        "fillingDate": "1987-09-30",
        "acceptedDate": "1987-09-30 00:00:00",
        "calendarYear": "1987",
        "period": "Q3",
        "revenue": 730000000,
        "costOfRevenue": 0,
        "grossProfit": 730000000,
        "grossProfitRatio": 1,
        "researchAndDevelopmentExpenses": 0,
        "generalAndAdministrativeExpenses": 0,
        "sellingAndMarketingExpenses": 0,
        "sellingGeneralAndAdministrativeExpenses": 0,
        "otherExpenses": 0,
        "operatingExpenses": 0,
        "costAndExpenses": 0,
        "interestIncome": 0,
        "interestExpense": 0,
        "depreciationAndAmortization": 0,
        "ebitda": 730000000,
        "ebitdaratio": 1,
        "operatingIncome": 730000000,
        "operatingIncomeRatio": 1,
        "totalOtherIncomeExpensesNet": -730000000,
        "incomeBeforeTax": 0,
        "incomeBeforeTaxRatio": 0,
        "incomeTaxExpense": 0,
        "netIncome": 26800000,
        "netIncomeRatio": 0.0367123288,
        "eps": 0.11,
        "epsdiluted": 0.11,
        "weightedAverageShsOut": 180696000,
        "weightedAverageShsOutDil": 180696000,
        "link": null,
        "finalLink": null
    },
    {
        "date": "1987-06-30",
        "symbol": "FMC",
        "reportedCurrency": "USD",
        "cik": "0000037785",
        "fillingDate": "1987-06-30",
        "acceptedDate": "1987-06-30 00:00:00",
        "calendarYear": "1987",
        "period": "Q2",
        "revenue": 828500000,
        "costOfRevenue": 0,
        "grossProfit": 828500000,
        "grossProfitRatio": 1,
        "researchAndDevelopmentExpenses": 0,
        "generalAndAdministrativeExpenses": 0,
        "sellingAndMarketingExpenses": 0,
        "sellingGeneralAndAdministrativeExpenses": 0,
        "otherExpenses": 0,
        "operatingExpenses": 0,
        "costAndExpenses": 0,
        "interestIncome": 0,
        "interestExpense": 0,
        "depreciationAndAmortization": 0,
        "ebitda": 828500000,
        "ebitdaratio": 1,
        "operatingIncome": 828500000,
        "operatingIncomeRatio": 1,
        "totalOtherIncomeExpensesNet": -828500000,
        "incomeBeforeTax": 0,
        "incomeBeforeTaxRatio": 0,
        "incomeTaxExpense": 0,
        "netIncome": 133600000,
        "netIncomeRatio": 0.1612552806,
        "eps": 0.35,
        "epsdiluted": 0.35,
        "weightedAverageShsOut": 180144000,
        "weightedAverageShsOutDil": 180144000,
        "link": null,
        "finalLink": null
    },
    {
        "date": "1987-03-31",
        "symbol": "FMC",
        "reportedCurrency": "USD",
        "cik": "0000037785",
        "fillingDate": "1987-03-31",
        "acceptedDate": "1987-03-31 00:00:00",
        "calendarYear": "1987",
        "period": "Q1",
        "revenue": 724300000,
        "costOfRevenue": 0,
        "grossProfit": 724300000,
        "grossProfitRatio": 1,
        "researchAndDevelopmentExpenses": 0,
        "generalAndAdministrativeExpenses": 0,
        "sellingAndMarketingExpenses": 0,
        "sellingGeneralAndAdministrativeExpenses": 0,
        "otherExpenses": 0,
        "operatingExpenses": 0,
        "costAndExpenses": 0,
        "interestIncome": 0,
        "interestExpense": 0,
        "depreciationAndAmortization": 0,
        "ebitda": 724300000,
        "ebitdaratio": 1,
        "operatingIncome": 724300000,
        "operatingIncomeRatio": 1,
        "totalOtherIncomeExpensesNet": -724300000,
        "incomeBeforeTax": 0,
        "incomeBeforeTaxRatio": 0,
        "incomeTaxExpense": 0,
        "netIncome": 25300000,
        "netIncomeRatio": 0.0349302775,
        "eps": 0.0675,
        "epsdiluted": 0.0675,
        "weightedAverageShsOut": 180144000,
        "weightedAverageShsOutDil": 180144000,
        "link": null,
        "finalLink": null
    },
    {
        "date": "1986-12-31",
        "symbol": "FMC",
        "reportedCurrency": "USD",
        "cik": "0000037785",
        "fillingDate": "1986-12-31",
        "acceptedDate": "1986-12-31 00:00:00",
        "calendarYear": "1986",
        "period": "Q4",
        "revenue": 778100000,
        "costOfRevenue": 0,
        "grossProfit": 778100000,
        "grossProfitRatio": 1,
        "researchAndDevelopmentExpenses": 0,
        "generalAndAdministrativeExpenses": 0,
        "sellingAndMarketingExpenses": 0,
        "sellingGeneralAndAdministrativeExpenses": 0,
        "otherExpenses": -2753900000,
        "operatingExpenses": -2753900000,
        "costAndExpenses": -2753900000,
        "interestIncome": 0,
        "interestExpense": 0,
        "depreciationAndAmortization": 0,
        "ebitda": -1975800000,
        "ebitdaratio": -2.5392623056,
        "operatingIncome": -1975800000,
        "operatingIncomeRatio": -2.5392623056,
        "totalOtherIncomeExpensesNet": 1975800000,
        "incomeBeforeTax": 0,
        "incomeBeforeTaxRatio": 0,
        "incomeTaxExpense": 0,
        "netIncome": 50800000,
        "netIncomeRatio": 0.0652872381,
        "eps": 0.17,
        "epsdiluted": 0.17,
        "weightedAverageShsOut": 180144000,
        "weightedAverageShsOutDil": 180144000,
        "link": null,
        "finalLink": null
    },
    {
        "date": "1986-09-30",
        "symbol": "FMC",
        "reportedCurrency": "USD",
        "cik": "0000037785",
        "fillingDate": "1986-09-30",
        "acceptedDate": "1986-09-30 00:00:00",
        "calendarYear": "1986",
        "period": "Q3",
        "revenue": 664900000,
        "costOfRevenue": 0,
        "grossProfit": 664900000,
        "grossProfitRatio": 1,
        "researchAndDevelopmentExpenses": 0,
        "generalAndAdministrativeExpenses": 0,
        "sellingAndMarketingExpenses": 0,
        "sellingGeneralAndAdministrativeExpenses": 0,
        "otherExpenses": 0,
        "operatingExpenses": 0,
        "costAndExpenses": 0,
        "interestIncome": 0,
        "interestExpense": 0,
        "depreciationAndAmortization": 0,
        "ebitda": 664900000,
        "ebitdaratio": 1,
        "operatingIncome": 664900000,
        "operatingIncomeRatio": 1,
        "totalOtherIncomeExpensesNet": -664900000,
        "incomeBeforeTax": 0,
        "incomeBeforeTaxRatio": 0,
        "incomeTaxExpense": 0,
        "netIncome": 26800000,
        "netIncomeRatio": 0.0403068131,
        "eps": 0.0488,
        "epsdiluted": 0.0475,
        "weightedAverageShsOut": 180144000,
        "weightedAverageShsOutDil": 180144000,
        "link": null,
        "finalLink": null
    },
    {
        "date": "1986-06-30",
        "symbol": "FMC",
        "reportedCurrency": "USD",
        "cik": "0000037785",
        "fillingDate": "1986-06-30",
        "acceptedDate": "1986-06-30 00:00:00",
        "calendarYear": "1986",
        "period": "Q2",
        "revenue": 807400000,
        "costOfRevenue": 0,
        "grossProfit": 807400000,
        "grossProfitRatio": 1,
        "researchAndDevelopmentExpenses": 0,
        "generalAndAdministrativeExpenses": 0,
        "sellingAndMarketingExpenses": 0,
        "sellingGeneralAndAdministrativeExpenses": 0,
        "otherExpenses": 0,
        "operatingExpenses": 0,
        "costAndExpenses": 0,
        "interestIncome": 0,
        "interestExpense": 0,
        "depreciationAndAmortization": 0,
        "ebitda": 807400000,
        "ebitdaratio": 1,
        "operatingIncome": 807400000,
        "operatingIncomeRatio": 1,
        "totalOtherIncomeExpensesNet": -807400000,
        "incomeBeforeTax": 0,
        "incomeBeforeTaxRatio": 0,
        "incomeTaxExpense": 0,
        "netIncome": 49200000,
        "netIncomeRatio": 0.0609363389,
        "eps": 0.0513,
        "epsdiluted": 0.0488,
        "weightedAverageShsOut": 180144000,
        "weightedAverageShsOutDil": 180144000,
        "link": null,
        "finalLink": null
    },
    {
        "date": "1986-03-31",
        "symbol": "FMC",
        "reportedCurrency": "USD",
        "cik": "0000037785",
        "fillingDate": "1986-03-31",
        "acceptedDate": "1986-03-31 00:00:00",
        "calendarYear": "1986",
        "period": "Q1",
        "revenue": 752300000,
        "costOfRevenue": 0,
        "grossProfit": 752300000,
        "grossProfitRatio": 1,
        "researchAndDevelopmentExpenses": 0,
        "generalAndAdministrativeExpenses": 0,
        "sellingAndMarketingExpenses": 0,
        "sellingGeneralAndAdministrativeExpenses": 0,
        "otherExpenses": 0,
        "operatingExpenses": 0,
        "costAndExpenses": 0,
        "interestIncome": 0,
        "interestExpense": 0,
        "depreciationAndAmortization": 0,
        "ebitda": 752300000,
        "ebitdaratio": 1,
        "operatingIncome": 752300000,
        "operatingIncomeRatio": 1,
        "totalOtherIncomeExpensesNet": -752300000,
        "incomeBeforeTax": 0,
        "incomeBeforeTaxRatio": 0,
        "incomeTaxExpense": 0,
        "netIncome": 25700000,
        "netIncomeRatio": 0.0341619035,
        "eps": 0.0188,
        "epsdiluted": 0.0188,
        "weightedAverageShsOut": 180144000,
        "weightedAverageShsOutDil": 180144000,
        "link": null,
        "finalLink": null
    }
]