[
    {
        "date": "2025-09-30",
        "symbol": "FMCC",
        "reportedCurrency": "USD",
        "cik": "0001026214",
        "fillingDate": "2025-10-30",
        "acceptedDate": "2025-10-30 07:58:25",
        "calendarYear": "2025",
        "period": "Q3",
        "revenue": 33571000000,
        "costOfRevenue": 0,
        "grossProfit": 33571000000,
        "grossProfitRatio": 1,
        "researchAndDevelopmentExpenses": 0,
        "generalAndAdministrativeExpenses": 0,
        "sellingAndMarketingExpenses": 0,
        "sellingGeneralAndAdministrativeExpenses": 0,
        "otherExpenses": 0,
        "operatingExpenses": 0,
        "costAndExpenses": 2603000000,
        "interestIncome": 0,
        "interestExpense": 0,
        "depreciationAndAmortization": 0,
        "ebitda": 30968000000,
        "ebitdaratio": 0.92246284,
        "operatingIncome": 30968000000,
        "operatingIncomeRatio": 0.92246284,
        "totalOtherIncomeExpensesNet": -27520000000,
        "incomeBeforeTax": 3448000000,
        "incomeBeforeTaxRatio": 0.1027076941,
        "incomeTaxExpense": 675000000,
        "netIncome": 2773000000,
        "netIncomeRatio": 0.0826010545,
        "eps": -0.005,
        "epsdiluted": -0.005,
        "weightedAverageShsOut": 3234000000,
        "weightedAverageShsOutDil": 3234000000,
        "link": "https://www.sec.gov/Archives/edgar/data/1026214/000102621425000116/0001026214-25-000116-index.htm",
        "finalLink": "https://www.sec.gov/Archives/edgar/data/1026214/000102621425000116/fmcc-20250930.htm"
    },
    {
        "date": "2025-06-30",
        "symbol": "FMCC",
        "reportedCurrency": "USD",
        "cik": "0001026214",
        "fillingDate": "2025-07-31",
        "acceptedDate": "2025-07-31 07:58:46",
        "calendarYear": "2025",
        "period": "Q2",
        "revenue": 32665000000,
        "costOfRevenue": 27532000000,
        "grossProfit": 5133000000,
        "grossProfitRatio": 0.1571406704,
        "researchAndDevelopmentExpenses": 0,
        "generalAndAdministrativeExpenses": 453000000,
        "sellingAndMarketingExpenses": 0,
        "sellingGeneralAndAdministrativeExpenses": 453000000,
        "otherExpenses": 1705000000,
        "operatingExpenses": 2158000000,
        "costAndExpenses": 29690000000,
        "interestIncome": 32048000000,
        "interestExpense": 26749000000,
        "depreciationAndAmortization": 0,
        "ebitda": 2975000000,
        "ebitdaratio": 0.0910760753,
        "operatingIncome": 29724000000,
        "operatingIncomeRatio": 0.9099647941,
        "totalOtherIncomeExpensesNet": -26749000000,
        "incomeBeforeTax": 2975000000,
        "incomeBeforeTaxRatio": 0.0910760753,
        "incomeTaxExpense": 588000000,
        "netIncome": 2387000000,
        "netIncomeRatio": 0.0730751569,
        "eps": -0.0065,
        "epsdiluted": -0.0065,
        "weightedAverageShsOut": 3234000000,
        "weightedAverageShsOutDil": 3234000000,
        "link": "https://www.sec.gov/Archives/edgar/data/1026214/000102621425000086/0001026214-25-000086-index.htm",
        "finalLink": "https://www.sec.gov/Archives/edgar/data/1026214/000102621425000086/fmcc-20250630.htm"
    },
    {
        "date": "2025-03-31",
        "symbol": "FMCC",
        "reportedCurrency": "USD",
        "cik": "0001026214",
        "fillingDate": "2025-05-01",
        "acceptedDate": "2025-05-01 07:59:09",
        "calendarYear": "2025",
        "period": "Q1",
        "revenue": 5572000000,
        "costOfRevenue": 0,
        "grossProfit": 5572000000,
        "grossProfitRatio": 1,
        "researchAndDevelopmentExpenses": 0,
        "generalAndAdministrativeExpenses": 423000000,
        "sellingAndMarketingExpenses": 0,
        "sellingGeneralAndAdministrativeExpenses": 423000000,
        "otherExpenses": 253000000,
        "operatingExpenses": 676000000,
        "costAndExpenses": 2782000000,
        "interestIncome": 31365000000,
        "interestExpense": 26263000000,
        "depreciationAndAmortization": 0,
        "ebitda": 29747000000,
        "ebitdaratio": 5.3386575736,
        "operatingIncome": 3764000000,
        "operatingIncomeRatio": 0.6755204594,
        "totalOtherIncomeExpensesNet": -26263000000,
        "incomeBeforeTax": 3484000000,
        "incomeBeforeTaxRatio": 0.6252692032,
        "incomeTaxExpense": 690000000,
        "netIncome": 2794000000,
        "netIncomeRatio": 0.5014357502,
        "eps": -0.0105,
        "epsdiluted": -0.0105,
        "weightedAverageShsOut": 3234000000,
        "weightedAverageShsOutDil": 3234000000,
        "link": "https://www.sec.gov/Archives/edgar/data/1026214/000102621425000060/0001026214-25-000060-index.htm",
        "finalLink": "https://www.sec.gov/Archives/edgar/data/1026214/000102621425000060/fmcc-20250331.htm"
    },
    {
        "date": "2024-12-31",
        "symbol": "FMCC",
        "reportedCurrency": "USD",
        "cik": "0001026214",
        "fillingDate": "2025-02-13",
        "acceptedDate": "2025-02-13 07:59:26",
        "calendarYear": "2024",
        "period": "Q4",
        "revenue": 30335000000,
        "costOfRevenue": 0,
        "grossProfit": 6237000000,
        "grossProfitRatio": 0.2056040877,
        "researchAndDevelopmentExpenses": 0,
        "generalAndAdministrativeExpenses": 412000000,
        "sellingAndMarketingExpenses": 0,
        "sellingGeneralAndAdministrativeExpenses": 412000000,
        "otherExpenses": 853000000,
        "operatingExpenses": 1265000000,
        "costAndExpenses": 749000000,
        "interestIncome": 30619000000,
        "interestExpense": 25568000000,
        "depreciationAndAmortization": 0,
        "ebitda": 29586000000,
        "ebitdaratio": 0.975309049,
        "operatingIncome": -60107000000,
        "operatingIncomeRatio": -1.9814405802,
        "totalOtherIncomeExpensesNet": 64125000000,
        "incomeBeforeTax": 4018000000,
        "incomeBeforeTaxRatio": 0.1324542608,
        "incomeTaxExpense": 796000000,
        "netIncome": 3222000000,
        "netIncomeRatio": 0.1062139443,
        "eps": 0.0114,
        "epsdiluted": 0.0114,
        "weightedAverageShsOut": 3234000000,
        "weightedAverageShsOutDil": 3234000000,
        "link": "https://www.sec.gov/Archives/edgar/data/1026214/000102621425000040/0001026214-25-000040-index.htm",
        "finalLink": "https://www.sec.gov/Archives/edgar/data/1026214/000102621425000040/fmcc-20241231.htm"
    },
    {
        "date": "2024-09-30",
        "symbol": "FMCC",
        "reportedCurrency": "USD",
        "cik": "0001026214",
        "fillingDate": "2024-10-30",
        "acceptedDate": "2024-10-30 08:00:18",
        "calendarYear": "2024",
        "period": "Q3",
        "revenue": 31728000000,
        "costOfRevenue": 24619000000,
        "grossProfit": 6029000000,
        "grossProfitRatio": 0.1900214322,
        "researchAndDevelopmentExpenses": 0,
        "generalAndAdministrativeExpenses": 424000000,
        "sellingAndMarketingExpenses": 0,
        "sellingGeneralAndAdministrativeExpenses": 424000000,
        "otherExpenses": 1759000000,
        "operatingExpenses": 2183000000,
        "costAndExpenses": 3072000000,
        "interestIncome": 29809000000,
        "interestExpense": 24810000000,
        "depreciationAndAmortization": 0,
        "ebitda": 28656000000,
        "ebitdaratio": 0.9031770045,
        "operatingIncome": 28656000000,
        "operatingIncomeRatio": 0.9031770045,
        "totalOtherIncomeExpensesNet": -24810000000,
        "incomeBeforeTax": 3846000000,
        "incomeBeforeTaxRatio": 0.1212178517,
        "incomeTaxExpense": 741000000,
        "netIncome": 3105000000,
        "netIncomeRatio": 0.0978630862,
        "eps": -0.0192,
        "epsdiluted": -0.0192,
        "weightedAverageShsOut": 3234000000,
        "weightedAverageShsOutDil": 3234000000,
        "link": "https://www.sec.gov/Archives/edgar/data/1026214/000102621424000097/0001026214-24-000097-index.htm",
        "finalLink": "https://www.sec.gov/Archives/edgar/data/1026214/000102621424000097/fmcc-20240930.htm"
    },
    {
        "date": "2024-06-30",
        "symbol": "FMCC",
        "reportedCurrency": "USD",
        "cik": "0001026214",
        "fillingDate": "2024-07-31",
        "acceptedDate": "2024-07-31 07:59:07",
        "calendarYear": "2024",
        "period": "Q2",
        "revenue": 5594000000,
        "costOfRevenue": 24530000000,
        "grossProfit": 5594000000,
        "grossProfitRatio": 1,
        "researchAndDevelopmentExpenses": 0,
        "generalAndAdministrativeExpenses": 420000000,
        "sellingAndMarketingExpenses": 0,
        "sellingGeneralAndAdministrativeExpenses": 420000000,
        "otherExpenses": 1714000000,
        "operatingExpenses": 2134000000,
        "costAndExpenses": 1986000000,
        "interestIncome": 29064000000,
        "interestExpense": 24136000000,
        "depreciationAndAmortization": -3460000000,
        "ebitda": 27997000000,
        "ebitdaratio": 5.0048265999,
        "operatingIncome": 3460000000,
        "operatingIncomeRatio": 0.6185198427,
        "totalOtherIncomeExpensesNet": -1714000000,
        "incomeBeforeTax": 3460000000,
        "incomeBeforeTaxRatio": 0.6185198427,
        "incomeTaxExpense": 695000000,
        "netIncome": 2765000000,
        "netIncomeRatio": 0.4942795853,
        "eps": 0.0015,
        "epsdiluted": 0.0015,
        "weightedAverageShsOut": 3234000000,
        "weightedAverageShsOutDil": 3234000000,
        "link": "https://www.sec.gov/Archives/edgar/data/1026214/000102621424000068/0001026214-24-000068-index.htm",
        "finalLink": "https://www.sec.gov/Archives/edgar/data/1026214/000102621424000068/fmcc-20240630.htm"
    },
    {
        "date": "2024-03-31",
        "symbol": "FMCC",
        "reportedCurrency": "USD",
        "cik": "0001026214",
        "fillingDate": "2024-05-01",
        "acceptedDate": "2024-05-01 07:57:25",
        "calendarYear": "2024",
        "period": "Q1",
        "revenue": 5757000000,
        "costOfRevenue": 0,
        "grossProfit": 5576000000,
        "grossProfitRatio": 0.9685600139,
        "researchAndDevelopmentExpenses": 0,
        "generalAndAdministrativeExpenses": 421000000,
        "sellingAndMarketingExpenses": 0,
        "sellingGeneralAndAdministrativeExpenses": 421000000,
        "otherExpenses": 1701000000,
        "operatingExpenses": 2122000000,
        "costAndExpenses": 692000000,
        "interestIncome": 28385000000,
        "interestExpense": 23626000000,
        "depreciationAndAmortization": -3454000000,
        "ebitda": 3454000000,
        "ebitdaratio": 0.5999652597,
        "operatingIncome": 3454000000,
        "operatingIncomeRatio": 0.5999652597,
        "totalOtherIncomeExpensesNet": -1701000000,
        "incomeBeforeTax": 3454000000,
        "incomeBeforeTaxRatio": 0.5999652597,
        "incomeTaxExpense": 688000000,
        "netIncome": 2766000000,
        "netIncomeRatio": 0.4804585722,
        "eps": 0.01,
        "epsdiluted": 0.01,
        "weightedAverageShsOut": 3234000000,
        "weightedAverageShsOutDil": 3234000000,
        "link": "https://www.sec.gov/Archives/edgar/data/1026214/000102621424000039/0001026214-24-000039-index.htm",
        "finalLink": "https://www.sec.gov/Archives/edgar/data/1026214/000102621424000039/fmcc-20240331.htm"
    },
    {
        "date": "2023-12-31",
        "symbol": "FMCC",
        "reportedCurrency": "USD",
        "cik": "0001026214",
        "fillingDate": "2024-02-14",
        "acceptedDate": "2024-02-14 07:54:29",
        "calendarYear": "2023",
        "period": "Q4",
        "revenue": 5373000000,
        "costOfRevenue": 0,
        "grossProfit": 5373000000,
        "grossProfitRatio": 1,
        "researchAndDevelopmentExpenses": 0,
        "generalAndAdministrativeExpenses": 409000000,
        "sellingAndMarketingExpenses": 0,
        "sellingGeneralAndAdministrativeExpenses": 409000000,
        "otherExpenses": -409000000,
        "operatingExpenses": 3015000000,
        "costAndExpenses": 1598000000,
        "interestIncome": 27822000000,
        "interestExpense": 23053000000,
        "depreciationAndAmortization": -3650000000,
        "ebitda": 0,
        "ebitdaratio": 0,
        "operatingIncome": 589000000,
        "operatingIncomeRatio": 0.109622185,
        "totalOtherIncomeExpensesNet": 33685000000,
        "incomeBeforeTax": 3650000000,
        "incomeBeforeTaxRatio": 0.6793225386,
        "incomeTaxExpense": 736000000,
        "netIncome": -147000000,
        "netIncomeRatio": -0.0273590173,
        "eps": -0.0455,
        "epsdiluted": -0.0455,
        "weightedAverageShsOut": 3234000000,
        "weightedAverageShsOutDil": 3234000000,
        "link": "https://www.sec.gov/Archives/edgar/data/1026214/000102621424000025/0001026214-24-000025-index.htm",
        "finalLink": "https://www.sec.gov/Archives/edgar/data/1026214/000102621424000025/fmcc-20231231.htm"
    },
    {
        "date": "2023-09-30",
        "symbol": "FMCC",
        "reportedCurrency": "USD",
        "cik": "0001026214",
        "fillingDate": "2023-11-01",
        "acceptedDate": "2023-11-01 07:56:26",
        "calendarYear": "2023",
        "period": "Q3",
        "revenue": 5690000000,
        "costOfRevenue": 0,
        "grossProfit": 5690000000,
        "grossProfitRatio": 1,
        "researchAndDevelopmentExpenses": 0,
        "generalAndAdministrativeExpenses": 418000000,
        "sellingAndMarketingExpenses": 0,
        "sellingGeneralAndAdministrativeExpenses": 418000000,
        "otherExpenses": 5272000000,
        "operatingExpenses": 5690000000,
        "costAndExpenses": 418000000,
        "interestIncome": 26799000000,
        "interestExpense": 22050000000,
        "depreciationAndAmortization": -3377000000,
        "ebitda": 3377000000,
        "ebitdaratio": 0.5934973638,
        "operatingIncome": 3377000000,
        "operatingIncomeRatio": 0.5934973638,
        "totalOtherIncomeExpensesNet": -2158000000,
        "incomeBeforeTax": 3377000000,
        "incomeBeforeTaxRatio": 0.5934973638,
        "incomeTaxExpense": 692000000,
        "netIncome": 2685000000,
        "netIncomeRatio": 0.4718804921,
        "eps": -0.0059,
        "epsdiluted": -0.0059,
        "weightedAverageShsOut": 3234000000,
        "weightedAverageShsOutDil": 3234000000,
        "link": "https://www.sec.gov/Archives/edgar/data/1026214/000102621423000104/0001026214-23-000104-index.htm",
        "finalLink": "https://www.sec.gov/Archives/edgar/data/1026214/000102621423000104/fmcc-20230930.htm"
    },
    {
        "date": "2023-06-30",
        "symbol": "FMCC",
        "reportedCurrency": "USD",
        "cik": "0001026214",
        "fillingDate": "2023-08-02",
        "acceptedDate": "2023-08-02 07:58:23",
        "calendarYear": "2023",
        "period": "Q2",
        "revenue": 5339000000,
        "costOfRevenue": 0,
        "grossProfit": 5339000000,
        "grossProfitRatio": 1,
        "researchAndDevelopmentExpenses": 0,
        "generalAndAdministrativeExpenses": 405000000,
        "sellingAndMarketingExpenses": 0,
        "sellingGeneralAndAdministrativeExpenses": 405000000,
        "otherExpenses": 4934000000,
        "operatingExpenses": 5339000000,
        "costAndExpenses": -1667000000,
        "interestIncome": 25755000000,
        "interestExpense": 21232000000,
        "depreciationAndAmortization": -3672000000,
        "ebitda": 0,
        "ebitdaratio": 0,
        "operatingIncome": 3672000000,
        "operatingIncomeRatio": 0.6877692452,
        "totalOtherIncomeExpensesNet": -1799000000,
        "incomeBeforeTax": 3672000000,
        "incomeBeforeTaxRatio": 0.6877692452,
        "incomeTaxExpense": 728000000,
        "netIncome": 2944000000,
        "netIncomeRatio": 0.5514141225,
        "eps": 0.0167,
        "epsdiluted": 0.0167,
        "weightedAverageShsOut": 3234000000,
        "weightedAverageShsOutDil": 3234000000,
        "link": "https://www.sec.gov/Archives/edgar/data/1026214/000102621423000075/0001026214-23-000075-index.htm",
        "finalLink": "https://www.sec.gov/Archives/edgar/data/1026214/000102621423000075/fmcc-20230630.htm"
    },
    {
        "date": "2023-03-31",
        "symbol": "FMCC",
        "reportedCurrency": "USD",
        "cik": "0001026214",
        "fillingDate": "2023-05-03",
        "acceptedDate": "2023-05-03 07:58:47",
        "calendarYear": "2023",
        "period": "Q1",
        "revenue": 4827000000,
        "costOfRevenue": 0,
        "grossProfit": 4827000000,
        "grossProfitRatio": 1,
        "researchAndDevelopmentExpenses": 0,
        "generalAndAdministrativeExpenses": 374000000,
        "sellingAndMarketingExpenses": 0,
        "sellingGeneralAndAdministrativeExpenses": 374000000,
        "otherExpenses": 4453000000,
        "operatingExpenses": 18159000000,
        "costAndExpenses": 4827000000,
        "interestIncome": 24987000000,
        "interestExpense": 20486000000,
        "depreciationAndAmortization": -2500000000,
        "ebitda": 22986000000,
        "ebitdaratio": 4.7619639528,
        "operatingIncome": 22986000000,
        "operatingIncomeRatio": 4.7619639528,
        "totalOtherIncomeExpensesNet": -1558000000,
        "incomeBeforeTax": 2500000000,
        "incomeBeforeTaxRatio": 0.5179200331,
        "incomeTaxExpense": 505000000,
        "netIncome": 1995000000,
        "netIncomeRatio": 0.4133001865,
        "eps": -0.0167,
        "epsdiluted": -0.0167,
        "weightedAverageShsOut": 3234000000,
        "weightedAverageShsOutDil": 3234000000,
        "link": "https://www.sec.gov/Archives/edgar/data/1026214/000102621423000044/0001026214-23-000044-index.htm",
        "finalLink": "https://www.sec.gov/Archives/edgar/data/1026214/000102621423000044/fmcc-20230331.htm"
    },
    {
        "date": "2022-12-31",
        "symbol": "FMCC",
        "reportedCurrency": "USD",
        "cik": "0001026214",
        "fillingDate": "2023-02-22",
        "acceptedDate": "2023-02-22 07:58:44",
        "calendarYear": "2022",
        "period": "Q4",
        "revenue": 4833000000,
        "costOfRevenue": 0,
        "grossProfit": 4833000000,
        "grossProfitRatio": 1,
        "researchAndDevelopmentExpenses": 0,
        "generalAndAdministrativeExpenses": 390000000,
        "sellingAndMarketingExpenses": 0,
        "sellingGeneralAndAdministrativeExpenses": 390000000,
        "otherExpenses": 4443000000,
        "operatingExpenses": 4833000000,
        "costAndExpenses": -1119000000,
        "interestIncome": 23816000000,
        "interestExpense": 19228000000,
        "depreciationAndAmortization": -2216000000,
        "ebitda": 21444000000,
        "ebitdaratio": 4.4369956549,
        "operatingIncome": 21444000000,
        "operatingIncomeRatio": 4.4369956549,
        "totalOtherIncomeExpensesNet": 39927000000,
        "incomeBeforeTax": 2216000000,
        "incomeBeforeTaxRatio": 0.4585143803,
        "incomeTaxExpense": 453000000,
        "netIncome": 1763000000,
        "netIncomeRatio": 0.3647837782,
        "eps": -0.0077,
        "epsdiluted": -0.0077,
        "weightedAverageShsOut": 3234000000,
        "weightedAverageShsOutDil": 3234000000,
        "link": "https://www.sec.gov/Archives/edgar/data/1026214/000102621423000037/0001026214-23-000037-index.htm",
        "finalLink": "https://www.sec.gov/Archives/edgar/data/1026214/000102621423000037/fmcc-20221231.htm"
    },
    {
        "date": "2022-09-30",
        "symbol": "FMCC",
        "reportedCurrency": "USD",
        "cik": "0001026214",
        "fillingDate": "2022-11-08",
        "acceptedDate": "2022-11-08 07:57:45",
        "calendarYear": "2022",
        "period": "Q3",
        "revenue": 5181000000,
        "costOfRevenue": 0,
        "grossProfit": 5181000000,
        "grossProfitRatio": 1,
        "researchAndDevelopmentExpenses": 0,
        "generalAndAdministrativeExpenses": 387000000,
        "sellingAndMarketingExpenses": 0,
        "sellingGeneralAndAdministrativeExpenses": 387000000,
        "otherExpenses": 4794000000,
        "operatingExpenses": 13719000000,
        "costAndExpenses": 5181000000,
        "interestIncome": 21894000000,
        "interestExpense": 17340000000,
        "depreciationAndAmortization": -1560000000,
        "ebitda": 17340000000,
        "ebitdaratio": 3.3468442386,
        "operatingIncome": 18900000000,
        "operatingIncomeRatio": 3.6479444123,
        "totalOtherIncomeExpensesNet": -1438000000,
        "incomeBeforeTax": 1560000000,
        "incomeBeforeTaxRatio": 0.3011001737,
        "incomeTaxExpense": 247000000,
        "netIncome": 1313000000,
        "netIncomeRatio": 0.2534259795,
        "eps": 0.41,
        "epsdiluted": 0.41,
        "weightedAverageShsOut": 3234000000,
        "weightedAverageShsOutDil": 3234000000,
        "link": "https://www.sec.gov/Archives/edgar/data/1026214/000102621422000150/0001026214-22-000150-index.htm",
        "finalLink": "https://www.sec.gov/Archives/edgar/data/1026214/000102621422000150/fmcc-20220930.htm"
    },
    {
        "date": "2022-06-30",
        "symbol": "FMCC",
        "reportedCurrency": "USD",
        "cik": "0001026214",
        "fillingDate": "2022-07-28",
        "acceptedDate": "2022-07-28 07:59:12",
        "calendarYear": "2022",
        "period": "Q2",
        "revenue": 5404000000,
        "costOfRevenue": 0,
        "grossProfit": 5404000000,
        "grossProfitRatio": 1,
        "researchAndDevelopmentExpenses": 0,
        "generalAndAdministrativeExpenses": 376000000,
        "sellingAndMarketingExpenses": 0,
        "sellingGeneralAndAdministrativeExpenses": 376000000,
        "otherExpenses": 5028000000,
        "operatingExpenses": 12922000000,
        "costAndExpenses": 5404000000,
        "interestIncome": 20008000000,
        "interestExpense": 15249000000,
        "depreciationAndAmortization": -3077000000,
        "ebitda": 0,
        "ebitdaratio": 0,
        "operatingIncome": 18326000000,
        "operatingIncomeRatio": 3.3911917098,
        "totalOtherIncomeExpensesNet": -15249000000,
        "incomeBeforeTax": 3077000000,
        "incomeBeforeTaxRatio": 0.5693930422,
        "incomeTaxExpense": 624000000,
        "netIncome": 2453000000,
        "netIncomeRatio": 0.45392302,
        "eps": 0.76,
        "epsdiluted": 0.76,
        "weightedAverageShsOut": 3234000000,
        "weightedAverageShsOutDil": 3234000000,
        "link": "https://www.sec.gov/Archives/edgar/data/1026214/000102621422000085/0001026214-22-000085-index.htm",
        "finalLink": "https://www.sec.gov/Archives/edgar/data/1026214/000102621422000085/fmcc-20220630.htm"
    },
    {
        "date": "2022-03-31",
        "symbol": "FMCC",
        "reportedCurrency": "USD",
        "cik": "0001026214",
        "fillingDate": "2022-04-28",
        "acceptedDate": "2022-04-28 07:58:38",
        "calendarYear": "2022",
        "period": "Q1",
        "revenue": 5846000000,
        "costOfRevenue": 0,
        "grossProfit": 5846000000,
        "grossProfitRatio": 1,
        "researchAndDevelopmentExpenses": 0,
        "generalAndAdministrativeExpenses": 356000000,
        "sellingAndMarketingExpenses": 0,
        "sellingGeneralAndAdministrativeExpenses": 356000000,
        "otherExpenses": 5490000000,
        "operatingExpenses": 12541000000,
        "costAndExpenses": 5846000000,
        "interestIncome": 17740000000,
        "interestExpense": 13636000000,
        "depreciationAndAmortization": -4751000000,
        "ebitda": 18387000000,
        "ebitdaratio": 3.145227506,
        "operatingIncome": 6327000000,
        "operatingIncomeRatio": 1.082278481,
        "totalOtherIncomeExpensesNet": -1576000000,
        "incomeBeforeTax": 4751000000,
        "incomeBeforeTaxRatio": 0.8126924393,
        "incomeTaxExpense": 953000000,
        "netIncome": 3798000000,
        "netIncomeRatio": 0.6496749914,
        "eps": 1.17,
        "epsdiluted": 1.17,
        "weightedAverageShsOut": 3234000000,
        "weightedAverageShsOutDil": 3234000000,
        "link": "https://www.sec.gov/Archives/edgar/data/1026214/000102621422000046/0001026214-22-000046-index.htm",
        "finalLink": "https://www.sec.gov/Archives/edgar/data/1026214/000102621422000046/fmcc-20220331.htm"
    },
    {
        "date": "2021-12-31",
        "symbol": "FMCC",
        "reportedCurrency": "USD",
        "cik": "0001026214",
        "fillingDate": "2022-02-10",
        "acceptedDate": "2022-02-10 07:57:53",
        "calendarYear": "2021",
        "period": "Q4",
        "revenue": 5565000000,
        "costOfRevenue": 0,
        "grossProfit": 5565000000,
        "grossProfitRatio": 1,
        "researchAndDevelopmentExpenses": 0,
        "generalAndAdministrativeExpenses": 994000000,
        "sellingAndMarketingExpenses": 0,
        "sellingGeneralAndAdministrativeExpenses": 994000000,
        "otherExpenses": 4719000000,
        "operatingExpenses": 5713000000,
        "costAndExpenses": -1805000000,
        "interestIncome": 16604000000,
        "interestExpense": 11848000000,
        "depreciationAndAmortization": -3435000000,
        "ebitda": 15283000000,
        "ebitdaratio": 2.7462713387,
        "operatingIncome": 15283000000,
        "operatingIncomeRatio": 2.7462713387,
        "totalOtherIncomeExpensesNet": -1636000000,
        "incomeBeforeTax": 3435000000,
        "incomeBeforeTaxRatio": 0.6172506739,
        "incomeTaxExpense": 691000000,
        "netIncome": 2744000000,
        "netIncomeRatio": 0.493081761,
        "eps": 0.85,
        "epsdiluted": 0.85,
        "weightedAverageShsOut": 3234000000,
        "weightedAverageShsOutDil": 3234000000,
        "link": "https://www.sec.gov/Archives/edgar/data/1026214/000102621422000031/0001026214-22-000031-index.htm",
        "finalLink": "https://www.sec.gov/Archives/edgar/data/1026214/000102621422000031/fmcc-20211231.htm"
    },
    {
        "date": "2021-09-30",
        "symbol": "FMCC",
        "reportedCurrency": "USD",
        "cik": "0001026214",
        "fillingDate": "2021-10-29",
        "acceptedDate": "2021-10-29 07:56:57",
        "calendarYear": "2021",
        "period": "Q3",
        "revenue": 5213000000,
        "costOfRevenue": 0,
        "grossProfit": 5213000000,
        "grossProfitRatio": 1,
        "researchAndDevelopmentExpenses": 0,
        "generalAndAdministrativeExpenses": 551000000,
        "sellingAndMarketingExpenses": 0,
        "sellingGeneralAndAdministrativeExpenses": 551000000,
        "otherExpenses": 4895000000,
        "operatingExpenses": 9806000000,
        "costAndExpenses": 352000000,
        "interestIncome": 15791000000,
        "interestExpense": 11373000000,
        "depreciationAndAmortization": -3646000000,
        "ebitda": 0,
        "ebitdaratio": 0,
        "operatingIncome": 15019000000,
        "operatingIncomeRatio": 2.8810665644,
        "totalOtherIncomeExpensesNet": -1492000000,
        "incomeBeforeTax": 3646000000,
        "incomeBeforeTaxRatio": 0.6994053328,
        "incomeTaxExpense": 727000000,
        "netIncome": 2919000000,
        "netIncomeRatio": 0.5599462881,
        "eps": 0.9,
        "epsdiluted": 0.9,
        "weightedAverageShsOut": 3234000000,
        "weightedAverageShsOutDil": 3234000000,
        "link": "https://www.sec.gov/Archives/edgar/data/1026214/000102621421000110/0001026214-21-000110-index.htm",
        "finalLink": "https://www.sec.gov/Archives/edgar/data/1026214/000102621421000110/fmcc-20210930.htm"
    },
    {
        "date": "2021-06-30",
        "symbol": "FMCC",
        "reportedCurrency": "USD",
        "cik": "0001026214",
        "fillingDate": "2021-07-29",
        "acceptedDate": "2021-07-29 07:58:07",
        "calendarYear": "2021",
        "period": "Q2",
        "revenue": 5883000000,
        "costOfRevenue": 0,
        "grossProfit": 5883000000,
        "grossProfitRatio": 1,
        "researchAndDevelopmentExpenses": 0,
        "generalAndAdministrativeExpenses": 554000000,
        "sellingAndMarketingExpenses": 0,
        "sellingGeneralAndAdministrativeExpenses": 554000000,
        "otherExpenses": 5520000000,
        "operatingExpenses": 9217000000,
        "costAndExpenses": 346000000,
        "interestIncome": 15230000000,
        "interestExpense": 10463000000,
        "depreciationAndAmortization": -4637000000,
        "ebitda": 0,
        "ebitdaratio": 0,
        "operatingIncome": 15100000000,
        "operatingIncomeRatio": 2.5667176611,
        "totalOtherIncomeExpensesNet": -1623000000,
        "incomeBeforeTax": 4637000000,
        "incomeBeforeTaxRatio": 0.7882032976,
        "incomeTaxExpense": 958000000,
        "netIncome": 3679000000,
        "netIncomeRatio": 0.6253612103,
        "eps": 0.02,
        "epsdiluted": 0.02,
        "weightedAverageShsOut": 3234000000,
        "weightedAverageShsOutDil": 3234000000,
        "link": "https://www.sec.gov/Archives/edgar/data/1026214/000102621421000080/0001026214-21-000080-index.htm",
        "finalLink": "https://www.sec.gov/Archives/edgar/data/1026214/000102621421000080/fmcc-20210630.htm"
    },
    {
        "date": "2021-03-31",
        "symbol": "FMCC",
        "reportedCurrency": "USD",
        "cik": "0001026214",
        "fillingDate": "2021-04-29",
        "acceptedDate": "2021-04-29 07:57:42",
        "calendarYear": "2021",
        "period": "Q1",
        "revenue": 5273000000,
        "costOfRevenue": 0,
        "grossProfit": 5273000000,
        "grossProfitRatio": 1,
        "researchAndDevelopmentExpenses": 0,
        "generalAndAdministrativeExpenses": 552000000,
        "sellingAndMarketingExpenses": 0,
        "sellingGeneralAndAdministrativeExpenses": 552000000,
        "otherExpenses": 4929000000,
        "operatingExpenses": 8471000000,
        "costAndExpenses": 344000000,
        "interestIncome": 13902000000,
        "interestExpense": 10263000000,
        "depreciationAndAmortization": -3481000000,
        "ebitda": 0,
        "ebitdaratio": 0,
        "operatingIncome": 13744000000,
        "operatingIncomeRatio": 2.6064858714,
        "totalOtherIncomeExpensesNet": -1644000000,
        "incomeBeforeTax": 3481000000,
        "incomeBeforeTaxRatio": 0.6601555092,
        "incomeTaxExpense": 714000000,
        "netIncome": 2767000000,
        "netIncomeRatio": 0.5247487199,
        "eps": 0.12,
        "epsdiluted": 0.12,
        "weightedAverageShsOut": 3234000000,
        "weightedAverageShsOutDil": 3234000000,
        "link": "https://www.sec.gov/Archives/edgar/data/1026214/000102621421000049/0001026214-21-000049-index.htm",
        "finalLink": "https://www.sec.gov/Archives/edgar/data/1026214/000102621421000049/fmcc-20210331.htm"
    },
    {
        "date": "2020-12-31",
        "symbol": "FMCC",
        "reportedCurrency": "USD",
        "cik": "0001026214",
        "fillingDate": "2021-02-11",
        "acceptedDate": "2021-02-11 07:57:45",
        "calendarYear": "2020",
        "period": "Q4",
        "revenue": 5022000000,
        "costOfRevenue": 0,
        "grossProfit": 5022000000,
        "grossProfitRatio": 1,
        "researchAndDevelopmentExpenses": 0,
        "generalAndAdministrativeExpenses": 577000000,
        "sellingAndMarketingExpenses": 0,
        "sellingGeneralAndAdministrativeExpenses": 577000000,
        "otherExpenses": 4445000000,
        "operatingExpenses": 5022000000,
        "costAndExpenses": -1560000000,
        "interestIncome": 14183000000,
        "interestExpense": 10530000000,
        "depreciationAndAmortization": -3669000000,
        "ebitda": 14199000000,
        "ebitdaratio": 2.8273596177,
        "operatingIncome": 14199000000,
        "operatingIncomeRatio": 2.8273596177,
        "totalOtherIncomeExpensesNet": -1460000000,
        "incomeBeforeTax": 3669000000,
        "incomeBeforeTaxRatio": 0.7305854241,
        "incomeTaxExpense": 756000000,
        "netIncome": 2913000000,
        "netIncomeRatio": 0.5800477897,
        "eps": 0.12,
        "epsdiluted": 0.12,
        "weightedAverageShsOut": 3234000000,
        "weightedAverageShsOutDil": 3234000000,
        "link": "https://www.sec.gov/Archives/edgar/data/1026214/000102621421000033/0001026214-21-000033-index.htm",
        "finalLink": "https://www.sec.gov/Archives/edgar/data/1026214/000102621421000033/fmcc-20201231.htm"
    },
    {
        "date": "2020-09-30",
        "symbol": "FMCC",
        "reportedCurrency": "USD",
        "cik": "0001026214",
        "fillingDate": "2020-10-29",
        "acceptedDate": "2020-10-29 07:58:56",
        "calendarYear": "2020",
        "period": "Q3",
        "revenue": 5066000000,
        "costOfRevenue": 0,
        "grossProfit": 5066000000,
        "grossProfitRatio": 1,
        "researchAndDevelopmentExpenses": 0,
        "generalAndAdministrativeExpenses": 536000000,
        "sellingAndMarketingExpenses": 0,
        "sellingGeneralAndAdministrativeExpenses": 536000000,
        "otherExpenses": 8897000000,
        "operatingExpenses": 9433000000,
        "costAndExpenses": -12571000000,
        "interestIncome": 14849000000,
        "interestExpense": 11392000000,
        "depreciationAndAmortization": -3107000000,
        "ebitda": -12000000,
        "ebitdaratio": -0.0023687327,
        "operatingIncome": 14499000000,
        "operatingIncomeRatio": 2.8620213186,
        "totalOtherIncomeExpensesNet": -991000000,
        "incomeBeforeTax": 3107000000,
        "incomeBeforeTaxRatio": 0.6133043822,
        "incomeTaxExpense": 644000000,
        "netIncome": 2463000000,
        "netIncomeRatio": 0.4861823924,
        "eps": 0.0043,
        "epsdiluted": 0.0043,
        "weightedAverageShsOut": 3234000000,
        "weightedAverageShsOutDil": 3234000000,
        "link": "https://www.sec.gov/Archives/edgar/data/1026214/000102621420000063/0001026214-20-000063-index.htm",
        "finalLink": "https://www.sec.gov/Archives/edgar/data/1026214/000102621420000063/a20203q10q.htm"
    },
    {
        "date": "2020-06-30",
        "symbol": "FMCC",
        "reportedCurrency": "USD",
        "cik": "0001026214",
        "fillingDate": "2020-07-30",
        "acceptedDate": "2020-07-30 07:58:39",
        "calendarYear": "2020",
        "period": "Q2",
        "revenue": 4019000000,
        "costOfRevenue": 0,
        "grossProfit": 4149000000,
        "grossProfitRatio": 1.0323463548,
        "researchAndDevelopmentExpenses": 0,
        "generalAndAdministrativeExpenses": 513000000,
        "sellingAndMarketingExpenses": 0,
        "sellingGeneralAndAdministrativeExpenses": 513000000,
        "otherExpenses": 3506000000,
        "operatingExpenses": 10926000000,
        "costAndExpenses": -14346000000,
        "interestIncome": 15716000000,
        "interestExpense": 12840000000,
        "depreciationAndAmortization": -2235000000,
        "ebitda": 12840000000,
        "ebitdaratio": 3.1948245832,
        "operatingIncome": 15075000000,
        "operatingIncomeRatio": 3.7509330679,
        "totalOtherIncomeExpensesNet": -608000000,
        "incomeBeforeTax": 2235000000,
        "incomeBeforeTaxRatio": 0.5561084847,
        "incomeTaxExpense": 458000000,
        "netIncome": 1777000000,
        "netIncomeRatio": 0.4421497885,
        "eps": -0.05,
        "epsdiluted": -0.05,
        "weightedAverageShsOut": 3234000000,
        "weightedAverageShsOutDil": 3234000000,
        "link": "https://www.sec.gov/Archives/edgar/data/1026214/000102621420000043/0001026214-20-000043-index.htm",
        "finalLink": "https://www.sec.gov/Archives/edgar/data/1026214/000102621420000043/a20202q10q.htm"
    },
    {
        "date": "2020-03-31",
        "symbol": "FMCC",
        "reportedCurrency": "USD",
        "cik": "0001026214",
        "fillingDate": "2020-04-30",
        "acceptedDate": "2020-04-30 07:59:32",
        "calendarYear": "2020",
        "period": "Q1",
        "revenue": 2274000000,
        "costOfRevenue": 0,
        "grossProfit": 2274000000,
        "grossProfitRatio": 1,
        "researchAndDevelopmentExpenses": 0,
        "generalAndAdministrativeExpenses": 511000000,
        "sellingAndMarketingExpenses": 0,
        "sellingGeneralAndAdministrativeExpenses": 511000000,
        "otherExpenses": 12240000000,
        "operatingExpenses": 12751000000,
        "costAndExpenses": 2422000000,
        "interestIncome": 17592000000,
        "interestExpense": 14807000000,
        "depreciationAndAmortization": -218000000,
        "ebitda": 0,
        "ebitdaratio": 0,
        "operatingIncome": 602000000,
        "operatingIncomeRatio": 0.2647317502,
        "totalOtherIncomeExpensesNet": -384000000,
        "incomeBeforeTax": 218000000,
        "incomeBeforeTaxRatio": 0.0958663149,
        "incomeTaxExpense": 45000000,
        "netIncome": 173000000,
        "netIncomeRatio": 0.0760773967,
        "eps": -0.06,
        "epsdiluted": -0.06,
        "weightedAverageShsOut": 3234000000,
        "weightedAverageShsOutDil": 3234000000,
        "link": "https://www.sec.gov/Archives/edgar/data/1026214/000102621420000022/0001026214-20-000022-index.htm",
        "finalLink": "https://www.sec.gov/Archives/edgar/data/1026214/000102621420000022/a20201q10q.htm"
    },
    {
        "date": "2019-12-31",
        "symbol": "FMCC",
        "reportedCurrency": "USD",
        "cik": "0001026214",
        "fillingDate": "2020-02-13",
        "acceptedDate": "2020-02-13 08:01:43",
        "calendarYear": "2019",
        "period": "Q4",
        "revenue": 4573000000,
        "costOfRevenue": 0,
        "grossProfit": 4573000000,
        "grossProfitRatio": 1,
        "researchAndDevelopmentExpenses": 0,
        "generalAndAdministrativeExpenses": 644000000,
        "sellingAndMarketingExpenses": 0,
        "sellingGeneralAndAdministrativeExpenses": 644000000,
        "otherExpenses": 3887000000,
        "operatingExpenses": 4531000000,
        "costAndExpenses": -14967000000,
        "interestIncome": 17907000000,
        "interestExpense": 14549000000,
        "depreciationAndAmortization": -3250000000,
        "ebitda": 17799000000,
        "ebitdaratio": 3.8921933086,
        "operatingIncome": 17799000000,
        "operatingIncomeRatio": 3.8921933086,
        "totalOtherIncomeExpensesNet": -849000000,
        "incomeBeforeTax": 3250000000,
        "incomeBeforeTaxRatio": 0.7106931992,
        "incomeTaxExpense": 658000000,
        "netIncome": 2592000000,
        "netIncomeRatio": 0.5668051607,
        "eps": 0.04,
        "epsdiluted": 0.04,
        "weightedAverageShsOut": 3234000000,
        "weightedAverageShsOutDil": 3234000000,
        "link": "https://www.sec.gov/Archives/edgar/data/1026214/000102621420000016/0001026214-20-000016-index.htm",
        "finalLink": "https://www.sec.gov/Archives/edgar/data/1026214/000102621420000016/a20194q10k.htm"
    },
    {
        "date": "2019-09-30",
        "symbol": "FMCC",
        "reportedCurrency": "USD",
        "cik": "0001026214",
        "fillingDate": "2019-10-30",
        "acceptedDate": "2019-10-30 08:01:47",
        "calendarYear": "2019",
        "period": "Q3",
        "revenue": 3380000000,
        "costOfRevenue": 0,
        "grossProfit": 3380000000,
        "grossProfitRatio": 1,
        "researchAndDevelopmentExpenses": 0,
        "generalAndAdministrativeExpenses": 505000000,
        "sellingAndMarketingExpenses": 0,
        "sellingGeneralAndAdministrativeExpenses": 505000000,
        "otherExpenses": 13381000000,
        "operatingExpenses": 13886000000,
        "costAndExpenses": 3379000000,
        "interestIncome": 17540000000,
        "interestExpense": 15130000000,
        "depreciationAndAmortization": -2136000000,
        "ebitda": 0,
        "ebitdaratio": 0,
        "operatingIncome": 17266000000,
        "operatingIncomeRatio": 5.1082840237,
        "totalOtherIncomeExpensesNet": -802000000,
        "incomeBeforeTax": 2136000000,
        "incomeBeforeTaxRatio": 0.6319526627,
        "incomeTaxExpense": 427000000,
        "netIncome": 1709000000,
        "netIncomeRatio": 0.5056213018,
        "eps": -0.04,
        "epsdiluted": -0.04,
        "weightedAverageShsOut": 3234000000,
        "weightedAverageShsOutDil": 3234000000,
        "link": "https://www.sec.gov/Archives/edgar/data/1026214/000102621419000078/0001026214-19-000078-index.htm",
        "finalLink": "https://www.sec.gov/Archives/edgar/data/1026214/000102621419000078/a20193q10q.htm"
    },
    {
        "date": "2019-06-30",
        "symbol": "FMCC",
        "reportedCurrency": "USD",
        "cik": "0001026214",
        "fillingDate": "2019-07-31",
        "acceptedDate": "2019-07-31 08:03:03",
        "calendarYear": "2019",
        "period": "Q2",
        "revenue": 3249000000,
        "costOfRevenue": 0,
        "grossProfit": 3249000000,
        "grossProfitRatio": 1,
        "researchAndDevelopmentExpenses": 0,
        "generalAndAdministrativeExpenses": 497000000,
        "sellingAndMarketingExpenses": 0,
        "sellingGeneralAndAdministrativeExpenses": 497000000,
        "otherExpenses": 13687000000,
        "operatingExpenses": 14184000000,
        "costAndExpenses": -19306000000,
        "interestIncome": 18462000000,
        "interestExpense": 15535000000,
        "depreciationAndAmortization": -1898000000,
        "ebitda": 15535000000,
        "ebitdaratio": 4.7814712219,
        "operatingIncome": 17433000000,
        "operatingIncomeRatio": 5.3656509695,
        "totalOtherIncomeExpensesNet": -855000000,
        "incomeBeforeTax": 1898000000,
        "incomeBeforeTaxRatio": 0.5841797476,
        "incomeTaxExpense": 392000000,
        "netIncome": 1506000000,
        "netIncomeRatio": 0.4635272392,
        "eps": -0.1,
        "epsdiluted": -0.1,
        "weightedAverageShsOut": 3234000000,
        "weightedAverageShsOutDil": 3234000000,
        "link": "https://www.sec.gov/Archives/edgar/data/1026214/000102621419000054/0001026214-19-000054-index.htm",
        "finalLink": "https://www.sec.gov/Archives/edgar/data/1026214/000102621419000054/a20192q10q.htm"
    },
    {
        "date": "2019-03-31",
        "symbol": "FMCC",
        "reportedCurrency": "USD",
        "cik": "0001026214",
        "fillingDate": "2019-05-01",
        "acceptedDate": "2019-05-01 08:00:47",
        "calendarYear": "2019",
        "period": "Q1",
        "revenue": 2918000000,
        "costOfRevenue": 0,
        "grossProfit": 2918000000,
        "grossProfitRatio": 1,
        "researchAndDevelopmentExpenses": 0,
        "generalAndAdministrativeExpenses": 473000000,
        "sellingAndMarketingExpenses": 0,
        "sellingGeneralAndAdministrativeExpenses": 473000000,
        "otherExpenses": 14207000000,
        "operatingExpenses": 14680000000,
        "costAndExpenses": -18635000000,
        "interestIncome": 18986000000,
        "interestExpense": 15833000000,
        "depreciationAndAmortization": -1765000000,
        "ebitda": 15833000000,
        "ebitdaratio": 5.4259766964,
        "operatingIncome": 17598000000,
        "operatingIncomeRatio": 6.0308430432,
        "totalOtherIncomeExpensesNet": -705000000,
        "incomeBeforeTax": 1765000000,
        "incomeBeforeTaxRatio": 0.6048663468,
        "incomeTaxExpense": 358000000,
        "netIncome": 1407000000,
        "netIncomeRatio": 0.4821795751,
        "eps": -0.08,
        "epsdiluted": -0.08,
        "weightedAverageShsOut": 3234000000,
        "weightedAverageShsOutDil": 3234000000,
        "link": "https://www.sec.gov/Archives/edgar/data/1026214/000102621419000029/0001026214-19-000029-index.htm",
        "finalLink": "https://www.sec.gov/Archives/edgar/data/1026214/000102621419000029/a20191q10q.htm"
    },
    {
        "date": "2018-12-31",
        "symbol": "FMCC",
        "reportedCurrency": "USD",
        "cik": "0001026214",
        "fillingDate": "2019-02-14",
        "acceptedDate": "2019-02-14 07:58:30",
        "calendarYear": "2018",
        "period": "Q4",
        "revenue": 2811000000,
        "costOfRevenue": 0,
        "grossProfit": 2408000000,
        "grossProfitRatio": 0.8566346496,
        "researchAndDevelopmentExpenses": 0,
        "generalAndAdministrativeExpenses": 495000000,
        "sellingAndMarketingExpenses": 0,
        "sellingGeneralAndAdministrativeExpenses": 495000000,
        "otherExpenses": 2316000000,
        "operatingExpenses": 2811000000,
        "costAndExpenses": -17435000000,
        "interestIncome": 17974000000,
        "interestExpense": 15231000000,
        "depreciationAndAmortization": -1458000000,
        "ebitda": 16624000000,
        "ebitdaratio": 5.9139096407,
        "operatingIncome": 16624000000,
        "operatingIncomeRatio": 5.9139096407,
        "totalOtherIncomeExpensesNet": -798000000,
        "incomeBeforeTax": 1393000000,
        "incomeBeforeTaxRatio": 0.4955531839,
        "incomeTaxExpense": 293000000,
        "netIncome": 1100000000,
        "netIncomeRatio": 0.391319815,
        "eps": -0.12,
        "epsdiluted": -0.12,
        "weightedAverageShsOut": 3234000000,
        "weightedAverageShsOutDil": 3234000000,
        "link": "https://www.sec.gov/Archives/edgar/data/1026214/000102621419000020/0001026214-19-000020-index.htm",
        "finalLink": "https://www.sec.gov/Archives/edgar/data/1026214/000102621419000020/a20184q10k.htm"
    },
    {
        "date": "2018-09-30",
        "symbol": "FMCC",
        "reportedCurrency": "USD",
        "cik": "0001026214",
        "fillingDate": "2018-10-31",
        "acceptedDate": "2018-10-31 07:59:29",
        "calendarYear": "2018",
        "period": "Q3",
        "revenue": 3936000000,
        "costOfRevenue": 0,
        "grossProfit": 3936000000,
        "grossProfitRatio": 1,
        "researchAndDevelopmentExpenses": 0,
        "generalAndAdministrativeExpenses": 449000000,
        "sellingAndMarketingExpenses": 0,
        "sellingGeneralAndAdministrativeExpenses": 449000000,
        "otherExpenses": 13423000000,
        "operatingExpenses": 13872000000,
        "costAndExpenses": -14640000000,
        "interestIncome": 17803000000,
        "interestExpense": 14546000000,
        "depreciationAndAmortization": -3116000000,
        "ebitda": 14692000000,
        "ebitdaratio": 3.7327235772,
        "operatingIncome": 17808000000,
        "operatingIncomeRatio": 4.5243902439,
        "totalOtherIncomeExpensesNet": -485000000,
        "incomeBeforeTax": 3262000000,
        "incomeBeforeTaxRatio": 0.8287601626,
        "incomeTaxExpense": 556000000,
        "netIncome": 2706000000,
        "netIncomeRatio": 0.6875,
        "eps": 0.05,
        "epsdiluted": 0.05,
        "weightedAverageShsOut": 3234000000,
        "weightedAverageShsOutDil": 3234000000,
        "link": "https://www.sec.gov/Archives/edgar/data/1026214/000102621418000061/0001026214-18-000061-index.htm",
        "finalLink": "https://www.sec.gov/Archives/edgar/data/1026214/000102621418000061/a20183q10q.htm"
    },
    {
        "date": "2018-06-30",
        "symbol": "FMCC",
        "reportedCurrency": "USD",
        "cik": "0001026214",
        "fillingDate": "2018-07-31",
        "acceptedDate": "2018-07-31 07:59:59",
        "calendarYear": "2018",
        "period": "Q2",
        "revenue": 4081000000,
        "costOfRevenue": 0,
        "grossProfit": 4141000000,
        "grossProfitRatio": 1.0147022789,
        "researchAndDevelopmentExpenses": 0,
        "generalAndAdministrativeExpenses": 445000000,
        "sellingAndMarketingExpenses": 0,
        "sellingGeneralAndAdministrativeExpenses": 445000000,
        "otherExpenses": 12918000000,
        "operatingExpenses": 13363000000,
        "costAndExpenses": -14567000000,
        "interestIncome": 17302000000,
        "interestExpense": 14299000000,
        "depreciationAndAmortization": -2998000000,
        "ebitda": 14446000000,
        "ebitdaratio": 3.5398186719,
        "operatingIncome": 17444000000,
        "operatingIncomeRatio": 4.2744425386,
        "totalOtherIncomeExpensesNet": -438000000,
        "incomeBeforeTax": 3145000000,
        "incomeBeforeTaxRatio": 0.7706444499,
        "incomeTaxExpense": 642000000,
        "netIncome": 2503000000,
        "netIncomeRatio": 0.6133300662,
        "eps": 0.28,
        "epsdiluted": 0.28,
        "weightedAverageShsOut": 3234000000,
        "weightedAverageShsOutDil": 3234000000,
        "link": "https://www.sec.gov/Archives/edgar/data/1026214/000102621418000044/0001026214-18-000044-index.htm",
        "finalLink": "https://www.sec.gov/Archives/edgar/data/1026214/000102621418000044/a20182q10q.htm"
    },
    {
        "date": "2018-03-31",
        "symbol": "FMCC",
        "reportedCurrency": "USD",
        "cik": "0001026214",
        "fillingDate": "2018-05-01",
        "acceptedDate": "2018-05-01 07:59:00",
        "calendarYear": "2018",
        "period": "Q1",
        "revenue": 4847000000,
        "costOfRevenue": 0,
        "grossProfit": 4737000000,
        "grossProfitRatio": 0.9773055498,
        "researchAndDevelopmentExpenses": 0,
        "generalAndAdministrativeExpenses": 418000000,
        "sellingAndMarketingExpenses": 0,
        "sellingGeneralAndAdministrativeExpenses": 418000000,
        "otherExpenses": 12476000000,
        "operatingExpenses": 12894000000,
        "costAndExpenses": -13459000000,
        "interestIncome": 16975000000,
        "interestExpense": 13957000000,
        "depreciationAndAmortization": -3564000000,
        "ebitda": 0,
        "ebitdaratio": 0,
        "operatingIncome": 17631000000,
        "operatingIncomeRatio": 3.6375077367,
        "totalOtherIncomeExpensesNet": -480000000,
        "incomeBeforeTax": 3674000000,
        "incomeBeforeTaxRatio": 0.7579946359,
        "incomeTaxExpense": 748000000,
        "netIncome": 2926000000,
        "netIncomeRatio": 0.6036723747,
        "eps": 0.9,
        "epsdiluted": 0.9,
        "weightedAverageShsOut": 3234000000,
        "weightedAverageShsOutDil": 3234000000,
        "link": "https://www.sec.gov/Archives/edgar/data/1026214/000102621418000028/0001026214-18-000028-index.htm",
        "finalLink": "https://www.sec.gov/Archives/edgar/data/1026214/000102621418000028/a20181q10q.htm"
    },
    {
        "date": "2017-12-31",
        "symbol": "FMCC",
        "reportedCurrency": "USD",
        "cik": "0001026214",
        "fillingDate": "2018-02-15",
        "acceptedDate": "2018-02-15 08:00:42",
        "calendarYear": "2017",
        "period": "Q4",
        "revenue": 17356000000,
        "costOfRevenue": 0,
        "grossProfit": 4770000000,
        "grossProfitRatio": 0.2748329108,
        "researchAndDevelopmentExpenses": 0,
        "generalAndAdministrativeExpenses": 446000000,
        "sellingAndMarketingExpenses": 0,
        "sellingGeneralAndAdministrativeExpenses": 446000000,
        "otherExpenses": 4278000000,
        "operatingExpenses": 4770000000,
        "costAndExpenses": -1162000000,
        "interestIncome": 17054000000,
        "interestExpense": 13553000000,
        "depreciationAndAmortization": -3769000000,
        "ebitda": 17375000000,
        "ebitdaratio": 1.0010947223,
        "operatingIncome": 17375000000,
        "operatingIncomeRatio": 1.0010947223,
        "totalOtherIncomeExpensesNet": -645000000,
        "incomeBeforeTax": 3822000000,
        "incomeBeforeTaxRatio": 0.2202120304,
        "incomeTaxExpense": 6743000000,
        "netIncome": -2921000000,
        "netIncomeRatio": -0.1682991473,
        "eps": -0.9,
        "epsdiluted": -0.9,
        "weightedAverageShsOut": 3234000000,
        "weightedAverageShsOutDil": 3234000000,
        "link": "https://www.sec.gov/Archives/edgar/data/1026214/000102621418000020/0001026214-18-000020-index.htm",
        "finalLink": "https://www.sec.gov/Archives/edgar/data/1026214/000102621418000020/a20174q10k.htm"
    },
    {
        "date": "2017-09-30",
        "symbol": "FMCC",
        "reportedCurrency": "USD",
        "cik": "0001026214",
        "fillingDate": "2017-10-31",
        "acceptedDate": "2017-10-31 07:59:57",
        "calendarYear": "2017",
        "period": "Q3",
        "revenue": 22249000000,
        "costOfRevenue": 0,
        "grossProfit": 8936000000,
        "grossProfitRatio": 0.4016360286,
        "researchAndDevelopmentExpenses": 0,
        "generalAndAdministrativeExpenses": 414000000,
        "sellingAndMarketingExpenses": 0,
        "sellingGeneralAndAdministrativeExpenses": 414000000,
        "otherExpenses": 11241000000,
        "operatingExpenses": 11638000000,
        "costAndExpenses": 524000000,
        "interestIncome": 16873000000,
        "interestExpense": 13384000000,
        "depreciationAndAmortization": -2638000000,
        "ebitda": 4526000000,
        "ebitdaratio": 0.203424873,
        "operatingIncome": 20574000000,
        "operatingIncomeRatio": 0.9247157176,
        "totalOtherIncomeExpensesNet": 4019000000,
        "incomeBeforeTax": 7190000000,
        "incomeBeforeTaxRatio": 0.3231605915,
        "incomeTaxExpense": 2519000000,
        "netIncome": 4671000000,
        "netIncomeRatio": 0.2099420199,
        "eps": 0.01,
        "epsdiluted": 0.01,
        "weightedAverageShsOut": 3234000000,
        "weightedAverageShsOutDil": 3234000000,
        "link": "https://www.sec.gov/Archives/edgar/data/1026214/000102621417000054/0001026214-17-000054-index.htm",
        "finalLink": "https://www.sec.gov/Archives/edgar/data/1026214/000102621417000054/a20173q10q.htm"
    },
    {
        "date": "2017-06-30",
        "symbol": "FMCC",
        "reportedCurrency": "USD",
        "cik": "0001026214",
        "fillingDate": "2017-08-01",
        "acceptedDate": "2017-08-01 08:01:08",
        "calendarYear": "2017",
        "period": "Q2",
        "revenue": 16900000000,
        "costOfRevenue": 0,
        "grossProfit": 3035000000,
        "grossProfitRatio": 0.1795857988,
        "researchAndDevelopmentExpenses": 0,
        "generalAndAdministrativeExpenses": 395000000,
        "sellingAndMarketingExpenses": 0,
        "sellingGeneralAndAdministrativeExpenses": 395000000,
        "otherExpenses": 12608000000,
        "operatingExpenses": 12987000000,
        "costAndExpenses": 513000000,
        "interestIncome": 16900000000,
        "interestExpense": 13521000000,
        "depreciationAndAmortization": -2451000000,
        "ebitda": 16022000000,
        "ebitdaratio": 0.9480473373,
        "operatingIncome": 16022000000,
        "operatingIncomeRatio": 0.9480473373,
        "totalOtherIncomeExpensesNet": -443000000,
        "incomeBeforeTax": 2501000000,
        "incomeBeforeTaxRatio": 0.1479881657,
        "incomeTaxExpense": 837000000,
        "netIncome": 1664000000,
        "netIncomeRatio": 0.0984615385,
        "eps": -0.1,
        "epsdiluted": -0.1,
        "weightedAverageShsOut": 3234000000,
        "weightedAverageShsOutDil": 3234000000,
        "link": "https://www.sec.gov/Archives/edgar/data/1026214/000102621417000038/0001026214-17-000038-index.htm",
        "finalLink": "https://www.sec.gov/Archives/edgar/data/1026214/000102621417000038/a20172q10q.htm"
    },
    {
        "date": "2017-03-31",
        "symbol": "FMCC",
        "reportedCurrency": "USD",
        "cik": "0001026214",
        "fillingDate": "2017-05-02",
        "acceptedDate": "2017-05-02 07:58:57",
        "calendarYear": "2017",
        "period": "Q1",
        "revenue": 3951000000,
        "costOfRevenue": 0,
        "grossProfit": 3951000000,
        "grossProfitRatio": 1,
        "researchAndDevelopmentExpenses": 0,
        "generalAndAdministrativeExpenses": 399000000,
        "sellingAndMarketingExpenses": 0,
        "sellingGeneralAndAdministrativeExpenses": 399000000,
        "otherExpenses": 12169000000,
        "operatingExpenses": 12555000000,
        "costAndExpenses": 511000000,
        "interestIncome": 16980000000,
        "interestExpense": 13185000000,
        "depreciationAndAmortization": -3103000000,
        "ebitda": 13403000000,
        "ebitdaratio": 3.3923057454,
        "operatingIncome": 16506000000,
        "operatingIncomeRatio": 4.1776765376,
        "totalOtherIncomeExpensesNet": -235000000,
        "incomeBeforeTax": 3321000000,
        "incomeBeforeTaxRatio": 0.840546697,
        "incomeTaxExpense": 1110000000,
        "netIncome": 2211000000,
        "netIncomeRatio": 0.5596051632,
        "eps": -0.01,
        "epsdiluted": -0.01,
        "weightedAverageShsOut": 3234000000,
        "weightedAverageShsOutDil": 3234000000,
        "link": "https://www.sec.gov/Archives/edgar/data/1026214/000102621417000025/0001026214-17-000025-index.htm",
        "finalLink": "https://www.sec.gov/Archives/edgar/data/1026214/000102621417000025/a20171q10q.htm"
    },
    {
        "date": "2016-12-31",
        "symbol": "FMCC",
        "reportedCurrency": "USD",
        "cik": "0001026214",
        "fillingDate": "2017-02-16",
        "acceptedDate": "2017-02-16 08:00:27",
        "calendarYear": "2016",
        "period": "Q4",
        "revenue": 20925000000,
        "costOfRevenue": 0,
        "grossProfit": 8800000000,
        "grossProfitRatio": 0.4205495818,
        "researchAndDevelopmentExpenses": 0,
        "generalAndAdministrativeExpenses": 363000000,
        "sellingAndMarketingExpenses": 221000000,
        "sellingGeneralAndAdministrativeExpenses": 584000000,
        "otherExpenses": 8383000000,
        "operatingExpenses": 8800000000,
        "costAndExpenses": -1033000000,
        "interestIncome": 16002000000,
        "interestExpense": 12117000000,
        "depreciationAndAmortization": -7308000000,
        "ebitda": 19480000000,
        "ebitdaratio": 0.9309438471,
        "operatingIncome": 19480000000,
        "operatingIncomeRatio": 0.9309438471,
        "totalOtherIncomeExpensesNet": -527000000,
        "incomeBeforeTax": 7363000000,
        "incomeBeforeTaxRatio": 0.3518757467,
        "incomeTaxExpense": 2516000000,
        "netIncome": 4847000000,
        "netIncomeRatio": 0.2316367981,
        "eps": 0.11,
        "epsdiluted": 0.11,
        "weightedAverageShsOut": 3234000000,
        "weightedAverageShsOutDil": 3234000000,
        "link": "https://www.sec.gov/Archives/edgar/data/1026214/000102621417000018/0001026214-17-000018-index.htm",
        "finalLink": "https://www.sec.gov/Archives/edgar/data/1026214/000102621417000018/a201610k.htm"
    },
    {
        "date": "2016-09-30",
        "symbol": "FMCC",
        "reportedCurrency": "USD",
        "cik": "0001026214",
        "fillingDate": "2016-11-01",
        "acceptedDate": "2016-11-01 07:58:29",
        "calendarYear": "2016",
        "period": "Q3",
        "revenue": 16163000000,
        "costOfRevenue": 0,
        "grossProfit": 4515000000,
        "grossProfitRatio": 0.2793417064,
        "researchAndDevelopmentExpenses": 0,
        "generalAndAdministrativeExpenses": 356000000,
        "sellingAndMarketingExpenses": 0,
        "sellingGeneralAndAdministrativeExpenses": 356000000,
        "otherExpenses": 4159000000,
        "operatingExpenses": 11211000000,
        "costAndExpenses": 498000000,
        "interestIncome": 16047000000,
        "interestExpense": 12401000000,
        "depreciationAndAmortization": -3417000000,
        "ebitda": 0,
        "ebitdaratio": 0,
        "operatingIncome": 15726000000,
        "operatingIncomeRatio": 0.97296294,
        "totalOtherIncomeExpensesNet": -579000000,
        "incomeBeforeTax": 3325000000,
        "incomeBeforeTaxRatio": 0.2057167605,
        "incomeTaxExpense": 996000000,
        "netIncome": 2329000000,
        "netIncomeRatio": 0.1440945369,
        "eps": 0.01,
        "epsdiluted": 0.01,
        "weightedAverageShsOut": 3234000000,
        "weightedAverageShsOutDil": 3234000000,
        "link": "https://www.sec.gov/Archives/edgar/data/1026214/000102621416000148/0001026214-16-000148-index.htm",
        "finalLink": "https://www.sec.gov/Archives/edgar/data/1026214/000102621416000148/a20163q10q.htm"
    },
    {
        "date": "2016-06-30",
        "symbol": "FMCC",
        "reportedCurrency": "USD",
        "cik": "0001026214",
        "fillingDate": "2016-08-02",
        "acceptedDate": "2016-08-02 08:00:14",
        "calendarYear": "2016",
        "period": "Q2",
        "revenue": 16272000000,
        "costOfRevenue": 0,
        "grossProfit": 1738000000,
        "grossProfitRatio": 0.1068092429,
        "researchAndDevelopmentExpenses": 0,
        "generalAndAdministrativeExpenses": 343000000,
        "sellingAndMarketingExpenses": 0,
        "sellingGeneralAndAdministrativeExpenses": 343000000,
        "otherExpenses": 12207000000,
        "operatingExpenses": 12550000000,
        "costAndExpenses": 1738000000,
        "interestIncome": 16272000000,
        "interestExpense": 12829000000,
        "depreciationAndAmortization": -1578000000,
        "ebitda": 14288000000,
        "ebitdaratio": 0.878072763,
        "operatingIncome": 14288000000,
        "operatingIncomeRatio": 0.878072763,
        "totalOtherIncomeExpensesNet": -579000000,
        "incomeBeforeTax": 1459000000,
        "incomeBeforeTaxRatio": 0.0896632252,
        "incomeTaxExpense": 466000000,
        "netIncome": 993000000,
        "netIncomeRatio": 0.0610250737,
        "eps": 0.02,
        "epsdiluted": 0.02,
        "weightedAverageShsOut": 3234000000,
        "weightedAverageShsOutDil": 3234000000,
        "link": "https://www.sec.gov/Archives/edgar/data/1026214/000102621416000132/0001026214-16-000132-index.htm",
        "finalLink": "https://www.sec.gov/Archives/edgar/data/1026214/000102621416000132/a20162q10q.htm"
    },
    {
        "date": "2016-03-31",
        "symbol": "FMCC",
        "reportedCurrency": "USD",
        "cik": "0001026214",
        "fillingDate": "2016-05-03",
        "acceptedDate": "2016-05-03 08:00:56",
        "calendarYear": "2016",
        "period": "Q1",
        "revenue": 16844000000,
        "costOfRevenue": 0,
        "grossProfit": 37000000,
        "grossProfitRatio": 0.0021966279,
        "researchAndDevelopmentExpenses": 0,
        "generalAndAdministrativeExpenses": 334000000,
        "sellingAndMarketingExpenses": 0,
        "sellingGeneralAndAdministrativeExpenses": 334000000,
        "otherExpenses": 12560000000,
        "operatingExpenses": 12894000000,
        "costAndExpenses": 37000000,
        "interestIncome": 16844000000,
        "interestExpense": 13439000000,
        "depreciationAndAmortization": 453000000,
        "ebitda": 12931000000,
        "ebitdaratio": 0.7676917597,
        "operatingIncome": 12931000000,
        "operatingIncomeRatio": 0.7676917597,
        "totalOtherIncomeExpensesNet": -564000000,
        "incomeBeforeTax": -508000000,
        "incomeBeforeTaxRatio": -0.0301591071,
        "incomeTaxExpense": -154000000,
        "netIncome": -354000000,
        "netIncomeRatio": -0.0210163857,
        "eps": -0.11,
        "epsdiluted": -0.11,
        "weightedAverageShsOut": 3234000000,
        "weightedAverageShsOutDil": 3234000000,
        "link": "https://www.sec.gov/Archives/edgar/data/1026214/000102621416000111/0001026214-16-000111-index.htm",
        "finalLink": "https://www.sec.gov/Archives/edgar/data/1026214/000102621416000111/a20161q10q.htm"
    },
    {
        "date": "2015-12-31",
        "symbol": "FMCC",
        "reportedCurrency": "USD",
        "cik": "0001026214",
        "fillingDate": "2016-02-18",
        "acceptedDate": "2016-02-18 06:59:59",
        "calendarYear": "2015",
        "period": "Q4",
        "revenue": 4301000000,
        "costOfRevenue": 0,
        "grossProfit": 3520000000,
        "grossProfitRatio": 0.8184143223,
        "researchAndDevelopmentExpenses": 0,
        "generalAndAdministrativeExpenses": 358000000,
        "sellingAndMarketingExpenses": 0,
        "sellingGeneralAndAdministrativeExpenses": 358000000,
        "otherExpenses": 3257000000,
        "operatingExpenses": 3615000000,
        "costAndExpenses": -1016000000,
        "interestIncome": 16876000000,
        "interestExpense": 13289000000,
        "depreciationAndAmortization": -3162000000,
        "ebitda": 16366000000,
        "ebitdaratio": 3.8051615903,
        "operatingIncome": 16366000000,
        "operatingIncomeRatio": 3.8051615903,
        "totalOtherIncomeExpensesNet": -714000000,
        "incomeBeforeTax": 3077000000,
        "incomeBeforeTaxRatio": 0.7154150198,
        "incomeTaxExpense": 919000000,
        "netIncome": 2158000000,
        "netIncomeRatio": 0.5017437805,
        "eps": 0.13,
        "epsdiluted": 0.13,
        "weightedAverageShsOut": 3234000000,
        "weightedAverageShsOutDil": 3234000000,
        "link": "https://www.sec.gov/Archives/edgar/data/1026214/000102621416000103/0001026214-16-000103-index.htm",
        "finalLink": "https://www.sec.gov/Archives/edgar/data/1026214/000102621416000103/a201510k.htm"
    },
    {
        "date": "2015-09-30",
        "symbol": "FMCC",
        "reportedCurrency": "USD",
        "cik": "0001026214",
        "fillingDate": "2015-11-03",
        "acceptedDate": "2015-11-03 07:58:12",
        "calendarYear": "2015",
        "period": "Q3",
        "revenue": 16759000000,
        "costOfRevenue": 0,
        "grossProfit": -132000000,
        "grossProfitRatio": -0.0078763649,
        "researchAndDevelopmentExpenses": 0,
        "generalAndAdministrativeExpenses": 321000000,
        "sellingAndMarketingExpenses": 0,
        "sellingGeneralAndAdministrativeExpenses": 321000000,
        "otherExpenses": 12158000000,
        "operatingExpenses": 12479000000,
        "costAndExpenses": -102000000,
        "interestIncome": 16759000000,
        "interestExpense": 13016000000,
        "depreciationAndAmortization": 673000000,
        "ebitda": 12347000000,
        "ebitdaratio": 0.7367384689,
        "operatingIncome": 12347000000,
        "operatingIncomeRatio": 0.7367384689,
        "totalOtherIncomeExpensesNet": -4949000000,
        "incomeBeforeTax": -669000000,
        "incomeBeforeTaxRatio": -0.0399188496,
        "incomeTaxExpense": -194000000,
        "netIncome": -475000000,
        "netIncomeRatio": -0.0283429799,
        "eps": -0.15,
        "epsdiluted": -0.15,
        "weightedAverageShsOut": 3234000000,
        "weightedAverageShsOutDil": 3234000000,
        "link": "https://www.sec.gov/Archives/edgar/data/1026214/000102621415000076/0001026214-15-000076-index.htm",
        "finalLink": "https://www.sec.gov/Archives/edgar/data/1026214/000102621415000076/a20153q10q.htm"
    },
    {
        "date": "2015-06-30",
        "symbol": "FMCC",
        "reportedCurrency": "USD",
        "cik": "0001026214",
        "fillingDate": "2015-08-04",
        "acceptedDate": "2015-08-04 08:02:55",
        "calendarYear": "2015",
        "period": "Q2",
        "revenue": 16655000000,
        "costOfRevenue": 0,
        "grossProfit": 6590000000,
        "grossProfitRatio": 0.3956769739,
        "researchAndDevelopmentExpenses": 0,
        "generalAndAdministrativeExpenses": 369000000,
        "sellingAndMarketingExpenses": 0,
        "sellingGeneralAndAdministrativeExpenses": 369000000,
        "otherExpenses": 6221000000,
        "operatingExpenses": 12174000000,
        "costAndExpenses": 501000000,
        "interestIncome": 16655000000,
        "interestExpense": 12686000000,
        "depreciationAndAmortization": -6158000000,
        "ebitda": 18764000000,
        "ebitdaratio": 1.12662864,
        "operatingIncome": 18764000000,
        "operatingIncomeRatio": 1.12662864,
        "totalOtherIncomeExpensesNet": -868000000,
        "incomeBeforeTax": 6078000000,
        "incomeBeforeTaxRatio": 0.3649354548,
        "incomeTaxExpense": 1909000000,
        "netIncome": 4169000000,
        "netIncomeRatio": 0.2503152207,
        "eps": 0.08,
        "epsdiluted": 0.08,
        "weightedAverageShsOut": 3234000000,
        "weightedAverageShsOutDil": 3234000000,
        "link": "https://www.sec.gov/Archives/edgar/data/1026214/000102621415000053/0001026214-15-000053-index.htm",
        "finalLink": "https://www.sec.gov/Archives/edgar/data/1026214/000102621415000053/a20152q10q.htm"
    },
    {
        "date": "2015-03-31",
        "symbol": "FMCC",
        "reportedCurrency": "USD",
        "cik": "0001026214",
        "fillingDate": "2015-05-05",
        "acceptedDate": "2015-05-05 07:58:51",
        "calendarYear": "2015",
        "period": "Q1",
        "revenue": 16800000000,
        "costOfRevenue": 0,
        "grossProfit": 1579000000,
        "grossProfitRatio": 0.0939880952,
        "researchAndDevelopmentExpenses": 0,
        "generalAndAdministrativeExpenses": 326000000,
        "sellingAndMarketingExpenses": 0,
        "sellingGeneralAndAdministrativeExpenses": 326000000,
        "otherExpenses": 1253000000,
        "operatingExpenses": 1579000000,
        "costAndExpenses": 1579000000,
        "interestIncome": 16800000000,
        "interestExpense": 13153000000,
        "depreciationAndAmortization": -867000000,
        "ebitda": 13941000000,
        "ebitdaratio": 0.8298214286,
        "operatingIncome": 13941000000,
        "operatingIncomeRatio": 0.8298214286,
        "totalOtherIncomeExpensesNet": -839000000,
        "incomeBeforeTax": 788000000,
        "incomeBeforeTaxRatio": 0.0469047619,
        "incomeTaxExpense": 264000000,
        "netIncome": 524000000,
        "netIncomeRatio": 0.0311904762,
        "eps": -0.07,
        "epsdiluted": -0.07,
        "weightedAverageShsOut": 3236000000,
        "weightedAverageShsOutDil": 3236000000,
        "link": "https://www.sec.gov/Archives/edgar/data/1026214/000102621415000029/0001026214-15-000029-index.htm",
        "finalLink": "https://www.sec.gov/Archives/edgar/data/1026214/000102621415000029/a20151q10q.htm"
    },
    {
        "date": "2014-12-31",
        "symbol": "FMCC",
        "reportedCurrency": "USD",
        "cik": "0001026214",
        "fillingDate": "2015-02-19",
        "acceptedDate": "2015-02-19 08:02:48",
        "calendarYear": "2014",
        "period": "Q4",
        "revenue": 1271000000,
        "costOfRevenue": 0,
        "grossProfit": 916000000,
        "grossProfitRatio": 0.7206923682,
        "researchAndDevelopmentExpenses": 0,
        "generalAndAdministrativeExpenses": 338000000,
        "sellingAndMarketingExpenses": 0,
        "sellingGeneralAndAdministrativeExpenses": 338000000,
        "otherExpenses": 578000000,
        "operatingExpenses": 916000000,
        "costAndExpenses": -958000000,
        "interestIncome": 17158000000,
        "interestExpense": 13571000000,
        "depreciationAndAmortization": -286000000,
        "ebitda": 13736000000,
        "ebitdaratio": 10.807238395,
        "operatingIncome": 13736000000,
        "operatingIncomeRatio": 10.807238395,
        "totalOtherIncomeExpensesNet": -618000000,
        "incomeBeforeTax": 165000000,
        "incomeBeforeTaxRatio": 0.1298190401,
        "incomeTaxExpense": -62000000,
        "netIncome": 227000000,
        "netIncomeRatio": 0.1785995279,
        "eps": 0.0701,
        "epsdiluted": 0.0701,
        "weightedAverageShsOut": 3236000000,
        "weightedAverageShsOutDil": 3236000000,
        "link": "https://www.sec.gov/Archives/edgar/data/1026214/000102621415000015/0001026214-15-000015-index.htm",
        "finalLink": "https://www.sec.gov/Archives/edgar/data/1026214/000102621415000015/a201410k.htm"
    },
    {
        "date": "2014-09-30",
        "symbol": "FMCC",
        "reportedCurrency": "USD",
        "cik": "0001026214",
        "fillingDate": "2014-11-06",
        "acceptedDate": "2014-11-06 08:02:59",
        "calendarYear": "2014",
        "period": "Q3",
        "revenue": 17222000000,
        "costOfRevenue": 0,
        "grossProfit": 4567000000,
        "grossProfitRatio": 0.2651840669,
        "researchAndDevelopmentExpenses": 0,
        "generalAndAdministrativeExpenses": 328000000,
        "sellingAndMarketingExpenses": 0,
        "sellingGeneralAndAdministrativeExpenses": 328000000,
        "otherExpenses": 4186000000,
        "operatingExpenses": 12029000000,
        "costAndExpenses": 472000000,
        "interestIncome": 17222000000,
        "interestExpense": 13559000000,
        "depreciationAndAmortization": -1990000000,
        "ebitda": 16596000000,
        "ebitdaratio": 0.9636511439,
        "operatingIncome": 16596000000,
        "operatingIncomeRatio": 0.9636511439,
        "totalOtherIncomeExpensesNet": 756000000,
        "incomeBeforeTax": 3037000000,
        "incomeBeforeTaxRatio": 0.1763442109,
        "incomeTaxExpense": 956000000,
        "netIncome": 2081000000,
        "netIncomeRatio": 0.1208338172,
        "eps": -0.22,
        "epsdiluted": -0.22,
        "weightedAverageShsOut": 3236000000,
        "weightedAverageShsOutDil": 3236000000,
        "link": "https://www.sec.gov/Archives/edgar/data/1026214/000102621414000070/0001026214-14-000070-index.htm",
        "finalLink": "https://www.sec.gov/Archives/edgar/data/1026214/000102621414000070/a2014q3-10q.htm"
    },
    {
        "date": "2014-06-30",
        "symbol": "FMCC",
        "reportedCurrency": "USD",
        "cik": "0001026214",
        "fillingDate": "2014-08-07",
        "acceptedDate": "2014-08-07 08:05:08",
        "calendarYear": "2014",
        "period": "Q2",
        "revenue": 2284000000,
        "costOfRevenue": 0,
        "grossProfit": 2284000000,
        "grossProfitRatio": 1,
        "researchAndDevelopmentExpenses": 0,
        "generalAndAdministrativeExpenses": 313000000,
        "sellingAndMarketingExpenses": 0,
        "sellingGeneralAndAdministrativeExpenses": 313000000,
        "otherExpenses": 1971000000,
        "operatingExpenses": 2284000000,
        "costAndExpenses": 2284000000,
        "interestIncome": 17439000000,
        "interestExpense": 13936000000,
        "depreciationAndAmortization": -1858000000,
        "ebitda": 15971000000,
        "ebitdaratio": 6.9925569177,
        "operatingIncome": 15971000000,
        "operatingIncomeRatio": 6.9925569177,
        "totalOtherIncomeExpensesNet": 9000000,
        "incomeBeforeTax": 2035000000,
        "incomeBeforeTaxRatio": 0.8909807356,
        "incomeTaxExpense": 673000000,
        "netIncome": 1362000000,
        "netIncomeRatio": 0.5963222417,
        "eps": -0.16,
        "epsdiluted": -0.16,
        "weightedAverageShsOut": 3236000000,
        "weightedAverageShsOutDil": 3236000000,
        "link": "https://www.sec.gov/Archives/edgar/data/1026214/000102621414000051/0001026214-14-000051-index.htm",
        "finalLink": "https://www.sec.gov/Archives/edgar/data/1026214/000102621414000051/a2014q2-10q.htm"
    },
    {
        "date": "2014-03-31",
        "symbol": "FMCC",
        "reportedCurrency": "USD",
        "cik": "0001026214",
        "fillingDate": "2014-05-08",
        "acceptedDate": "2014-05-08 08:02:19",
        "calendarYear": "2014",
        "period": "Q1",
        "revenue": 17661000000,
        "costOfRevenue": 0,
        "grossProfit": 6552000000,
        "grossProfitRatio": 0.3709869203,
        "researchAndDevelopmentExpenses": 0,
        "generalAndAdministrativeExpenses": 317000000,
        "sellingAndMarketingExpenses": 0,
        "sellingGeneralAndAdministrativeExpenses": 317000000,
        "otherExpenses": 6285000000,
        "operatingExpenses": 13364000000,
        "costAndExpenses": 468000000,
        "interestIncome": 17661000000,
        "interestExpense": 14151000000,
        "depreciationAndAmortization": -1213000000,
        "ebitda": 19916000000,
        "ebitdaratio": 1.1276824642,
        "operatingIncome": 19916000000,
        "operatingIncomeRatio": 1.1276824642,
        "totalOtherIncomeExpensesNet": 4299000000,
        "incomeBeforeTax": 5765000000,
        "incomeBeforeTaxRatio": 0.3264254572,
        "incomeTaxExpense": 1745000000,
        "netIncome": 4020000000,
        "netIncomeRatio": 0.2276201801,
        "eps": -0.15,
        "epsdiluted": -0.15,
        "weightedAverageShsOut": 3237000000,
        "weightedAverageShsOutDil": 3237000000,
        "link": "https://www.sec.gov/Archives/edgar/data/1026214/000102621414000030/0001026214-14-000030-index.htm",
        "finalLink": "https://www.sec.gov/Archives/edgar/data/1026214/000102621414000030/a2014q1-10q.htm"
    },
    {
        "date": "2013-12-31",
        "symbol": "FMCC",
        "reportedCurrency": "USD",
        "cik": "0001026214",
        "fillingDate": "2014-02-27",
        "acceptedDate": "2014-02-27 08:03:41",
        "calendarYear": "2013",
        "period": "Q4",
        "revenue": 4325000000,
        "costOfRevenue": 0,
        "grossProfit": 9359000000,
        "grossProfitRatio": 2.1639306358,
        "researchAndDevelopmentExpenses": 0,
        "generalAndAdministrativeExpenses": 305000000,
        "sellingAndMarketingExpenses": 0,
        "sellingGeneralAndAdministrativeExpenses": 305000000,
        "otherExpenses": 9054000000,
        "operatingExpenses": 9359000000,
        "costAndExpenses": -903000000,
        "interestIncome": 17922000000,
        "interestExpense": 14139000000,
        "depreciationAndAmortization": -3874000000,
        "ebitda": 23483000000,
        "ebitdaratio": 5.4295953757,
        "operatingIncome": 3851000000,
        "operatingIncomeRatio": 0.8904046243,
        "totalOtherIncomeExpensesNet": 5493000000,
        "incomeBeforeTax": 9344000000,
        "incomeBeforeTaxRatio": 2.1604624277,
        "incomeTaxExpense": 731000000,
        "netIncome": 8613000000,
        "netIncomeRatio": 1.9914450867,
        "eps": 2.66,
        "epsdiluted": 2.66,
        "weightedAverageShsOut": 3237771000,
        "weightedAverageShsOutDil": 3237771000,
        "link": "https://www.sec.gov/Archives/edgar/data/1026214/000102621414000024/0001026214-14-000024-index.htm",
        "finalLink": "https://www.sec.gov/Archives/edgar/data/1026214/000102621414000024/fmcc-2013x10k.htm"
    },
    {
        "date": "2013-09-30",
        "symbol": "FMCC",
        "reportedCurrency": "USD",
        "cik": "0001026214",
        "fillingDate": "2013-11-07",
        "acceptedDate": "2013-11-07 08:28:03",
        "calendarYear": "2013",
        "period": "Q3",
        "revenue": 5651000000,
        "costOfRevenue": 0,
        "grossProfit": 5651000000,
        "grossProfitRatio": 1,
        "researchAndDevelopmentExpenses": 0,
        "generalAndAdministrativeExpenses": 297000000,
        "sellingAndMarketingExpenses": 0,
        "sellingGeneralAndAdministrativeExpenses": 297000000,
        "otherExpenses": -28000000,
        "operatingExpenses": 5687000000,
        "costAndExpenses": 269000000,
        "interestIncome": 17947000000,
        "interestExpense": 13671000000,
        "depreciationAndAmortization": -5535000000,
        "ebitda": 20197000000,
        "ebitdaratio": 3.5740576889,
        "operatingIncome": 20197000000,
        "operatingIncomeRatio": 3.5740576889,
        "totalOtherIncomeExpensesNet": 933000000,
        "incomeBeforeTax": 6526000000,
        "incomeBeforeTaxRatio": 1.1548398514,
        "incomeTaxExpense": -23960000000,
        "netIncome": 30486000000,
        "netIncomeRatio": 5.394797381,
        "eps": 0.02,
        "epsdiluted": 0.02,
        "weightedAverageShsOut": 3238000000,
        "weightedAverageShsOutDil": 3238000000,
        "link": "https://www.sec.gov/Archives/edgar/data/1026214/000102621413000032/0001026214-13-000032-index.htm",
        "finalLink": "https://www.sec.gov/Archives/edgar/data/1026214/000102621413000032/fmcc-2013930x10q.htm"
    },
    {
        "date": "2013-06-30",
        "symbol": "FMCC",
        "reportedCurrency": "USD",
        "cik": "0001026214",
        "fillingDate": "2013-08-07",
        "acceptedDate": "2013-08-07 08:06:23",
        "calendarYear": "2013",
        "period": "Q2",
        "revenue": 4691000000,
        "costOfRevenue": 0,
        "grossProfit": 4691000000,
        "grossProfitRatio": 1,
        "researchAndDevelopmentExpenses": 0,
        "generalAndAdministrativeExpenses": 296000000,
        "sellingAndMarketingExpenses": 0,
        "sellingGeneralAndAdministrativeExpenses": 296000000,
        "otherExpenses": 3000000,
        "operatingExpenses": 4769000000,
        "costAndExpenses": 299000000,
        "interestIncome": 18145000000,
        "interestExpense": 14001000000,
        "depreciationAndAmortization": -4495000000,
        "ebitda": 14453000000,
        "ebitdaratio": 3.0810061821,
        "operatingIncome": 18948000000,
        "operatingIncomeRatio": 4.039224046,
        "totalOtherIncomeExpensesNet": 452000000,
        "incomeBeforeTax": 4947000000,
        "incomeBeforeTaxRatio": 1.0545725858,
        "incomeTaxExpense": -41000000,
        "netIncome": 4988000000,
        "netIncomeRatio": 1.0633127265,
        "eps": 0.19,
        "epsdiluted": 0.19,
        "weightedAverageShsOut": 3237010000,
        "weightedAverageShsOutDil": 3238000000,
        "link": "https://www.sec.gov/Archives/edgar/data/1026214/000119312513323005/0001193125-13-323005-index.htm",
        "finalLink": "https://www.sec.gov/Archives/edgar/data/1026214/000119312513323005/d554145d10q.htm"
    },
    {
        "date": "2013-03-31",
        "symbol": "FMCC",
        "reportedCurrency": "USD",
        "cik": "0001026214",
        "fillingDate": "2013-05-08",
        "acceptedDate": "2013-05-08 08:05:37",
        "calendarYear": "2013",
        "period": "Q1",
        "revenue": 4579000000,
        "costOfRevenue": 0,
        "grossProfit": 4579000000,
        "grossProfitRatio": 1,
        "researchAndDevelopmentExpenses": 0,
        "generalAndAdministrativeExpenses": 310000000,
        "sellingAndMarketingExpenses": 0,
        "sellingGeneralAndAdministrativeExpenses": 310000000,
        "otherExpenses": 12000000,
        "operatingExpenses": 4591000000,
        "costAndExpenses": 322000000,
        "interestIncome": 18688000000,
        "interestExpense": 14423000000,
        "depreciationAndAmortization": -4549000000,
        "ebitda": 14420000000,
        "ebitdaratio": 3.1491592051,
        "operatingIncome": 18969000000,
        "operatingIncomeRatio": 4.1426075562,
        "totalOtherIncomeExpensesNet": -3000000,
        "incomeBeforeTax": 4546000000,
        "incomeBeforeTaxRatio": 0.9927931863,
        "incomeTaxExpense": -35000000,
        "netIncome": 4581000000,
        "netIncomeRatio": 1.0004367766,
        "eps": -0.74,
        "epsdiluted": -0.74,
        "weightedAverageShsOut": 3239000000,
        "weightedAverageShsOutDil": 3239000000,
        "link": "https://www.sec.gov/Archives/edgar/data/1026214/000119312513206072/0001193125-13-206072-index.htm",
        "finalLink": "https://www.sec.gov/Archives/edgar/data/1026214/000119312513206072/d503388d10q.htm"
    },
    {
        "date": "2012-12-31",
        "symbol": "FMCC",
        "reportedCurrency": "USD",
        "cik": "0001026214",
        "fillingDate": "2013-02-28",
        "acceptedDate": "2013-02-28 16:10:45",
        "calendarYear": "2012",
        "period": "Q4",
        "revenue": 1916000000,
        "costOfRevenue": 0,
        "grossProfit": 1916000000,
        "grossProfitRatio": 1,
        "researchAndDevelopmentExpenses": 0,
        "generalAndAdministrativeExpenses": 47000000,
        "sellingAndMarketingExpenses": 375000000,
        "sellingGeneralAndAdministrativeExpenses": 422000000,
        "otherExpenses": -1007000000,
        "operatingExpenses": 77000000,
        "costAndExpenses": -1096000000,
        "interestIncome": 19665000000,
        "interestExpense": 15209000000,
        "depreciationAndAmortization": -2904000000,
        "ebitda": 15617000000,
        "ebitdaratio": 8.1508350731,
        "operatingIncome": 18521000000,
        "operatingIncomeRatio": 9.6664926931,
        "totalOtherIncomeExpensesNet": 408000000,
        "incomeBeforeTax": 3312000000,
        "incomeBeforeTaxRatio": 1.7286012526,
        "incomeTaxExpense": -1145000000,
        "netIncome": 4457000000,
        "netIncomeRatio": 2.3262004175,
        "eps": 1.38,
        "epsdiluted": 1.38,
        "weightedAverageShsOut": 3239277000,
        "weightedAverageShsOutDil": 3239477000,
        "link": "https://www.sec.gov/Archives/edgar/data/1026214/000119312513084154/0001193125-13-084154-index.htm",
        "finalLink": "https://www.sec.gov/Archives/edgar/data/1026214/000119312513084154/d477952d10k.htm"
    },
    {
        "date": "2012-09-30",
        "symbol": "FMCC",
        "reportedCurrency": "USD",
        "cik": "0001026214",
        "fillingDate": "2012-11-06",
        "acceptedDate": "2012-11-06 08:05:17",
        "calendarYear": "2012",
        "period": "Q3",
        "revenue": 20494000000,
        "costOfRevenue": 0,
        "grossProfit": 3999000000,
        "grossProfitRatio": 0.195130282,
        "researchAndDevelopmentExpenses": 0,
        "generalAndAdministrativeExpenses": 293000000,
        "sellingAndMarketingExpenses": 93000000,
        "sellingGeneralAndAdministrativeExpenses": 386000000,
        "otherExpenses": 290000000,
        "operatingExpenses": 676000000,
        "costAndExpenses": 676000000,
        "interestIncome": 20494000000,
        "interestExpense": 16225000000,
        "depreciationAndAmortization": 0,
        "ebitda": 18851000000,
        "ebitdaratio": 0.9198301942,
        "operatingIncome": 18851000000,
        "operatingIncomeRatio": 0.9198301942,
        "totalOtherIncomeExpensesNet": -339000000,
        "incomeBeforeTax": 2626000000,
        "incomeBeforeTaxRatio": 0.1281350639,
        "incomeTaxExpense": -302000000,
        "netIncome": 2928000000,
        "netIncomeRatio": 0.1428710842,
        "eps": 0.35,
        "epsdiluted": 0.35,
        "weightedAverageShsOut": 3239477000,
        "weightedAverageShsOutDil": 3239477000,
        "link": "https://www.sec.gov/Archives/edgar/data/1026214/000119312512453228/0001193125-12-453228-index.htm",
        "finalLink": "https://www.sec.gov/Archives/edgar/data/1026214/000119312512453228/d420816d10q.htm"
    },
    {
        "date": "2012-06-30",
        "symbol": "FMCC",
        "reportedCurrency": "USD",
        "cik": "0001026214",
        "fillingDate": "2012-08-07",
        "acceptedDate": "2012-08-07 08:10:44",
        "calendarYear": "2012",
        "period": "Q2",
        "revenue": 21828000000,
        "costOfRevenue": 0,
        "grossProfit": 3779000000,
        "grossProfitRatio": 0.1731262598,
        "researchAndDevelopmentExpenses": 0,
        "generalAndAdministrativeExpenses": 306000000,
        "sellingAndMarketingExpenses": 81000000,
        "sellingGeneralAndAdministrativeExpenses": 387000000,
        "otherExpenses": 144000000,
        "operatingExpenses": 531000000,
        "costAndExpenses": 531000000,
        "interestIncome": 21828000000,
        "interestExpense": 17442000000,
        "depreciationAndAmortization": 0,
        "ebitda": 20386000000,
        "ebitdaratio": 0.9339380612,
        "operatingIncome": 20386000000,
        "operatingIncomeRatio": 0.9339380612,
        "totalOtherIncomeExpensesNet": -304000000,
        "incomeBeforeTax": 2944000000,
        "incomeBeforeTaxRatio": 0.1348726406,
        "incomeTaxExpense": -76000000,
        "netIncome": 3020000000,
        "netIncomeRatio": 0.1383544072,
        "eps": 0.37,
        "epsdiluted": 0.37,
        "weightedAverageShsOut": 3239711000,
        "weightedAverageShsOutDil": 3239711000,
        "link": "https://www.sec.gov/Archives/edgar/data/1026214/000119312512339405/0001193125-12-339405-index.htm",
        "finalLink": "https://www.sec.gov/Archives/edgar/data/1026214/000119312512339405/d378248d10q.htm"
    },
    {
        "date": "2012-03-31",
        "symbol": "FMCC",
        "reportedCurrency": "USD",
        "cik": "0001026214",
        "fillingDate": "2012-05-03",
        "acceptedDate": "2012-05-03 08:04:40",
        "calendarYear": "2012",
        "period": "Q1",
        "revenue": 22731000000,
        "costOfRevenue": 0,
        "grossProfit": 3552000000,
        "grossProfitRatio": 0.156262373,
        "researchAndDevelopmentExpenses": 0,
        "generalAndAdministrativeExpenses": 323000000,
        "sellingAndMarketingExpenses": 0,
        "sellingGeneralAndAdministrativeExpenses": 252000000,
        "otherExpenses": 568000000,
        "operatingExpenses": 2937000000,
        "costAndExpenses": 891000000,
        "interestIncome": 22731000000,
        "interestExpense": 18231000000,
        "depreciationAndAmortization": 0,
        "ebitda": 18794000000,
        "ebitdaratio": 0.8268004047,
        "operatingIncome": 18794000000,
        "operatingIncomeRatio": 0.8268004047,
        "totalOtherIncomeExpensesNet": -2098000000,
        "incomeBeforeTax": 563000000,
        "incomeBeforeTaxRatio": 0.0247679381,
        "incomeTaxExpense": -14000000,
        "netIncome": 577000000,
        "netIncomeRatio": 0.0253838371,
        "eps": -0.38,
        "epsdiluted": -0.38,
        "weightedAverageShsOut": 3241502000,
        "weightedAverageShsOutDil": 3241502000,
        "link": "https://www.sec.gov/Archives/edgar/data/1026214/000102621412000047/0001026214-12-000047-index.htm",
        "finalLink": "https://www.sec.gov/Archives/edgar/data/1026214/000102621412000047/f71858e10vq.htm"
    },
    {
        "date": "2011-12-31",
        "symbol": "FMCC",
        "reportedCurrency": "USD",
        "cik": "0001026214",
        "fillingDate": "2012-03-09",
        "acceptedDate": "2012-03-09 08:40:02",
        "calendarYear": "2011",
        "period": "Q4",
        "revenue": 4314000000,
        "costOfRevenue": 0,
        "grossProfit": 4314000000,
        "grossProfitRatio": 1,
        "researchAndDevelopmentExpenses": 0,
        "generalAndAdministrativeExpenses": 362000000,
        "sellingAndMarketingExpenses": 0,
        "sellingGeneralAndAdministrativeExpenses": 362000000,
        "otherExpenses": 602000000,
        "operatingExpenses": 4314000000,
        "costAndExpenses": -1097000000,
        "interestIncome": 23496000000,
        "interestExpense": 18813000000,
        "depreciationAndAmortization": 0,
        "ebitda": 19394000000,
        "ebitdaratio": 4.4955957348,
        "operatingIncome": 19394000000,
        "operatingIncomeRatio": 4.4955957348,
        "totalOtherIncomeExpensesNet": -5192000000,
        "incomeBeforeTax": 581000000,
        "incomeBeforeTaxRatio": 0.1346777932,
        "incomeTaxExpense": -38000000,
        "netIncome": 619000000,
        "netIncomeRatio": 0.1434863236,
        "eps": 0.19,
        "epsdiluted": 0.19,
        "weightedAverageShsOut": 3243165000,
        "weightedAverageShsOutDil": 3244496000,
        "link": "https://www.sec.gov/Archives/edgar/data/1026214/000102621412000039/0001026214-12-000039-index.htm",
        "finalLink": "https://www.sec.gov/Archives/edgar/data/1026214/000102621412000039/f71787e10vk.htm"
    },
    {
        "date": "2011-09-30",
        "symbol": "FMCC",
        "reportedCurrency": "USD",
        "cik": "0001026214",
        "fillingDate": "2011-11-03",
        "acceptedDate": "2011-11-03 08:06:41",
        "calendarYear": "2011",
        "period": "Q3",
        "revenue": 24580000000,
        "costOfRevenue": 0,
        "grossProfit": 286000000,
        "grossProfitRatio": 0.011635476,
        "researchAndDevelopmentExpenses": 0,
        "generalAndAdministrativeExpenses": 367000000,
        "sellingAndMarketingExpenses": 0,
        "sellingGeneralAndAdministrativeExpenses": 367000000,
        "otherExpenses": 471000000,
        "operatingExpenses": 838000000,
        "costAndExpenses": 267000000,
        "interestIncome": 24580000000,
        "interestExpense": 19967000000,
        "depreciationAndAmortization": 0,
        "ebitda": 15489000000,
        "ebitdaratio": 0.6301464605,
        "operatingIncome": 15489000000,
        "operatingIncomeRatio": 0.6301464605,
        "totalOtherIncomeExpensesNet": -4478000000,
        "incomeBeforeTax": -4478000000,
        "incomeBeforeTaxRatio": -0.1821806347,
        "incomeTaxExpense": -56000000,
        "netIncome": -4422000000,
        "netIncomeRatio": -0.1799023596,
        "eps": -1.86,
        "epsdiluted": -1.86,
        "weightedAverageShsOut": 3244496000,
        "weightedAverageShsOutDil": 3244496000,
        "link": "https://www.sec.gov/Archives/edgar/data/1026214/000102621411000043/0001026214-11-000043-index.htm",
        "finalLink": "https://www.sec.gov/Archives/edgar/data/1026214/000102621411000043/f71705e10vq.htm"
    },
    {
        "date": "2011-06-30",
        "symbol": "FMCC",
        "reportedCurrency": "USD",
        "cik": "0001026214",
        "fillingDate": "2011-08-08",
        "acceptedDate": "2011-08-08 16:54:35",
        "calendarYear": "2011",
        "period": "Q2",
        "revenue": 25349000000,
        "costOfRevenue": 0,
        "grossProfit": 1181000000,
        "grossProfitRatio": 0.0465896091,
        "researchAndDevelopmentExpenses": 0,
        "generalAndAdministrativeExpenses": 369000000,
        "sellingAndMarketingExpenses": 0,
        "sellingGeneralAndAdministrativeExpenses": 369000000,
        "otherExpenses": 477000000,
        "operatingExpenses": 846000000,
        "costAndExpenses": 1178000000,
        "interestIncome": 25349000000,
        "interestExpense": 20788000000,
        "depreciationAndAmortization": 0,
        "ebitda": 18417000000,
        "ebitdaratio": 0.726537536,
        "operatingIncome": 18417000000,
        "operatingIncomeRatio": 0.726537536,
        "totalOtherIncomeExpensesNet": -2371000000,
        "incomeBeforeTax": -2371000000,
        "incomeBeforeTaxRatio": -0.0935342617,
        "incomeTaxExpense": -232000000,
        "netIncome": -2139000000,
        "netIncomeRatio": -0.0843820269,
        "eps": -1.16,
        "epsdiluted": -1.16,
        "weightedAverageShsOut": 3244967000,
        "weightedAverageShsOutDil": 3244967000,
        "link": "https://www.sec.gov/Archives/edgar/data/1026214/000102621411000023/0001026214-11-000023-index.htm",
        "finalLink": "https://www.sec.gov/Archives/edgar/data/1026214/000102621411000023/f71600e10vq.htm"
    },
    {
        "date": "2011-03-31",
        "symbol": "FMCC",
        "reportedCurrency": "USD",
        "cik": "0001026214",
        "fillingDate": "2011-05-04",
        "acceptedDate": "2011-05-04 16:04:37",
        "calendarYear": "2011",
        "period": "Q1",
        "revenue": 25715000000,
        "costOfRevenue": 0,
        "grossProfit": 4258000000,
        "grossProfitRatio": 0.1655842893,
        "researchAndDevelopmentExpenses": 0,
        "generalAndAdministrativeExpenses": 346000000,
        "sellingAndMarketingExpenses": 0,
        "sellingGeneralAndAdministrativeExpenses": 346000000,
        "otherExpenses": 970000000,
        "operatingExpenses": 1331000000,
        "costAndExpenses": 4258000000,
        "interestIncome": 25715000000,
        "interestExpense": 21175000000,
        "depreciationAndAmortization": 0,
        "ebitda": 21777000000,
        "ebitdaratio": 0.8468598094,
        "operatingIncome": 21777000000,
        "operatingIncomeRatio": 0.8468598094,
        "totalOtherIncomeExpensesNet": -2325000000,
        "incomeBeforeTax": 602000000,
        "incomeBeforeTaxRatio": 0.0234104608,
        "incomeTaxExpense": -74000000,
        "netIncome": 676000000,
        "netIncomeRatio": 0.0262881587,
        "eps": -0.29,
        "epsdiluted": -0.29,
        "weightedAverageShsOut": 3246985000,
        "weightedAverageShsOutDil": 3246985000,
        "link": "https://www.sec.gov/Archives/edgar/data/1026214/000102621411000013/0001026214-11-000013-index.htm",
        "finalLink": "https://www.sec.gov/Archives/edgar/data/1026214/000102621411000013/f71550e10vq.htm"
    },
    {
        "date": "2010-12-31",
        "symbol": "FMCC",
        "reportedCurrency": "USD",
        "cik": "0001026214",
        "fillingDate": "2011-02-24",
        "acceptedDate": "2011-02-24 16:05:39",
        "calendarYear": "2010",
        "period": "Q4",
        "revenue": 6129000000,
        "costOfRevenue": 0,
        "grossProfit": 6129000000,
        "grossProfitRatio": 1,
        "researchAndDevelopmentExpenses": 0,
        "generalAndAdministrativeExpenses": 388000000,
        "sellingAndMarketingExpenses": 0,
        "sellingGeneralAndAdministrativeExpenses": 388000000,
        "otherExpenses": 2274000000,
        "operatingExpenses": 6129000000,
        "costAndExpenses": -1006000000,
        "interestIncome": 26047000000,
        "interestExpense": 21731000000,
        "depreciationAndAmortization": 0,
        "ebitda": 21562000000,
        "ebitdaratio": 3.5180290423,
        "operatingIncome": 21562000000,
        "operatingIncomeRatio": 3.5180290423,
        "totalOtherIncomeExpensesNet": -7692000000,
        "incomeBeforeTax": -169000000,
        "incomeBeforeTaxRatio": -0.0275738293,
        "incomeTaxExpense": -56000000,
        "netIncome": -113000000,
        "netIncomeRatio": -0.0184369391,
        "eps": -0.0348,
        "epsdiluted": -0.0348,
        "weightedAverageShsOut": 3248217000,
        "weightedAverageShsOutDil": 3248794000,
        "link": "https://www.sec.gov/Archives/edgar/data/1026214/000102621411000005/0001026214-11-000005-index.htm",
        "finalLink": "https://www.sec.gov/Archives/edgar/data/1026214/000102621411000005/f71542e10vk.htm"
    },
    {
        "date": "2010-09-30",
        "symbol": "FMCC",
        "reportedCurrency": "USD",
        "cik": "0001026214",
        "fillingDate": "2010-11-03",
        "acceptedDate": "2010-11-03 08:00:37",
        "calendarYear": "2010",
        "period": "Q3",
        "revenue": 27383000000,
        "costOfRevenue": 0,
        "grossProfit": 2799000000,
        "grossProfitRatio": 0.1022167038,
        "researchAndDevelopmentExpenses": 0,
        "generalAndAdministrativeExpenses": 372000000,
        "sellingAndMarketingExpenses": 0,
        "sellingGeneralAndAdministrativeExpenses": 372000000,
        "otherExpenses": 1166000000,
        "operatingExpenses": 1542000000,
        "costAndExpenses": 1542000000,
        "interestIncome": 27383000000,
        "interestExpense": 23104000000,
        "depreciationAndAmortization": 0,
        "ebitda": 20182000000,
        "ebitdaratio": 0.7370266224,
        "operatingIncome": 20182000000,
        "operatingIncomeRatio": 0.7370266224,
        "totalOtherIncomeExpensesNet": -4179000000,
        "incomeBeforeTax": -2922000000,
        "incomeBeforeTaxRatio": -0.1067085418,
        "incomeTaxExpense": -411000000,
        "netIncome": -2511000000,
        "netIncomeRatio": -0.0916992294,
        "eps": -1.25,
        "epsdiluted": -1.25,
        "weightedAverageShsOut": 3248794000,
        "weightedAverageShsOutDil": 3248794000,
        "link": "https://www.sec.gov/Archives/edgar/data/1026214/000102621410000053/0001026214-10-000053-index.htm",
        "finalLink": "https://www.sec.gov/Archives/edgar/data/1026214/000102621410000053/f71398e10vq.htm"
    },
    {
        "date": "2010-06-30",
        "symbol": "FMCC",
        "reportedCurrency": "USD",
        "cik": "0001026214",
        "fillingDate": "2010-08-09",
        "acceptedDate": "2010-08-09 08:01:20",
        "calendarYear": "2010",
        "period": "Q2",
        "revenue": 27901000000,
        "costOfRevenue": 0,
        "grossProfit": 933000000,
        "grossProfitRatio": 0.0334396617,
        "researchAndDevelopmentExpenses": 0,
        "generalAndAdministrativeExpenses": 322000000,
        "sellingAndMarketingExpenses": 0,
        "sellingGeneralAndAdministrativeExpenses": 322000000,
        "otherExpenses": 424000000,
        "operatingExpenses": 746000000,
        "costAndExpenses": 746000000,
        "interestIncome": 27901000000,
        "interestExpense": 23765000000,
        "depreciationAndAmortization": 0,
        "ebitda": 18766000000,
        "ebitdaratio": 0.6725923802,
        "operatingIncome": 18766000000,
        "operatingIncomeRatio": 0.6725923802,
        "totalOtherIncomeExpensesNet": -5186000000,
        "incomeBeforeTax": -4999000000,
        "incomeBeforeTaxRatio": -0.1791692054,
        "incomeTaxExpense": -286000000,
        "netIncome": -4713000000,
        "netIncomeRatio": -0.1689186767,
        "eps": -1.85,
        "epsdiluted": -1.85,
        "weightedAverageShsOut": 3249198000,
        "weightedAverageShsOutDil": 3249198000,
        "link": "https://www.sec.gov/Archives/edgar/data/1026214/000102621410000044/0001026214-10-000044-index.htm",
        "finalLink": "https://www.sec.gov/Archives/edgar/data/1026214/000102621410000044/f71327e10vq.htm"
    },
    {
        "date": "2010-03-31",
        "symbol": "FMCC",
        "reportedCurrency": "USD",
        "cik": "0001026214",
        "fillingDate": "2010-05-05",
        "acceptedDate": "2010-05-05 16:43:04",
        "calendarYear": "2010",
        "period": "Q1",
        "revenue": 28625000000,
        "costOfRevenue": 0,
        "grossProfit": -729000000,
        "grossProfitRatio": -0.0254672489,
        "researchAndDevelopmentExpenses": 0,
        "generalAndAdministrativeExpenses": 308000000,
        "sellingAndMarketingExpenses": 97000000,
        "sellingGeneralAndAdministrativeExpenses": 405000000,
        "otherExpenses": 608000000,
        "operatingExpenses": -121000000,
        "costAndExpenses": -121000000,
        "interestIncome": 28625000000,
        "interestExpense": 24500000000,
        "depreciationAndAmortization": 0,
        "ebitda": 17709000000,
        "ebitdaratio": 0.6186550218,
        "operatingIncome": 17709000000,
        "operatingIncomeRatio": 0.6186550218,
        "totalOtherIncomeExpensesNet": -6792000000,
        "incomeBeforeTax": -6792000000,
        "incomeBeforeTaxRatio": -0.2372751092,
        "incomeTaxExpense": -103000000,
        "netIncome": -6688000000,
        "netIncomeRatio": -0.2336419214,
        "eps": -2.46,
        "epsdiluted": -2.46,
        "weightedAverageShsOut": 3249198000,
        "weightedAverageShsOutDil": 3249198000,
        "link": "https://www.sec.gov/Archives/edgar/data/1026214/000102621410000026/0001026214-10-000026-index.htm",
        "finalLink": "https://www.sec.gov/Archives/edgar/data/1026214/000102621410000026/f71301e10vq.htm"
    },
    {
        "date": "2009-12-31",
        "symbol": "FMCC",
        "reportedCurrency": "USD",
        "cik": "0001026214",
        "fillingDate": "2010-02-24",
        "acceptedDate": "2010-02-24 08:06:16",
        "calendarYear": "2009",
        "period": "Q4",
        "revenue": 13767000000,
        "costOfRevenue": 0,
        "grossProfit": 13767000000,
        "grossProfitRatio": 1,
        "researchAndDevelopmentExpenses": 0,
        "generalAndAdministrativeExpenses": 85000000,
        "sellingAndMarketingExpenses": 0,
        "sellingGeneralAndAdministrativeExpenses": 85000000,
        "otherExpenses": 13682000000,
        "operatingExpenses": 13767000000,
        "costAndExpenses": -1031000000,
        "interestIncome": 9517000000,
        "interestExpense": 5020000000,
        "depreciationAndAmortization": 0,
        "ebitda": -1998000000,
        "ebitdaratio": -0.1451296579,
        "operatingIncome": -1998000000,
        "operatingIncomeRatio": -0.1451296579,
        "totalOtherIncomeExpensesNet": -7017000000,
        "incomeBeforeTax": -7017000000,
        "incomeBeforeTaxRatio": -0.5096971018,
        "incomeTaxExpense": 440000000,
        "netIncome": -7458000000,
        "netIncomeRatio": -0.5417302244,
        "eps": -2.29,
        "epsdiluted": -2.29,
        "weightedAverageShsOut": 3252561000,
        "weightedAverageShsOutDil": 3253172000,
        "link": "https://www.sec.gov/Archives/edgar/data/1026214/000102621410000010/0001026214-10-000010-index.htm",
        "finalLink": "https://www.sec.gov/Archives/edgar/data/1026214/000102621410000010/f71261e10vk.htm"
    },
    {
        "date": "2009-09-30",
        "symbol": "FMCC",
        "reportedCurrency": "USD",
        "cik": "0001026214",
        "fillingDate": "2009-11-06",
        "acceptedDate": "2009-11-06 16:56:12",
        "calendarYear": "2009",
        "period": "Q3",
        "revenue": 3271000000,
        "costOfRevenue": 0,
        "grossProfit": 3271000000,
        "grossProfitRatio": 1,
        "researchAndDevelopmentExpenses": 0,
        "generalAndAdministrativeExpenses": 433000000,
        "sellingAndMarketingExpenses": 0,
        "sellingGeneralAndAdministrativeExpenses": 433000000,
        "otherExpenses": -109000000,
        "operatingExpenses": 4567000000,
        "costAndExpenses": 4567000000,
        "interestIncome": 9865000000,
        "interestExpense": 5403000000,
        "depreciationAndAmortization": 0,
        "ebitda": 242000000,
        "ebitdaratio": 0.0739834913,
        "operatingIncome": 242000000,
        "operatingIncomeRatio": 0.0739834913,
        "totalOtherIncomeExpensesNet": -5558000000,
        "incomeBeforeTax": -5558000000,
        "incomeBeforeTaxRatio": -1.6991745644,
        "incomeTaxExpense": -149000000,
        "netIncome": -5408000000,
        "netIncomeRatio": -1.6533170284,
        "eps": -2.06,
        "epsdiluted": -2.06,
        "weightedAverageShsOut": 3253172000,
        "weightedAverageShsOutDil": 3253172000,
        "link": "https://www.sec.gov/Archives/edgar/data/1026214/000102621409000055/0001026214-09-000055-index.htm",
        "finalLink": "https://www.sec.gov/Archives/edgar/data/1026214/000102621409000055/f71164e10vq.htm"
    },
    {
        "date": "2009-06-30",
        "symbol": "FMCC",
        "reportedCurrency": "USD",
        "cik": "0001026214",
        "fillingDate": "2009-08-07",
        "acceptedDate": "2009-08-07 16:08:04",
        "calendarYear": "2009",
        "period": "Q2",
        "revenue": 10319000000,
        "costOfRevenue": 0,
        "grossProfit": 7400000000,
        "grossProfitRatio": 0.7171237523,
        "researchAndDevelopmentExpenses": 0,
        "generalAndAdministrativeExpenses": 304000000,
        "sellingAndMarketingExpenses": 0,
        "sellingGeneralAndAdministrativeExpenses": 304000000,
        "otherExpenses": -70000000,
        "operatingExpenses": 9683000000,
        "costAndExpenses": 234000000,
        "interestIncome": 10319000000,
        "interestExpense": 6064000000,
        "depreciationAndAmortization": 0,
        "ebitda": 6648000000,
        "ebitdaratio": 0.6442484737,
        "operatingIncome": 6648000000,
        "operatingIncomeRatio": 0.6442484737,
        "totalOtherIncomeExpensesNet": -7049000000,
        "incomeBeforeTax": 117000000,
        "incomeBeforeTaxRatio": 0.011338308,
        "incomeTaxExpense": -184000000,
        "netIncome": 302000000,
        "netIncomeRatio": 0.0292664018,
        "eps": 0.0928,
        "epsdiluted": 0.0928,
        "weightedAverageShsOut": 3253716000,
        "weightedAverageShsOutDil": 3253716000,
        "link": "https://www.sec.gov/Archives/edgar/data/1026214/000102621409000036/0001026214-09-000036-index.htm",
        "finalLink": "https://www.sec.gov/Archives/edgar/data/1026214/000102621409000036/f71105e10vq.htm"
    },
    {
        "date": "2009-03-31",
        "symbol": "FMCC",
        "reportedCurrency": "USD",
        "cik": "0001026214",
        "fillingDate": "2009-05-12",
        "acceptedDate": "2009-05-12 16:13:42",
        "calendarYear": "2009",
        "period": "Q1",
        "revenue": 721000000,
        "costOfRevenue": 0,
        "grossProfit": 721000000,
        "grossProfitRatio": 1,
        "researchAndDevelopmentExpenses": 0,
        "generalAndAdministrativeExpenses": 294000000,
        "sellingAndMarketingExpenses": 0,
        "sellingGeneralAndAdministrativeExpenses": 294000000,
        "otherExpenses": -50000000,
        "operatingExpenses": 7901000000,
        "costAndExpenses": 7901000000,
        "interestIncome": 10645000000,
        "interestExpense": 6786000000,
        "depreciationAndAmortization": 0,
        "ebitda": -4002000000,
        "ebitdaratio": -5.5506241331,
        "operatingIncome": -4002000000,
        "operatingIncomeRatio": -5.5506241331,
        "totalOtherIncomeExpensesNet": -10912000000,
        "incomeBeforeTax": -10788000000,
        "incomeBeforeTaxRatio": -14.9625520111,
        "incomeTaxExpense": -937000000,
        "netIncome": -9975000000,
        "netIncomeRatio": -13.8349514563,
        "eps": -3.18,
        "epsdiluted": -3.18,
        "weightedAverageShsOut": 3255718000,
        "weightedAverageShsOutDil": 3255718000,
        "link": "https://www.sec.gov/Archives/edgar/data/1026214/000102621409000023/0001026214-09-000023-index.htm",
        "finalLink": "https://www.sec.gov/Archives/edgar/data/1026214/000102621409000023/f71076e10vq.htm"
    },
    {
        "date": "2008-12-31",
        "symbol": "FMCC",
        "reportedCurrency": "USD",
        "cik": "0001026214",
        "fillingDate": "2009-03-11",
        "acceptedDate": "2009-03-11 16:09:00",
        "calendarYear": "2008",
        "period": "Q4",
        "revenue": 5688000000,
        "costOfRevenue": 0,
        "grossProfit": 5688000000,
        "grossProfitRatio": 1,
        "researchAndDevelopmentExpenses": 0,
        "generalAndAdministrativeExpenses": 833000000,
        "sellingAndMarketingExpenses": 0,
        "sellingGeneralAndAdministrativeExpenses": 833000000,
        "otherExpenses": 4855000000,
        "operatingExpenses": 5688000000,
        "costAndExpenses": -769000000,
        "interestIncome": 10892000000,
        "interestExpense": 8267000000,
        "depreciationAndAmortization": -4768000000,
        "ebitda": -14863000000,
        "ebitdaratio": -2.613045007,
        "operatingIncome": -11784000000,
        "operatingIncomeRatio": -2.0717299578,
        "totalOtherIncomeExpensesNet": -24819000000,
        "incomeBeforeTax": -24819000000,
        "incomeBeforeTaxRatio": -4.3633966245,
        "incomeTaxExpense": -967000000,
        "netIncome": -23852000000,
        "netIncomeRatio": -4.1933895921,
        "eps": -18.33,
        "epsdiluted": -18.33,
        "weightedAverageShsOut": 1301430000,
        "weightedAverageShsOutDil": 1301430000,
        "link": "https://www.sec.gov/Archives/edgar/data/1026214/000102621409000011/0001026214-09-000011-index.htm",
        "finalLink": "https://www.sec.gov/Archives/edgar/data/1026214/000102621409000011/f71040e10vk.htm"
    },
    {
        "date": "2008-09-30",
        "symbol": "FMCC",
        "reportedCurrency": "USD",
        "cik": "0001026214",
        "fillingDate": "2008-11-14",
        "acceptedDate": "2008-11-14 07:36:06",
        "calendarYear": "2008",
        "period": "Q3",
        "revenue": -9650000000,
        "costOfRevenue": 0,
        "grossProfit": 5075000000,
        "grossProfitRatio": -0.5259067358,
        "researchAndDevelopmentExpenses": 0,
        "generalAndAdministrativeExpenses": 133000000,
        "sellingAndMarketingExpenses": 0,
        "sellingGeneralAndAdministrativeExpenses": 133000000,
        "otherExpenses": -13907000000,
        "operatingExpenses": -13774000000,
        "costAndExpenses": -13774000000,
        "interestIncome": 10469000000,
        "interestExpense": 8625000000,
        "depreciationAndAmortization": 0,
        "ebitda": -8699000000,
        "ebitdaratio": 0.9014507772,
        "operatingIncome": -8699000000,
        "operatingIncomeRatio": 0.9014507772,
        "totalOtherIncomeExpensesNet": -8625000000,
        "incomeBeforeTax": -17325000000,
        "incomeBeforeTaxRatio": 1.7953367876,
        "incomeTaxExpense": 7971000000,
        "netIncome": -25295000000,
        "netIncomeRatio": 2.6212435233,
        "eps": -19.44,
        "epsdiluted": -19.44,
        "weightedAverageShsOut": 1301430000,
        "weightedAverageShsOutDil": 1301430000,
        "link": "https://www.sec.gov/Archives/edgar/data/1026214/000102621408000043/0001026214-08-000043-index.htm",
        "finalLink": "https://www.sec.gov/Archives/edgar/data/1026214/000102621408000043/f65508e10vq.htm"
    },
    {
        "date": "2008-06-30",
        "symbol": "FMCC",
        "reportedCurrency": "USD",
        "cik": "0001026214",
        "fillingDate": "2008-08-06",
        "acceptedDate": "2008-08-06 06:40:13",
        "calendarYear": "2008",
        "period": "Q2",
        "revenue": 10220000000,
        "costOfRevenue": 0,
        "grossProfit": 1693000000,
        "grossProfitRatio": 0.1656555773,
        "researchAndDevelopmentExpenses": 0,
        "generalAndAdministrativeExpenses": 331000000,
        "sellingAndMarketingExpenses": 0,
        "sellingGeneralAndAdministrativeExpenses": 331000000,
        "otherExpenses": 1133000000,
        "operatingExpenses": 1464000000,
        "costAndExpenses": 1464000000,
        "interestIncome": 10220000000,
        "interestExpense": 8691000000,
        "depreciationAndAmortization": 2213000000,
        "ebitda": 0,
        "ebitdaratio": 0,
        "operatingIncome": 6839000000,
        "operatingIncomeRatio": 0.6691780822,
        "totalOtherIncomeExpensesNet": -1849000000,
        "incomeBeforeTax": -1852000000,
        "incomeBeforeTaxRatio": -0.1812133072,
        "incomeTaxExpense": -1030000000,
        "netIncome": -821000000,
        "netIncomeRatio": -0.080332681,
        "eps": -1.63,
        "epsdiluted": -1.63,
        "weightedAverageShsOut": 646868000,
        "weightedAverageShsOutDil": 646868000,
        "link": "https://www.sec.gov/Archives/edgar/data/1026214/000102621408000026/0001026214-08-000026-index.htm",
        "finalLink": "https://www.sec.gov/Archives/edgar/data/1026214/000102621408000026/f58905e10vq.htm"
    },
    {
        "date": "2008-03-31",
        "symbol": "FMCC",
        "reportedCurrency": "USD",
        "cik": "0001026214",
        "fillingDate": "2008-03-31",
        "acceptedDate": "2008-03-30 20:00:00",
        "calendarYear": "2008",
        "period": "Q1",
        "revenue": 1529000000,
        "costOfRevenue": 0,
        "grossProfit": 1529000000,
        "grossProfitRatio": 1,
        "researchAndDevelopmentExpenses": 0,
        "generalAndAdministrativeExpenses": 305000000,
        "sellingAndMarketingExpenses": 0,
        "sellingGeneralAndAdministrativeExpenses": 305000000,
        "otherExpenses": 876000000,
        "operatingExpenses": 1186000000,
        "costAndExpenses": 1186000000,
        "interestIncome": 9896000000,
        "interestExpense": 9098000000,
        "depreciationAndAmortization": 2555000000,
        "ebitda": 0,
        "ebitdaratio": 0,
        "operatingIncome": 8524000000,
        "operatingIncomeRatio": 5.5748855461,
        "totalOtherIncomeExpensesNet": -9098000000,
        "incomeBeforeTax": -571000000,
        "incomeBeforeTaxRatio": -0.3734466972,
        "incomeTaxExpense": -422000000,
        "netIncome": -151000000,
        "netIncomeRatio": -0.0987573578,
        "eps": -0.66,
        "epsdiluted": -0.66,
        "weightedAverageShsOut": 646338000,
        "weightedAverageShsOutDil": 646338000,
        "link": "",
        "finalLink": ""
    },
    {
        "date": "2007-12-31",
        "symbol": "FMCC",
        "reportedCurrency": "USD",
        "cik": "0001026214",
        "fillingDate": "2007-12-31",
        "acceptedDate": "2007-12-30 19:00:00",
        "calendarYear": "2007",
        "period": "Q4",
        "revenue": 2877000000,
        "costOfRevenue": 0,
        "grossProfit": 2877000000,
        "grossProfitRatio": 1,
        "researchAndDevelopmentExpenses": 0,
        "generalAndAdministrativeExpenses": 462000000,
        "sellingAndMarketingExpenses": 0,
        "sellingGeneralAndAdministrativeExpenses": 462000000,
        "otherExpenses": 3583000000,
        "operatingExpenses": 4045000000,
        "costAndExpenses": 2877000000,
        "interestIncome": 9878000000,
        "interestExpense": 9717000000,
        "depreciationAndAmortization": 0,
        "ebitda": 6922000000,
        "ebitdaratio": 2.4059784498,
        "operatingIncome": 6922000000,
        "operatingIncomeRatio": 2.4059784498,
        "totalOtherIncomeExpensesNet": -1627000000,
        "incomeBeforeTax": -2795000000,
        "incomeBeforeTaxRatio": -0.9714980883,
        "incomeTaxExpense": -1177000000,
        "netIncome": -1618000000,
        "netIncomeRatio": -0.5623913799,
        "eps": -2.5,
        "epsdiluted": -2.5,
        "weightedAverageShsOut": 646049000,
        "weightedAverageShsOutDil": 647377000,
        "link": "",
        "finalLink": ""
    },
    {
        "date": "2007-09-30",
        "symbol": "FMCC",
        "reportedCurrency": "USD",
        "cik": "0001026214",
        "fillingDate": "2007-09-30",
        "acceptedDate": "2007-09-29 20:00:00",
        "calendarYear": "2007",
        "period": "Q3",
        "revenue": 2602000000,
        "costOfRevenue": 0,
        "grossProfit": -1557000000,
        "grossProfitRatio": -0.598385857,
        "researchAndDevelopmentExpenses": 0,
        "generalAndAdministrativeExpenses": 216000000,
        "sellingAndMarketingExpenses": 18000000,
        "sellingGeneralAndAdministrativeExpenses": 234000000,
        "otherExpenses": 8158000000,
        "operatingExpenses": 8392000000,
        "costAndExpenses": 8392000000,
        "interestIncome": 11005000000,
        "interestExpense": 10244000000,
        "depreciationAndAmortization": 0,
        "ebitda": 6835000000,
        "ebitdaratio": 2.6268255188,
        "operatingIncome": 6835000000,
        "operatingIncomeRatio": 2.6268255188,
        "totalOtherIncomeExpensesNet": -2192000000,
        "incomeBeforeTax": -2192000000,
        "incomeBeforeTaxRatio": -0.8424289008,
        "incomeTaxExpense": -1380000000,
        "netIncome": -1238000000,
        "netIncomeRatio": -0.4757878555,
        "eps": -2.07,
        "epsdiluted": -2.07,
        "weightedAverageShsOut": 647377000,
        "weightedAverageShsOutDil": 647377000,
        "link": "",
        "finalLink": ""
    },
    {
        "date": "2007-06-30",
        "symbol": "FMCC",
        "reportedCurrency": "USD",
        "cik": "0001026214",
        "fillingDate": "2007-06-30",
        "acceptedDate": "2007-06-29 20:00:00",
        "calendarYear": "2007",
        "period": "Q2",
        "revenue": 1863000000,
        "costOfRevenue": 0,
        "grossProfit": 1863000000,
        "grossProfitRatio": 1,
        "researchAndDevelopmentExpenses": 0,
        "generalAndAdministrativeExpenses": 243000000,
        "sellingAndMarketingExpenses": 0,
        "sellingGeneralAndAdministrativeExpenses": 243000000,
        "otherExpenses": 8803000000,
        "operatingExpenses": 9046000000,
        "costAndExpenses": 9046000000,
        "interestIncome": 11005000000,
        "interestExpense": 10032000000,
        "depreciationAndAmortization": 0,
        "ebitda": 10909000000,
        "ebitdaratio": 5.8556092324,
        "operatingIncome": 10909000000,
        "operatingIncomeRatio": 5.8556092324,
        "totalOtherIncomeExpensesNet": 8060000000,
        "incomeBeforeTax": 877000000,
        "incomeBeforeTaxRatio": 0.4707461084,
        "incomeTaxExpense": 113000000,
        "netIncome": 729000000,
        "netIncomeRatio": 0.3913043478,
        "eps": 0.97,
        "epsdiluted": 0.96,
        "weightedAverageShsOut": 652877000,
        "weightedAverageShsOutDil": 655784000,
        "link": "",
        "finalLink": ""
    },
    {
        "date": "2007-03-31",
        "symbol": "FMCC",
        "reportedCurrency": "USD",
        "cik": "0001026214",
        "fillingDate": "2007-03-31",
        "acceptedDate": "2007-03-30 20:00:00",
        "calendarYear": "2007",
        "period": "Q1",
        "revenue": 694000000,
        "costOfRevenue": 0,
        "grossProfit": 424000000,
        "grossProfitRatio": 0.6109510086,
        "researchAndDevelopmentExpenses": 0,
        "generalAndAdministrativeExpenses": 228000000,
        "sellingAndMarketingExpenses": 0,
        "sellingGeneralAndAdministrativeExpenses": 228000000,
        "otherExpenses": 8516000000,
        "operatingExpenses": 8744000000,
        "costAndExpenses": 8744000000,
        "interestIncome": 10589000000,
        "interestExpense": 9818000000,
        "depreciationAndAmortization": 0,
        "ebitda": 9168000000,
        "ebitdaratio": 13.2103746398,
        "operatingIncome": 9168000000,
        "operatingIncomeRatio": 13.2103746398,
        "totalOtherIncomeExpensesNet": 7790000000,
        "incomeBeforeTax": -530000000,
        "incomeBeforeTaxRatio": -0.7636887608,
        "incomeTaxExpense": -397000000,
        "netIncome": -133000000,
        "netIncomeRatio": -0.1916426513,
        "eps": -0.35,
        "epsdiluted": -0.35,
        "weightedAverageShsOut": 651429000,
        "weightedAverageShsOutDil": 651429000,
        "link": "",
        "finalLink": ""
    },
    {
        "date": "2006-12-31",
        "symbol": "FMCC",
        "reportedCurrency": "USD",
        "cik": "0001026214",
        "fillingDate": "2006-12-31",
        "acceptedDate": "2006-12-30 19:00:00",
        "calendarYear": "2006",
        "period": "Q4",
        "revenue": 430000000,
        "costOfRevenue": 0,
        "grossProfit": 430000000,
        "grossProfitRatio": 1,
        "researchAndDevelopmentExpenses": 0,
        "generalAndAdministrativeExpenses": 229000000,
        "sellingAndMarketingExpenses": 0,
        "sellingGeneralAndAdministrativeExpenses": 229000000,
        "otherExpenses": 8810000000,
        "operatingExpenses": 9039000000,
        "costAndExpenses": 9039000000,
        "interestIncome": 10934000000,
        "interestExpense": 9961000000,
        "depreciationAndAmortization": 0,
        "ebitda": 9469000000,
        "ebitdaratio": 22.0209302326,
        "operatingIncome": 9469000000,
        "operatingIncomeRatio": 22.0209302326,
        "totalOtherIncomeExpensesNet": 8117000000,
        "incomeBeforeTax": -492000000,
        "incomeBeforeTaxRatio": -1.1441860465,
        "incomeTaxExpense": -12000000,
        "netIncome": -480000000,
        "netIncomeRatio": -1.1162790698,
        "eps": -0.72,
        "epsdiluted": -0.71,
        "weightedAverageShsOut": 663471000,
        "weightedAverageShsOutDil": 675556000,
        "link": "",
        "finalLink": ""
    },
    {
        "date": "2006-09-30",
        "symbol": "FMCC",
        "reportedCurrency": "USD",
        "cik": "0001026214",
        "fillingDate": "2006-09-30",
        "acceptedDate": "2006-09-29 20:00:00",
        "calendarYear": "2006",
        "period": "Q3",
        "revenue": 91000000,
        "costOfRevenue": 0,
        "grossProfit": 91000000,
        "grossProfitRatio": 1,
        "researchAndDevelopmentExpenses": 0,
        "generalAndAdministrativeExpenses": 207000000,
        "sellingAndMarketingExpenses": 0,
        "sellingGeneralAndAdministrativeExpenses": 207000000,
        "otherExpenses": 9064000000,
        "operatingExpenses": 9271000000,
        "costAndExpenses": 9271000000,
        "interestIncome": 11057000000,
        "interestExpense": 10098000000,
        "depreciationAndAmortization": 0,
        "ebitda": 9362000000,
        "ebitdaratio": 102.8791208791,
        "operatingIncome": 9362000000,
        "operatingIncomeRatio": 102.8791208791,
        "totalOtherIncomeExpensesNet": 8444000000,
        "incomeBeforeTax": -736000000,
        "incomeBeforeTaxRatio": -8.0879120879,
        "incomeTaxExpense": -21000000,
        "netIncome": -715000000,
        "netIncomeRatio": -7.8571428571,
        "eps": -1.17,
        "epsdiluted": -1.17,
        "weightedAverageShsOut": 672650000,
        "weightedAverageShsOutDil": 672650000,
        "link": "",
        "finalLink": ""
    },
    {
        "date": "2006-06-30",
        "symbol": "FMCC",
        "reportedCurrency": "USD",
        "cik": "0001026214",
        "fillingDate": "2006-06-30",
        "acceptedDate": "2006-06-29 20:00:00",
        "calendarYear": "2006",
        "period": "Q2",
        "revenue": 2151000000,
        "costOfRevenue": 0,
        "grossProfit": 2151000000,
        "grossProfitRatio": 1,
        "researchAndDevelopmentExpenses": 0,
        "generalAndAdministrativeExpenses": 203000000,
        "sellingAndMarketingExpenses": 0,
        "sellingGeneralAndAdministrativeExpenses": 203000000,
        "otherExpenses": 8948000000,
        "operatingExpenses": 9151000000,
        "costAndExpenses": 9151000000,
        "interestIncome": 11037000000,
        "interestExpense": 9865000000,
        "depreciationAndAmortization": 0,
        "ebitda": 11302000000,
        "ebitdaratio": 5.2543003254,
        "operatingIncome": 11302000000,
        "operatingIncomeRatio": 5.2543003254,
        "totalOtherIncomeExpensesNet": 8437000000,
        "incomeBeforeTax": 1437000000,
        "incomeBeforeTaxRatio": 0.6680613668,
        "incomeTaxExpense": 40000000,
        "netIncome": 1273000000,
        "netIncomeRatio": 0.5918177592,
        "eps": 1.93,
        "epsdiluted": 1.93,
        "weightedAverageShsOut": 691710000,
        "weightedAverageShsOutDil": 691710000,
        "link": "",
        "finalLink": ""
    },
    {
        "date": "2006-03-31",
        "symbol": "FMCC",
        "reportedCurrency": "USD",
        "cik": "0001026214",
        "fillingDate": "2006-03-31",
        "acceptedDate": "2006-03-30 19:00:00",
        "calendarYear": "2006",
        "period": "Q1",
        "revenue": 2478000000,
        "costOfRevenue": 0,
        "grossProfit": 2478000000,
        "grossProfitRatio": 1,
        "researchAndDevelopmentExpenses": 0,
        "generalAndAdministrativeExpenses": 191000000,
        "sellingAndMarketingExpenses": 0,
        "sellingGeneralAndAdministrativeExpenses": 191000000,
        "otherExpenses": 8153000000,
        "operatingExpenses": 8344000000,
        "costAndExpenses": 2478000000,
        "interestIncome": 10059000000,
        "interestExpense": 8928000000,
        "depreciationAndAmortization": 0,
        "ebitda": 10822000000,
        "ebitdaratio": 4.3672316384,
        "operatingIncome": 10822000000,
        "operatingIncomeRatio": 4.3672316384,
        "totalOtherIncomeExpensesNet": 7760000000,
        "incomeBeforeTax": 1894000000,
        "incomeBeforeTaxRatio": 0.7643260694,
        "incomeTaxExpense": -115000000,
        "netIncome": 2009000000,
        "netIncomeRatio": 0.8107344633,
        "eps": 2.8,
        "epsdiluted": 2.8,
        "weightedAverageShsOut": 694596000,
        "weightedAverageShsOutDil": 694596000,
        "link": "",
        "finalLink": ""
    },
    {
        "date": "2005-12-31",
        "symbol": "FMCC",
        "reportedCurrency": "USD",
        "cik": "0001026214",
        "fillingDate": "2005-12-31",
        "acceptedDate": "2005-12-30 19:00:00",
        "calendarYear": "2005",
        "period": "Q4",
        "revenue": 1583000000,
        "costOfRevenue": 0,
        "grossProfit": 1583000000,
        "grossProfitRatio": 1,
        "researchAndDevelopmentExpenses": 0,
        "generalAndAdministrativeExpenses": 211000000,
        "sellingAndMarketingExpenses": 0,
        "sellingGeneralAndAdministrativeExpenses": 211000000,
        "otherExpenses": 7618000000,
        "operatingExpenses": 7829000000,
        "costAndExpenses": 1583000000,
        "interestIncome": 9827000000,
        "interestExpense": 8590000000,
        "depreciationAndAmortization": 0,
        "ebitda": 9412000000,
        "ebitdaratio": 5.9456727732,
        "operatingIncome": 9412000000,
        "operatingIncomeRatio": 5.9456727732,
        "totalOtherIncomeExpensesNet": 7068000000,
        "incomeBeforeTax": 822000000,
        "incomeBeforeTaxRatio": 0.5192672142,
        "incomeTaxExpense": 138000000,
        "netIncome": 684000000,
        "netIncomeRatio": 0.4320909665,
        "eps": 0.99,
        "epsdiluted": 0.99,
        "weightedAverageShsOut": 685402000,
        "weightedAverageShsOutDil": 693642000,
        "link": "",
        "finalLink": ""
    },
    {
        "date": "2005-09-30",
        "symbol": "FMCC",
        "reportedCurrency": "USD",
        "cik": "0001026214",
        "fillingDate": "2005-09-30",
        "acceptedDate": "2005-09-29 20:00:00",
        "calendarYear": "2005",
        "period": "Q3",
        "revenue": 1786000000,
        "costOfRevenue": 0,
        "grossProfit": 1786000000,
        "grossProfitRatio": 1,
        "researchAndDevelopmentExpenses": 0,
        "generalAndAdministrativeExpenses": 197000000,
        "sellingAndMarketingExpenses": 0,
        "sellingGeneralAndAdministrativeExpenses": 197000000,
        "otherExpenses": 6892000000,
        "operatingExpenses": 7089000000,
        "costAndExpenses": 1786000000,
        "interestIncome": 9181000000,
        "interestExpense": 7818000000,
        "depreciationAndAmortization": 0,
        "ebitda": 8875000000,
        "ebitdaratio": 4.9692049272,
        "operatingIncome": 8875000000,
        "operatingIncomeRatio": 4.9692049272,
        "totalOtherIncomeExpensesNet": 6360000000,
        "incomeBeforeTax": 1057000000,
        "incomeBeforeTaxRatio": 0.591825308,
        "incomeTaxExpense": 177000000,
        "netIncome": 880000000,
        "netIncomeRatio": 0.4927211646,
        "eps": 1.19,
        "epsdiluted": 1.19,
        "weightedAverageShsOut": 693642000,
        "weightedAverageShsOutDil": 693642000,
        "link": "",
        "finalLink": ""
    },
    {
        "date": "2005-06-30",
        "symbol": "FMCC",
        "reportedCurrency": "USD",
        "cik": "0001026214",
        "fillingDate": "2005-06-30",
        "acceptedDate": "2005-06-29 20:00:00",
        "calendarYear": "2005",
        "period": "Q2",
        "revenue": 1524000000,
        "costOfRevenue": 0,
        "grossProfit": 1524000000,
        "grossProfitRatio": 1,
        "researchAndDevelopmentExpenses": 0,
        "generalAndAdministrativeExpenses": 198000000,
        "sellingAndMarketingExpenses": 0,
        "sellingGeneralAndAdministrativeExpenses": 198000000,
        "otherExpenses": 791000000,
        "operatingExpenses": 6948000000,
        "costAndExpenses": 991000000,
        "interestIncome": 8773000000,
        "interestExpense": 7483000000,
        "depreciationAndAmortization": 0,
        "ebitda": 8472000000,
        "ebitdaratio": 5.5590551181,
        "operatingIncome": 8472000000,
        "operatingIncomeRatio": 5.5590551181,
        "totalOtherIncomeExpensesNet": 6413000000,
        "incomeBeforeTax": 989000000,
        "incomeBeforeTaxRatio": 0.6489501312,
        "incomeTaxExpense": 220000000,
        "netIncome": 340000000,
        "netIncomeRatio": 0.2230971129,
        "eps": 0.41,
        "epsdiluted": 0.41,
        "weightedAverageShsOut": 691321000,
        "weightedAverageShsOutDil": 692968000,
        "link": "",
        "finalLink": ""
    },
    {
        "date": "2005-03-31",
        "symbol": "FMCC",
        "reportedCurrency": "USD",
        "cik": "0001026214",
        "fillingDate": "2005-03-31",
        "acceptedDate": "2005-03-30 19:00:00",
        "calendarYear": "2005",
        "period": "Q1",
        "revenue": 1700000000,
        "costOfRevenue": 0,
        "grossProfit": 1700000000,
        "grossProfitRatio": 1,
        "researchAndDevelopmentExpenses": 0,
        "generalAndAdministrativeExpenses": 196000000,
        "sellingAndMarketingExpenses": 0,
        "sellingGeneralAndAdministrativeExpenses": 196000000,
        "otherExpenses": 6281000000,
        "operatingExpenses": 6477000000,
        "costAndExpenses": 1209000000,
        "interestIncome": 8546000000,
        "interestExpense": 7051000000,
        "depreciationAndAmortization": 0,
        "ebitda": 8177000000,
        "ebitdaratio": 4.81,
        "operatingIncome": 8177000000,
        "operatingIncomeRatio": 4.81,
        "totalOtherIncomeExpensesNet": 5046000000,
        "incomeBeforeTax": 1126000000,
        "incomeBeforeTaxRatio": 0.6623529412,
        "incomeTaxExpense": 251000000,
        "netIncome": 226000000,
        "netIncomeRatio": 0.1329411765,
        "eps": 0.25,
        "epsdiluted": 0.25,
        "weightedAverageShsOut": 692000000,
        "weightedAverageShsOutDil": 692000000,
        "link": "",
        "finalLink": ""
    },
    {
        "date": "2004-12-31",
        "symbol": "FMCC",
        "reportedCurrency": "USD",
        "cik": "0001026214",
        "fillingDate": "2004-12-31",
        "acceptedDate": "2004-12-30 19:00:00",
        "calendarYear": "2004",
        "period": "Q4",
        "revenue": 0,
        "costOfRevenue": 0,
        "grossProfit": 0,
        "grossProfitRatio": 0,
        "researchAndDevelopmentExpenses": 0,
        "generalAndAdministrativeExpenses": 0,
        "sellingAndMarketingExpenses": 0,
        "sellingGeneralAndAdministrativeExpenses": 0,
        "otherExpenses": 377000000,
        "operatingExpenses": 377000000,
        "costAndExpenses": 377000000,
        "interestIncome": 0,
        "interestExpense": 0,
        "depreciationAndAmortization": 0,
        "ebitda": 377000000,
        "ebitdaratio": 0,
        "operatingIncome": 377000000,
        "operatingIncomeRatio": 0,
        "totalOtherIncomeExpensesNet": 0,
        "incomeBeforeTax": 0,
        "incomeBeforeTaxRatio": 0,
        "incomeTaxExpense": -377000000,
        "netIncome": 377000000,
        "netIncomeRatio": 0,
        "eps": 0.55,
        "epsdiluted": 0.55,
        "weightedAverageShsOut": 689282000,
        "weightedAverageShsOutDil": 689282000,
        "link": "",
        "finalLink": ""
    },
    {
        "date": "2004-09-30",
        "symbol": "FMCC",
        "reportedCurrency": "USD",
        "cik": "0001026214",
        "fillingDate": "2004-09-30",
        "acceptedDate": "2004-09-29 20:00:00",
        "calendarYear": "2004",
        "period": "Q3",
        "revenue": 0,
        "costOfRevenue": 0,
        "grossProfit": 0,
        "grossProfitRatio": 0,
        "researchAndDevelopmentExpenses": 0,
        "generalAndAdministrativeExpenses": 0,
        "sellingAndMarketingExpenses": 0,
        "sellingGeneralAndAdministrativeExpenses": 0,
        "otherExpenses": -1506000000,
        "operatingExpenses": -1506000000,
        "costAndExpenses": -1506000000,
        "interestIncome": 0,
        "interestExpense": 0,
        "depreciationAndAmortization": 0,
        "ebitda": -1506000000,
        "ebitdaratio": 0,
        "operatingIncome": -1506000000,
        "operatingIncomeRatio": 0,
        "totalOtherIncomeExpensesNet": 0,
        "incomeBeforeTax": 0,
        "incomeBeforeTaxRatio": 0,
        "incomeTaxExpense": 1506000000,
        "netIncome": -1506000000,
        "netIncomeRatio": 0,
        "eps": -2.18,
        "epsdiluted": -2.18,
        "weightedAverageShsOut": 689282000,
        "weightedAverageShsOutDil": 691521000,
        "link": "",
        "finalLink": ""
    },
    {
        "date": "2004-06-30",
        "symbol": "FMCC",
        "reportedCurrency": "USD",
        "cik": "0001026214",
        "fillingDate": "2004-06-30",
        "acceptedDate": "2004-06-29 20:00:00",
        "calendarYear": "2004",
        "period": "Q2",
        "revenue": 0,
        "costOfRevenue": 0,
        "grossProfit": 0,
        "grossProfitRatio": 0,
        "researchAndDevelopmentExpenses": 0,
        "generalAndAdministrativeExpenses": 0,
        "sellingAndMarketingExpenses": 0,
        "sellingGeneralAndAdministrativeExpenses": 0,
        "otherExpenses": 2754000000,
        "operatingExpenses": 2754000000,
        "costAndExpenses": 2754000000,
        "interestIncome": 0,
        "interestExpense": 0,
        "depreciationAndAmortization": 0,
        "ebitda": 2754000000,
        "ebitdaratio": 0,
        "operatingIncome": 2754000000,
        "operatingIncomeRatio": 0,
        "totalOtherIncomeExpensesNet": 0,
        "incomeBeforeTax": 0,
        "incomeBeforeTaxRatio": 0,
        "incomeTaxExpense": -2754000000,
        "netIncome": 2754000000,
        "netIncomeRatio": 0,
        "eps": 3.92,
        "epsdiluted": 3.91,
        "weightedAverageShsOut": 689282000,
        "weightedAverageShsOutDil": 691521000,
        "link": "",
        "finalLink": ""
    },
    {
        "date": "2004-03-31",
        "symbol": "FMCC",
        "reportedCurrency": "USD",
        "cik": "0001026214",
        "fillingDate": "2004-03-31",
        "acceptedDate": "2004-03-30 19:00:00",
        "calendarYear": "2004",
        "period": "Q1",
        "revenue": 0,
        "costOfRevenue": 0,
        "grossProfit": 0,
        "grossProfitRatio": 0,
        "researchAndDevelopmentExpenses": 0,
        "generalAndAdministrativeExpenses": 0,
        "sellingAndMarketingExpenses": 0,
        "sellingGeneralAndAdministrativeExpenses": 0,
        "otherExpenses": 1312000000,
        "operatingExpenses": 1312000000,
        "costAndExpenses": 1312000000,
        "interestIncome": 0,
        "interestExpense": 0,
        "depreciationAndAmortization": 0,
        "ebitda": 1312000000,
        "ebitdaratio": 0,
        "operatingIncome": 1312000000,
        "operatingIncomeRatio": 0,
        "totalOtherIncomeExpensesNet": 0,
        "incomeBeforeTax": 0,
        "incomeBeforeTaxRatio": 0,
        "incomeTaxExpense": -1312000000,
        "netIncome": 1312000000,
        "netIncomeRatio": 0,
        "eps": 1.83,
        "epsdiluted": 1.82,
        "weightedAverageShsOut": 689282000,
        "weightedAverageShsOutDil": 691521000,
        "link": "",
        "finalLink": ""
    },
    {
        "date": "2003-12-31",
        "symbol": "FMCC",
        "reportedCurrency": "USD",
        "cik": "0001026214",
        "fillingDate": "2003-12-31",
        "acceptedDate": "2003-12-30 19:00:00",
        "calendarYear": "2003",
        "period": "Q4",
        "revenue": 0,
        "costOfRevenue": 0,
        "grossProfit": 0,
        "grossProfitRatio": 0,
        "researchAndDevelopmentExpenses": 0,
        "generalAndAdministrativeExpenses": 0,
        "sellingAndMarketingExpenses": 0,
        "sellingGeneralAndAdministrativeExpenses": 0,
        "otherExpenses": 1147000000,
        "operatingExpenses": 1147000000,
        "costAndExpenses": 1147000000,
        "interestIncome": 0,
        "interestExpense": 0,
        "depreciationAndAmortization": 0,
        "ebitda": 1147000000,
        "ebitdaratio": 0,
        "operatingIncome": 1147000000,
        "operatingIncomeRatio": 0,
        "totalOtherIncomeExpensesNet": 0,
        "incomeBeforeTax": 0,
        "incomeBeforeTaxRatio": 0,
        "incomeTaxExpense": -1147000000,
        "netIncome": 1147000000,
        "netIncomeRatio": 0,
        "eps": 1.67,
        "epsdiluted": 1.67,
        "weightedAverageShsOut": 687094000,
        "weightedAverageShsOutDil": 687094000,
        "link": "",
        "finalLink": ""
    },
    {
        "date": "2003-09-30",
        "symbol": "FMCC",
        "reportedCurrency": "USD",
        "cik": "0001026214",
        "fillingDate": "2003-09-30",
        "acceptedDate": "2003-09-29 20:00:00",
        "calendarYear": "2003",
        "period": "Q3",
        "revenue": 0,
        "costOfRevenue": 0,
        "grossProfit": 0,
        "grossProfitRatio": 0,
        "researchAndDevelopmentExpenses": 0,
        "generalAndAdministrativeExpenses": 0,
        "sellingAndMarketingExpenses": 0,
        "sellingGeneralAndAdministrativeExpenses": 0,
        "otherExpenses": 1223000000,
        "operatingExpenses": 1223000000,
        "costAndExpenses": 1223000000,
        "interestIncome": 0,
        "interestExpense": 0,
        "depreciationAndAmortization": 0,
        "ebitda": 1223000000,
        "ebitdaratio": 0,
        "operatingIncome": 1223000000,
        "operatingIncomeRatio": 0,
        "totalOtherIncomeExpensesNet": 0,
        "incomeBeforeTax": 0,
        "incomeBeforeTaxRatio": 0,
        "incomeTaxExpense": -1223000000,
        "netIncome": 1223000000,
        "netIncomeRatio": 0,
        "eps": 1.7,
        "epsdiluted": 1.7,
        "weightedAverageShsOut": 687094000,
        "weightedAverageShsOutDil": 688675000,
        "link": "",
        "finalLink": ""
    },
    {
        "date": "2003-06-30",
        "symbol": "FMCC",
        "reportedCurrency": "USD",
        "cik": "0001026214",
        "fillingDate": "2003-06-30",
        "acceptedDate": "2003-06-29 20:00:00",
        "calendarYear": "2003",
        "period": "Q2",
        "revenue": 0,
        "costOfRevenue": 0,
        "grossProfit": 0,
        "grossProfitRatio": 0,
        "researchAndDevelopmentExpenses": 0,
        "generalAndAdministrativeExpenses": 0,
        "sellingAndMarketingExpenses": 0,
        "sellingGeneralAndAdministrativeExpenses": 0,
        "otherExpenses": 1223000000,
        "operatingExpenses": 1223000000,
        "costAndExpenses": 1223000000,
        "interestIncome": 0,
        "interestExpense": 0,
        "depreciationAndAmortization": 0,
        "ebitda": 1223000000,
        "ebitdaratio": 0,
        "operatingIncome": 1223000000,
        "operatingIncomeRatio": 0,
        "totalOtherIncomeExpensesNet": 0,
        "incomeBeforeTax": 0,
        "incomeBeforeTaxRatio": 0,
        "incomeTaxExpense": -1223000000,
        "netIncome": 1223000000,
        "netIncomeRatio": 0,
        "eps": 1.7,
        "epsdiluted": 1.7,
        "weightedAverageShsOut": 687094000,
        "weightedAverageShsOutDil": 688675000,
        "link": "",
        "finalLink": ""
    },
    {
        "date": "2003-03-31",
        "symbol": "FMCC",
        "reportedCurrency": "USD",
        "cik": "0001026214",
        "fillingDate": "2003-03-31",
        "acceptedDate": "2003-03-30 19:00:00",
        "calendarYear": "2003",
        "period": "Q1",
        "revenue": 0,
        "costOfRevenue": 0,
        "grossProfit": 0,
        "grossProfitRatio": 0,
        "researchAndDevelopmentExpenses": 0,
        "generalAndAdministrativeExpenses": 0,
        "sellingAndMarketingExpenses": 0,
        "sellingGeneralAndAdministrativeExpenses": 0,
        "otherExpenses": 1223000000,
        "operatingExpenses": 1223000000,
        "costAndExpenses": 1223000000,
        "interestIncome": 0,
        "interestExpense": 0,
        "depreciationAndAmortization": 0,
        "ebitda": 1223000000,
        "ebitdaratio": 0,
        "operatingIncome": 1223000000,
        "operatingIncomeRatio": 0,
        "totalOtherIncomeExpensesNet": 0,
        "incomeBeforeTax": 0,
        "incomeBeforeTaxRatio": 0,
        "incomeTaxExpense": -1223000000,
        "netIncome": 1223000000,
        "netIncomeRatio": 0,
        "eps": 1.7,
        "epsdiluted": 1.7,
        "weightedAverageShsOut": 687094000,
        "weightedAverageShsOutDil": 688675000,
        "link": "",
        "finalLink": ""
    },
    {
        "date": "2002-12-31",
        "symbol": "FMCC",
        "reportedCurrency": "USD",
        "cik": "0001026214",
        "fillingDate": "2002-12-31",
        "acceptedDate": "2002-12-30 19:00:00",
        "calendarYear": "2002",
        "period": "Q4",
        "revenue": 10288000000,
        "costOfRevenue": 0,
        "grossProfit": 10288000000,
        "grossProfitRatio": 1,
        "researchAndDevelopmentExpenses": 0,
        "generalAndAdministrativeExpenses": -47000000,
        "sellingAndMarketingExpenses": 0,
        "sellingGeneralAndAdministrativeExpenses": -47000000,
        "otherExpenses": 5934000000,
        "operatingExpenses": 5887000000,
        "costAndExpenses": 5887000000,
        "interestIncome": 11045000000,
        "interestExpense": 7253000000,
        "depreciationAndAmortization": 0,
        "ebitda": 16175000000,
        "ebitdaratio": 1.5722200622,
        "operatingIncome": 16175000000,
        "operatingIncomeRatio": 1.5722200622,
        "totalOtherIncomeExpensesNet": 4521000000,
        "incomeBeforeTax": 8922000000,
        "incomeBeforeTaxRatio": 0.8672239502,
        "incomeTaxExpense": 2893000000,
        "netIncome": 5971000000,
        "netIncomeRatio": 0.5803849145,
        "eps": 8.69,
        "epsdiluted": 8.69,
        "weightedAverageShsOut": 688965000,
        "weightedAverageShsOutDil": 693551000,
        "link": "",
        "finalLink": ""
    },
    {
        "date": "2002-09-30",
        "symbol": "FMCC",
        "reportedCurrency": "USD",
        "cik": "0001026214",
        "fillingDate": "2002-09-30",
        "acceptedDate": "2002-09-29 20:00:00",
        "calendarYear": "2002",
        "period": "Q3",
        "revenue": 2201000000,
        "costOfRevenue": 0,
        "grossProfit": 2201000000,
        "grossProfitRatio": 1,
        "researchAndDevelopmentExpenses": 0,
        "generalAndAdministrativeExpenses": 208000000,
        "sellingAndMarketingExpenses": 0,
        "sellingGeneralAndAdministrativeExpenses": 208000000,
        "otherExpenses": 7281000000,
        "operatingExpenses": 7489000000,
        "costAndExpenses": 7489000000,
        "interestIncome": 9260000000,
        "interestExpense": 7449000000,
        "depreciationAndAmortization": 0,
        "ebitda": 9690000000,
        "ebitdaratio": 4.402544298,
        "operatingIncome": 9690000000,
        "operatingIncomeRatio": 4.402544298,
        "totalOtherIncomeExpensesNet": 7529000000,
        "incomeBeforeTax": 2241000000,
        "incomeBeforeTaxRatio": 1.0181735575,
        "incomeTaxExpense": 703000000,
        "netIncome": 1538000000,
        "netIncomeRatio": 0.6987732849,
        "eps": 2.14,
        "epsdiluted": 2.13,
        "weightedAverageShsOut": 693551000,
        "weightedAverageShsOutDil": 696184000,
        "link": "",
        "finalLink": ""
    },
    {
        "date": "2002-06-30",
        "symbol": "FMCC",
        "reportedCurrency": "USD",
        "cik": "0001026214",
        "fillingDate": "2002-06-30",
        "acceptedDate": "2002-06-29 20:00:00",
        "calendarYear": "2002",
        "period": "Q2",
        "revenue": 1833000000,
        "costOfRevenue": 0,
        "grossProfit": 1833000000,
        "grossProfitRatio": 1,
        "researchAndDevelopmentExpenses": 0,
        "generalAndAdministrativeExpenses": 204000000,
        "sellingAndMarketingExpenses": 0,
        "sellingGeneralAndAdministrativeExpenses": 204000000,
        "otherExpenses": 6986000000,
        "operatingExpenses": 7190000000,
        "costAndExpenses": 7190000000,
        "interestIncome": 8995000000,
        "interestExpense": 7435000000,
        "depreciationAndAmortization": 0,
        "ebitda": 9023000000,
        "ebitdaratio": 4.9225313693,
        "operatingIncome": 9023000000,
        "operatingIncomeRatio": 4.9225313693,
        "totalOtherIncomeExpensesNet": 6945000000,
        "incomeBeforeTax": 1588000000,
        "incomeBeforeTaxRatio": 0.8663393344,
        "incomeTaxExpense": 478000000,
        "netIncome": 1110000000,
        "netIncomeRatio": 0.6055646481,
        "eps": 1.51,
        "epsdiluted": 1.5,
        "weightedAverageShsOut": 694421000,
        "weightedAverageShsOutDil": 698370000,
        "link": "",
        "finalLink": ""
    },
    {
        "date": "2002-03-31",
        "symbol": "FMCC",
        "reportedCurrency": "USD",
        "cik": "0001026214",
        "fillingDate": "2002-03-31",
        "acceptedDate": "2002-03-30 19:00:00",
        "calendarYear": "2002",
        "period": "Q1",
        "revenue": 2488000000,
        "costOfRevenue": 0,
        "grossProfit": 2488000000,
        "grossProfitRatio": 1,
        "researchAndDevelopmentExpenses": 0,
        "generalAndAdministrativeExpenses": 228000000,
        "sellingAndMarketingExpenses": 0,
        "sellingGeneralAndAdministrativeExpenses": 228000000,
        "otherExpenses": 6839000000,
        "operatingExpenses": 7067000000,
        "costAndExpenses": 7067000000,
        "interestIncome": 9176000000,
        "interestExpense": 7453000000,
        "depreciationAndAmortization": 0,
        "ebitda": 9555000000,
        "ebitdaratio": 3.8404340836,
        "operatingIncome": 9555000000,
        "operatingIncomeRatio": 3.8404340836,
        "totalOtherIncomeExpensesNet": 2194000000,
        "incomeBeforeTax": 2194000000,
        "incomeBeforeTaxRatio": 0.8818327974,
        "incomeTaxExpense": 689000000,
        "netIncome": 1413000000,
        "netIncomeRatio": 0.567926045,
        "eps": 1.95,
        "epsdiluted": 1.94,
        "weightedAverageShsOut": 693929000,
        "weightedAverageShsOutDil": 697572000,
        "link": "",
        "finalLink": ""
    },
    {
        "date": "2001-12-31",
        "symbol": "FMCC",
        "reportedCurrency": "USD",
        "cik": "0001026214",
        "fillingDate": "2001-12-31",
        "acceptedDate": "2001-12-30 19:00:00",
        "calendarYear": "2001",
        "period": "Q4",
        "revenue": 2506000000,
        "costOfRevenue": 0,
        "grossProfit": 2506000000,
        "grossProfitRatio": 1,
        "researchAndDevelopmentExpenses": 0,
        "generalAndAdministrativeExpenses": 259000000,
        "sellingAndMarketingExpenses": 0,
        "sellingGeneralAndAdministrativeExpenses": 259000000,
        "otherExpenses": 6266000000,
        "operatingExpenses": 6525000000,
        "costAndExpenses": 6525000000,
        "interestIncome": 9058000000,
        "interestExpense": 6978000000,
        "depreciationAndAmortization": 0,
        "ebitda": 9031000000,
        "ebitdaratio": 3.6037509976,
        "operatingIncome": 9031000000,
        "operatingIncomeRatio": 3.6037509976,
        "totalOtherIncomeExpensesNet": 2184000000,
        "incomeBeforeTax": 2184000000,
        "incomeBeforeTaxRatio": 0.8715083799,
        "incomeTaxExpense": 689000000,
        "netIncome": 1305000000,
        "netIncomeRatio": 0.5207501995,
        "eps": 1.96,
        "epsdiluted": 1.96,
        "weightedAverageShsOut": 688934000,
        "weightedAverageShsOutDil": 694661000,
        "link": "",
        "finalLink": ""
    },
    {
        "date": "2001-09-30",
        "symbol": "FMCC",
        "reportedCurrency": "USD",
        "cik": "0001026214",
        "fillingDate": "2001-09-30",
        "acceptedDate": "2001-09-29 20:00:00",
        "calendarYear": "2001",
        "period": "Q3",
        "revenue": 1837000000,
        "costOfRevenue": 0,
        "grossProfit": 1837000000,
        "grossProfitRatio": 1,
        "researchAndDevelopmentExpenses": 0,
        "generalAndAdministrativeExpenses": 201000000,
        "sellingAndMarketingExpenses": 0,
        "sellingGeneralAndAdministrativeExpenses": 201000000,
        "otherExpenses": 6843000000,
        "operatingExpenses": 7044000000,
        "costAndExpenses": 7044000000,
        "interestIncome": 8682000000,
        "interestExpense": 7271000000,
        "depreciationAndAmortization": 0,
        "ebitda": 8881000000,
        "ebitdaratio": 4.8345127926,
        "operatingIncome": 8881000000,
        "operatingIncomeRatio": 4.8345127926,
        "totalOtherIncomeExpensesNet": 1484000000,
        "incomeBeforeTax": 1484000000,
        "incomeBeforeTaxRatio": 0.8078388677,
        "incomeTaxExpense": 487000000,
        "netIncome": 1032000000,
        "netIncomeRatio": 0.5617855199,
        "eps": 1.4,
        "epsdiluted": 1.4,
        "weightedAverageShsOut": 694661000,
        "weightedAverageShsOutDil": 697203000,
        "link": "",
        "finalLink": ""
    },
    {
        "date": "2001-06-30",
        "symbol": "FMCC",
        "reportedCurrency": "USD",
        "cik": "0001026214",
        "fillingDate": "2001-06-30",
        "acceptedDate": "2001-06-29 20:00:00",
        "calendarYear": "2001",
        "period": "Q2",
        "revenue": 1601000000,
        "costOfRevenue": 0,
        "grossProfit": 1601000000,
        "grossProfitRatio": 1,
        "researchAndDevelopmentExpenses": 0,
        "generalAndAdministrativeExpenses": 194000000,
        "sellingAndMarketingExpenses": 0,
        "sellingGeneralAndAdministrativeExpenses": 194000000,
        "otherExpenses": 6888000000,
        "operatingExpenses": 7082000000,
        "costAndExpenses": 7082000000,
        "interestIncome": 8465000000,
        "interestExpense": 7275000000,
        "depreciationAndAmortization": 0,
        "ebitda": 8683000000,
        "ebitdaratio": 5.4234853217,
        "operatingIncome": 8683000000,
        "operatingIncomeRatio": 5.4234853217,
        "totalOtherIncomeExpensesNet": 1303000000,
        "incomeBeforeTax": 1303000000,
        "incomeBeforeTaxRatio": 0.8138663335,
        "incomeTaxExpense": 408000000,
        "netIncome": 914000000,
        "netIncomeRatio": 0.5708931918,
        "eps": 1.24,
        "epsdiluted": 1.24,
        "weightedAverageShsOut": 693726000,
        "weightedAverageShsOutDil": 696657000,
        "link": "",
        "finalLink": ""
    },
    {
        "date": "2001-03-31",
        "symbol": "FMCC",
        "reportedCurrency": "USD",
        "cik": "0001026214",
        "fillingDate": "2001-03-31",
        "acceptedDate": "2001-03-30 19:00:00",
        "calendarYear": "2001",
        "period": "Q1",
        "revenue": 1421000000,
        "costOfRevenue": 0,
        "grossProfit": 1421000000,
        "grossProfitRatio": 1,
        "researchAndDevelopmentExpenses": 0,
        "generalAndAdministrativeExpenses": 190000000,
        "sellingAndMarketingExpenses": 0,
        "sellingGeneralAndAdministrativeExpenses": 190000000,
        "otherExpenses": 6676000000,
        "operatingExpenses": 6866000000,
        "costAndExpenses": 6866000000,
        "interestIncome": 8083000000,
        "interestExpense": 7107000000,
        "depreciationAndAmortization": 0,
        "ebitda": 8287000000,
        "ebitdaratio": 5.8318085855,
        "operatingIncome": 8287000000,
        "operatingIncomeRatio": 5.8318085855,
        "totalOtherIncomeExpensesNet": 1175000000,
        "incomeBeforeTax": 1175000000,
        "incomeBeforeTaxRatio": 0.8268824771,
        "incomeTaxExpense": 343000000,
        "netIncome": 837000000,
        "netIncomeRatio": 0.5890218156,
        "eps": 1.14,
        "epsdiluted": 1.13,
        "weightedAverageShsOut": 693073000,
        "weightedAverageShsOutDil": 696670000,
        "link": "",
        "finalLink": ""
    },
    {
        "date": "2000-12-31",
        "symbol": "FMCC",
        "reportedCurrency": "USD",
        "cik": "0001026214",
        "fillingDate": "2000-12-31",
        "acceptedDate": "2000-12-30 19:00:00",
        "calendarYear": "2000",
        "period": "Q4",
        "revenue": 1159000000,
        "costOfRevenue": 0,
        "grossProfit": 1159000000,
        "grossProfitRatio": 1,
        "researchAndDevelopmentExpenses": 0,
        "generalAndAdministrativeExpenses": 184000000,
        "sellingAndMarketingExpenses": 0,
        "sellingGeneralAndAdministrativeExpenses": 184000000,
        "otherExpenses": 6486000000,
        "operatingExpenses": 6670000000,
        "costAndExpenses": 6670000000,
        "interestIncome": 7643000000,
        "interestExpense": 6905000000,
        "depreciationAndAmortization": 1686000000,
        "ebitda": 0,
        "ebitdaratio": 0,
        "operatingIncome": 7829000000,
        "operatingIncomeRatio": 6.7549611734,
        "totalOtherIncomeExpensesNet": -6905000000,
        "incomeBeforeTax": 924000000,
        "incomeBeforeTaxRatio": 0.7972389991,
        "incomeTaxExpense": 261000000,
        "netIncome": 663000000,
        "netIncomeRatio": 0.5720448663,
        "eps": 0.96,
        "epsdiluted": 0.96,
        "weightedAverageShsOut": 691543000,
        "weightedAverageShsOutDil": 691543000,
        "link": "",
        "finalLink": ""
    },
    {
        "date": "2000-09-30",
        "symbol": "FMCC",
        "reportedCurrency": "USD",
        "cik": "0001026214",
        "fillingDate": "2000-09-30",
        "acceptedDate": "2000-09-29 20:00:00",
        "calendarYear": "2000",
        "period": "Q3",
        "revenue": 1125000000,
        "costOfRevenue": 0,
        "grossProfit": 1125000000,
        "grossProfitRatio": 1,
        "researchAndDevelopmentExpenses": 0,
        "generalAndAdministrativeExpenses": 180000000,
        "sellingAndMarketingExpenses": 0,
        "sellingGeneralAndAdministrativeExpenses": 180000000,
        "otherExpenses": 6123000000,
        "operatingExpenses": 6303000000,
        "costAndExpenses": 6303000000,
        "interestIncome": 7264000000,
        "interestExpense": 6527000000,
        "depreciationAndAmortization": 3436000000,
        "ebitda": 0,
        "ebitdaratio": 0,
        "operatingIncome": 7428000000,
        "operatingIncomeRatio": 6.6026666667,
        "totalOtherIncomeExpensesNet": -6530000000,
        "incomeBeforeTax": 898000000,
        "incomeBeforeTaxRatio": 0.7982222222,
        "incomeTaxExpense": 256000000,
        "netIncome": 645000000,
        "netIncomeRatio": 0.5733333333,
        "eps": 0.87,
        "epsdiluted": 0.86,
        "weightedAverageShsOut": 691543000,
        "weightedAverageShsOutDil": 693719000,
        "link": "",
        "finalLink": ""
    },
    {
        "date": "2000-06-30",
        "symbol": "FMCC",
        "reportedCurrency": "USD",
        "cik": "0001026214",
        "fillingDate": "2000-06-30",
        "acceptedDate": "2000-06-29 20:00:00",
        "calendarYear": "2000",
        "period": "Q2",
        "revenue": 1107000000,
        "costOfRevenue": 0,
        "grossProfit": 1107000000,
        "grossProfitRatio": 1,
        "researchAndDevelopmentExpenses": 0,
        "generalAndAdministrativeExpenses": 180000000,
        "sellingAndMarketingExpenses": 0,
        "sellingGeneralAndAdministrativeExpenses": 180000000,
        "otherExpenses": 5806000000,
        "operatingExpenses": 5986000000,
        "costAndExpenses": 5986000000,
        "interestIncome": 6912000000,
        "interestExpense": 6216000000,
        "depreciationAndAmortization": 3575000000,
        "ebitda": 0,
        "ebitdaratio": 0,
        "operatingIncome": 7093000000,
        "operatingIncomeRatio": 6.4074074074,
        "totalOtherIncomeExpensesNet": -6221000000,
        "incomeBeforeTax": 872000000,
        "incomeBeforeTaxRatio": 0.7877145438,
        "incomeTaxExpense": 246000000,
        "netIncome": 631000000,
        "netIncomeRatio": 0.5700090334,
        "eps": 0.84,
        "epsdiluted": 0.84,
        "weightedAverageShsOut": 695198000,
        "weightedAverageShsOutDil": 697945000,
        "link": "",
        "finalLink": ""
    },
    {
        "date": "2000-03-31",
        "symbol": "FMCC",
        "reportedCurrency": "USD",
        "cik": "0001026214",
        "fillingDate": "2000-03-31",
        "acceptedDate": "2000-03-30 19:00:00",
        "calendarYear": "2000",
        "period": "Q1",
        "revenue": 1066000000,
        "costOfRevenue": 0,
        "grossProfit": 1066000000,
        "grossProfitRatio": 1,
        "researchAndDevelopmentExpenses": 0,
        "generalAndAdministrativeExpenses": 169000000,
        "sellingAndMarketingExpenses": 0,
        "sellingGeneralAndAdministrativeExpenses": 169000000,
        "otherExpenses": 5469000000,
        "operatingExpenses": 5638000000,
        "costAndExpenses": 5638000000,
        "interestIncome": 6531000000,
        "interestExpense": 5864000000,
        "depreciationAndAmortization": 2443000000,
        "ebitda": 0,
        "ebitdaratio": 0,
        "operatingIncome": 6704000000,
        "operatingIncomeRatio": 6.2889305816,
        "totalOtherIncomeExpensesNet": -5864000000,
        "incomeBeforeTax": 840000000,
        "incomeBeforeTaxRatio": 0.7879924953,
        "incomeTaxExpense": 232000000,
        "netIncome": 608000000,
        "netIncomeRatio": 0.5703564728,
        "eps": 0.81,
        "epsdiluted": 0.81,
        "weightedAverageShsOut": 695239000,
        "weightedAverageShsOutDil": 698084000,
        "link": "",
        "finalLink": ""
    },
    {
        "date": "1999-12-31",
        "symbol": "FMCC",
        "reportedCurrency": "USD",
        "cik": "0001026214",
        "fillingDate": "1999-12-31",
        "acceptedDate": "1999-12-30 19:00:00",
        "calendarYear": "1999",
        "period": "Q4",
        "revenue": 1049000000,
        "costOfRevenue": 0,
        "grossProfit": 1049000000,
        "grossProfitRatio": 1,
        "researchAndDevelopmentExpenses": 0,
        "generalAndAdministrativeExpenses": 167000000,
        "sellingAndMarketingExpenses": 0,
        "sellingGeneralAndAdministrativeExpenses": 167000000,
        "otherExpenses": 5121000000,
        "operatingExpenses": 5288000000,
        "costAndExpenses": 5288000000,
        "interestIncome": 6169000000,
        "interestExpense": 5505000000,
        "depreciationAndAmortization": 2448000000,
        "ebitda": 0,
        "ebitdaratio": 0,
        "operatingIncome": 6337000000,
        "operatingIncomeRatio": 6.0409914204,
        "totalOtherIncomeExpensesNet": -5513000000,
        "incomeBeforeTax": 824000000,
        "incomeBeforeTaxRatio": 0.7855100095,
        "incomeTaxExpense": 238000000,
        "netIncome": 594000000,
        "netIncomeRatio": 0.5662535748,
        "eps": 0.85,
        "epsdiluted": 0.85,
        "weightedAverageShsOut": 696410000,
        "weightedAverageShsOutDil": 696410000,
        "link": "",
        "finalLink": ""
    },
    {
        "date": "1999-09-30",
        "symbol": "FMCC",
        "reportedCurrency": "USD",
        "cik": "0001026214",
        "fillingDate": "1999-09-30",
        "acceptedDate": "1999-09-29 20:00:00",
        "calendarYear": "1999",
        "period": "Q3",
        "revenue": 1000000000,
        "costOfRevenue": 0,
        "grossProfit": 1000000000,
        "grossProfitRatio": 1,
        "researchAndDevelopmentExpenses": 0,
        "generalAndAdministrativeExpenses": 164000000,
        "sellingAndMarketingExpenses": 0,
        "sellingGeneralAndAdministrativeExpenses": 164000000,
        "otherExpenses": 4892000000,
        "operatingExpenses": 5056000000,
        "costAndExpenses": 5056000000,
        "interestIncome": 5879000000,
        "interestExpense": 5269000000,
        "depreciationAndAmortization": 3048000000,
        "ebitda": 0,
        "ebitdaratio": 0,
        "operatingIncome": 6056000000,
        "operatingIncomeRatio": 6.056,
        "totalOtherIncomeExpensesNet": -5278000000,
        "incomeBeforeTax": 778000000,
        "incomeBeforeTaxRatio": 0.778,
        "incomeTaxExpense": 223000000,
        "netIncome": 564000000,
        "netIncomeRatio": 0.564,
        "eps": 0.75,
        "epsdiluted": 0.75,
        "weightedAverageShsOut": 696410000,
        "weightedAverageShsOutDil": 700255000,
        "link": "",
        "finalLink": ""
    },
    {
        "date": "1999-06-30",
        "symbol": "FMCC",
        "reportedCurrency": "USD",
        "cik": "0001026214",
        "fillingDate": "1999-06-30",
        "acceptedDate": "1999-06-29 20:00:00",
        "calendarYear": "1999",
        "period": "Q2",
        "revenue": 1009000000,
        "costOfRevenue": 0,
        "grossProfit": 1009000000,
        "grossProfitRatio": 1,
        "researchAndDevelopmentExpenses": 0,
        "generalAndAdministrativeExpenses": 161000000,
        "sellingAndMarketingExpenses": 0,
        "sellingGeneralAndAdministrativeExpenses": 161000000,
        "otherExpenses": 848000000,
        "operatingExpenses": 1009000000,
        "costAndExpenses": 1009000000,
        "interestIncome": 5449000000,
        "interestExpense": 4809000000,
        "depreciationAndAmortization": 1710000000,
        "ebitda": 0,
        "ebitdaratio": 0,
        "operatingIncome": 5599000000,
        "operatingIncomeRatio": 5.5490584737,
        "totalOtherIncomeExpensesNet": -4804000000,
        "incomeBeforeTax": 795000000,
        "incomeBeforeTaxRatio": 0.7879088206,
        "incomeTaxExpense": 238000000,
        "netIncome": 552000000,
        "netIncomeRatio": 0.5470763132,
        "eps": 0.74,
        "epsdiluted": 0.74,
        "weightedAverageShsOut": 695839000,
        "weightedAverageShsOutDil": 700835000,
        "link": "",
        "finalLink": ""
    },
    {
        "date": "1999-03-31",
        "symbol": "FMCC",
        "reportedCurrency": "USD",
        "cik": "0001026214",
        "fillingDate": "1999-03-31",
        "acceptedDate": "1999-03-30 19:00:00",
        "calendarYear": "1999",
        "period": "Q1",
        "revenue": 997000000,
        "costOfRevenue": 0,
        "grossProfit": 997000000,
        "grossProfitRatio": 1,
        "researchAndDevelopmentExpenses": 0,
        "generalAndAdministrativeExpenses": 163000000,
        "sellingAndMarketingExpenses": 0,
        "sellingGeneralAndAdministrativeExpenses": 163000000,
        "otherExpenses": 834000000,
        "operatingExpenses": 997000000,
        "costAndExpenses": 997000000,
        "interestIncome": 5256000000,
        "interestExpense": 4630000000,
        "depreciationAndAmortization": 2101000000,
        "ebitda": 0,
        "ebitdaratio": 0,
        "operatingIncome": 5387000000,
        "operatingIncomeRatio": 5.4032096289,
        "totalOtherIncomeExpensesNet": -4623000000,
        "incomeBeforeTax": 764000000,
        "incomeBeforeTaxRatio": 0.7662988967,
        "incomeTaxExpense": 244000000,
        "netIncome": 477000000,
        "netIncomeRatio": 0.4784353059,
        "eps": 0.69,
        "epsdiluted": 0.68,
        "weightedAverageShsOut": 695340000,
        "weightedAverageShsOutDil": 700162000,
        "link": "",
        "finalLink": ""
    },
    {
        "date": "1998-12-31",
        "symbol": "FMCC",
        "reportedCurrency": "USD",
        "cik": "0001026214",
        "fillingDate": "1998-12-31",
        "acceptedDate": "1998-12-30 19:00:00",
        "calendarYear": "1998",
        "period": "Q4",
        "revenue": 696000000,
        "costOfRevenue": 0,
        "grossProfit": 696000000,
        "grossProfitRatio": 1,
        "researchAndDevelopmentExpenses": 0,
        "generalAndAdministrativeExpenses": 169000000,
        "sellingAndMarketingExpenses": 0,
        "sellingGeneralAndAdministrativeExpenses": 169000000,
        "otherExpenses": 527000000,
        "operatingExpenses": 4500000000,
        "costAndExpenses": 696000000,
        "interestIncome": 4878000000,
        "interestExpense": 4547000000,
        "depreciationAndAmortization": 1896000000,
        "ebitda": 0,
        "ebitdaratio": 0,
        "operatingIncome": 5196000000,
        "operatingIncomeRatio": 7.4655172414,
        "totalOtherIncomeExpensesNet": -4547000000,
        "incomeBeforeTax": 649000000,
        "incomeBeforeTaxRatio": 0.9324712644,
        "incomeTaxExpense": 181000000,
        "netIncome": 430000000,
        "netIncomeRatio": 0.617816092,
        "eps": 0.69,
        "epsdiluted": 0.69,
        "weightedAverageShsOut": 677251000,
        "weightedAverageShsOutDil": 677251000,
        "link": "",
        "finalLink": ""
    },
    {
        "date": "1998-09-30",
        "symbol": "FMCC",
        "reportedCurrency": "USD",
        "cik": "0001026214",
        "fillingDate": "1998-09-30",
        "acceptedDate": "1998-09-29 20:00:00",
        "calendarYear": "1998",
        "period": "Q3",
        "revenue": 888000000,
        "costOfRevenue": 0,
        "grossProfit": 888000000,
        "grossProfitRatio": 1,
        "researchAndDevelopmentExpenses": 0,
        "generalAndAdministrativeExpenses": 142000000,
        "sellingAndMarketingExpenses": 0,
        "sellingGeneralAndAdministrativeExpenses": 142000000,
        "otherExpenses": 3168000000,
        "operatingExpenses": 3310000000,
        "costAndExpenses": 3310000000,
        "interestIncome": 4161000000,
        "interestExpense": 3614000000,
        "depreciationAndAmortization": 1686000000,
        "ebitda": 0,
        "ebitdaratio": 0,
        "operatingIncome": 4198000000,
        "operatingIncomeRatio": 4.7274774775,
        "totalOtherIncomeExpensesNet": -3614000000,
        "incomeBeforeTax": 584000000,
        "incomeBeforeTaxRatio": 0.6576576577,
        "incomeTaxExpense": 159000000,
        "netIncome": 425000000,
        "netIncomeRatio": 0.4786036036,
        "eps": 0.58,
        "epsdiluted": 0.58,
        "weightedAverageShsOut": 677251000,
        "weightedAverageShsOutDil": 681880000,
        "link": "",
        "finalLink": ""
    },
    {
        "date": "1998-06-30",
        "symbol": "FMCC",
        "reportedCurrency": "USD",
        "cik": "0001026214",
        "fillingDate": "1998-06-30",
        "acceptedDate": "1998-06-29 20:00:00",
        "calendarYear": "1998",
        "period": "Q2",
        "revenue": 881000000,
        "costOfRevenue": 0,
        "grossProfit": 881000000,
        "grossProfitRatio": 1,
        "researchAndDevelopmentExpenses": 0,
        "generalAndAdministrativeExpenses": 135000000,
        "sellingAndMarketingExpenses": 0,
        "sellingGeneralAndAdministrativeExpenses": 135000000,
        "otherExpenses": 2993000000,
        "operatingExpenses": 3128000000,
        "costAndExpenses": 3128000000,
        "interestIncome": 3972000000,
        "interestExpense": 3437000000,
        "depreciationAndAmortization": 2198000000,
        "ebitda": 0,
        "ebitdaratio": 0,
        "operatingIncome": 4009000000,
        "operatingIncomeRatio": 4.5505107832,
        "totalOtherIncomeExpensesNet": -3437000000,
        "incomeBeforeTax": 572000000,
        "incomeBeforeTaxRatio": 0.649262202,
        "incomeTaxExpense": 158000000,
        "netIncome": 414000000,
        "netIncomeRatio": 0.4699205448,
        "eps": 0.57,
        "epsdiluted": 0.56,
        "weightedAverageShsOut": 675439000,
        "weightedAverageShsOutDil": 687500000,
        "link": "",
        "finalLink": ""
    },
    {
        "date": "1998-03-31",
        "symbol": "FMCC",
        "reportedCurrency": "USD",
        "cik": "0001026214",
        "fillingDate": "1998-03-31",
        "acceptedDate": "1998-03-30 19:00:00",
        "calendarYear": "1998",
        "period": "Q1",
        "revenue": 872000000,
        "costOfRevenue": 0,
        "grossProfit": 872000000,
        "grossProfitRatio": 1,
        "researchAndDevelopmentExpenses": 0,
        "generalAndAdministrativeExpenses": 132000000,
        "sellingAndMarketingExpenses": 0,
        "sellingGeneralAndAdministrativeExpenses": 132000000,
        "otherExpenses": 2656000000,
        "operatingExpenses": 2788000000,
        "costAndExpenses": 2788000000,
        "interestIncome": 3623000000,
        "interestExpense": 3183000000,
        "depreciationAndAmortization": 1322000000,
        "ebitda": 0,
        "ebitdaratio": 0,
        "operatingIncome": 3660000000,
        "operatingIncomeRatio": 4.1972477064,
        "totalOtherIncomeExpensesNet": -3109000000,
        "incomeBeforeTax": 551000000,
        "incomeBeforeTaxRatio": 0.6318807339,
        "incomeTaxExpense": 158000000,
        "netIncome": 368000000,
        "netIncomeRatio": 0.4220183486,
        "eps": 0.54,
        "epsdiluted": 0.54,
        "weightedAverageShsOut": 681481000,
        "weightedAverageShsOutDil": 681481000,
        "link": "",
        "finalLink": ""
    },
    {
        "date": "1997-12-31",
        "symbol": "FMCC",
        "reportedCurrency": "USD",
        "cik": "0001026214",
        "fillingDate": "1997-12-31",
        "acceptedDate": "1997-12-30 19:00:00",
        "calendarYear": "1997",
        "period": "Q4",
        "revenue": 861000000,
        "costOfRevenue": 0,
        "grossProfit": 861000000,
        "grossProfitRatio": 1,
        "researchAndDevelopmentExpenses": 0,
        "generalAndAdministrativeExpenses": 129000000,
        "sellingAndMarketingExpenses": 0,
        "sellingGeneralAndAdministrativeExpenses": 129000000,
        "otherExpenses": 2474000000,
        "operatingExpenses": 2603000000,
        "costAndExpenses": 2603000000,
        "interestIncome": 3444000000,
        "interestExpense": 2934000000,
        "depreciationAndAmortization": 1147000000,
        "ebitda": 0,
        "ebitdaratio": 0,
        "operatingIncome": 3464000000,
        "operatingIncomeRatio": 4.0232288037,
        "totalOtherIncomeExpensesNet": -2934000000,
        "incomeBeforeTax": 530000000,
        "incomeBeforeTaxRatio": 0.6155632985,
        "incomeTaxExpense": 158000000,
        "netIncome": 348000000,
        "netIncomeRatio": 0.4041811847,
        "eps": 0.55,
        "epsdiluted": 0.55,
        "weightedAverageShsOut": 679066000,
        "weightedAverageShsOutDil": 681342000,
        "link": "",
        "finalLink": ""
    },
    {
        "date": "1997-09-30",
        "symbol": "FMCC",
        "reportedCurrency": "USD",
        "cik": "0001026214",
        "fillingDate": "1997-09-30",
        "acceptedDate": "1997-09-29 20:00:00",
        "calendarYear": "1997",
        "period": "Q3",
        "revenue": 836000000,
        "costOfRevenue": 0,
        "grossProfit": 836000000,
        "grossProfitRatio": 1,
        "researchAndDevelopmentExpenses": 0,
        "generalAndAdministrativeExpenses": 124000000,
        "sellingAndMarketingExpenses": 0,
        "sellingGeneralAndAdministrativeExpenses": 124000000,
        "otherExpenses": 2295000000,
        "operatingExpenses": 2419000000,
        "costAndExpenses": 2419000000,
        "interestIncome": 3232000000,
        "interestExpense": 2753000000,
        "depreciationAndAmortization": 990000000,
        "ebitda": 0,
        "ebitdaratio": 0,
        "operatingIncome": 3255000000,
        "operatingIncomeRatio": 3.8935406699,
        "totalOtherIncomeExpensesNet": -2753000000,
        "incomeBeforeTax": 502000000,
        "incomeBeforeTaxRatio": 0.6004784689,
        "incomeTaxExpense": 148000000,
        "netIncome": 333000000,
        "netIncomeRatio": 0.3983253589,
        "eps": 0.49,
        "epsdiluted": 0.48,
        "weightedAverageShsOut": 681342000,
        "weightedAverageShsOutDil": 681342000,
        "link": "",
        "finalLink": ""
    },
    {
        "date": "1997-06-30",
        "symbol": "FMCC",
        "reportedCurrency": "USD",
        "cik": "0001026214",
        "fillingDate": "1997-06-30",
        "acceptedDate": "1997-06-29 20:00:00",
        "calendarYear": "1997",
        "period": "Q2",
        "revenue": 806000000,
        "costOfRevenue": 0,
        "grossProfit": 806000000,
        "grossProfitRatio": 1,
        "researchAndDevelopmentExpenses": 0,
        "generalAndAdministrativeExpenses": 119000000,
        "sellingAndMarketingExpenses": 0,
        "sellingGeneralAndAdministrativeExpenses": 119000000,
        "otherExpenses": 2340000000,
        "operatingExpenses": 2459000000,
        "costAndExpenses": 2459000000,
        "interestIncome": 3258000000,
        "interestExpense": 2798000000,
        "depreciationAndAmortization": 1993000000,
        "ebitda": 0,
        "ebitdaratio": 0,
        "operatingIncome": 3265000000,
        "operatingIncomeRatio": 4.0508684864,
        "totalOtherIncomeExpensesNet": -2798000000,
        "incomeBeforeTax": 467000000,
        "incomeBeforeTaxRatio": 0.5794044665,
        "incomeTaxExpense": 127000000,
        "netIncome": 314000000,
        "netIncomeRatio": 0.3895781638,
        "eps": 0.46,
        "epsdiluted": 0.45,
        "weightedAverageShsOut": 688017000,
        "weightedAverageShsOutDil": 688017000,
        "link": "",
        "finalLink": ""
    },
    {
        "date": "1997-03-31",
        "symbol": "FMCC",
        "reportedCurrency": "USD",
        "cik": "0001026214",
        "fillingDate": "1997-03-31",
        "acceptedDate": "1997-03-30 19:00:00",
        "calendarYear": "1997",
        "period": "Q1",
        "revenue": 777000000,
        "costOfRevenue": 0,
        "grossProfit": 777000000,
        "grossProfitRatio": 1,
        "researchAndDevelopmentExpenses": 0,
        "generalAndAdministrativeExpenses": 123000000,
        "sellingAndMarketingExpenses": 0,
        "sellingGeneralAndAdministrativeExpenses": 123000000,
        "otherExpenses": 2199000000,
        "operatingExpenses": 2322000000,
        "costAndExpenses": 2322000000,
        "interestIncome": 3067000000,
        "interestExpense": 2634000000,
        "depreciationAndAmortization": 22000000,
        "ebitda": 0,
        "ebitdaratio": 0,
        "operatingIncome": 3099000000,
        "operatingIncomeRatio": 3.9884169884,
        "totalOtherIncomeExpensesNet": -2634000000,
        "incomeBeforeTax": 465000000,
        "incomeBeforeTaxRatio": 0.5984555985,
        "incomeTaxExpense": 136000000,
        "netIncome": 305000000,
        "netIncomeRatio": 0.3925353925,
        "eps": 0.44,
        "epsdiluted": 0.44,
        "weightedAverageShsOut": 691434000,
        "weightedAverageShsOutDil": 691434000,
        "link": "",
        "finalLink": ""
    },
    {
        "date": "1996-12-31",
        "symbol": "FMCC",
        "reportedCurrency": "USD",
        "cik": "0001026214",
        "fillingDate": "1996-12-31",
        "acceptedDate": "1996-12-30 19:00:00",
        "calendarYear": "1996",
        "period": "Q4",
        "revenue": 746000000,
        "costOfRevenue": 0,
        "grossProfit": 746000000,
        "grossProfitRatio": 1,
        "researchAndDevelopmentExpenses": 0,
        "generalAndAdministrativeExpenses": 117000000,
        "sellingAndMarketingExpenses": 0,
        "sellingGeneralAndAdministrativeExpenses": 117000000,
        "otherExpenses": 2100000000,
        "operatingExpenses": 2217000000,
        "costAndExpenses": 2217000000,
        "interestIncome": 2898000000,
        "interestExpense": 2511000000,
        "depreciationAndAmortization": 36000000,
        "ebitda": 0,
        "ebitdaratio": 0,
        "operatingIncome": 2963000000,
        "operatingIncomeRatio": 3.971849866,
        "totalOtherIncomeExpensesNet": -2511000000,
        "incomeBeforeTax": 452000000,
        "incomeBeforeTaxRatio": 0.6058981233,
        "incomeTaxExpense": 131000000,
        "netIncome": 321000000,
        "netIncomeRatio": 0.4302949062,
        "eps": 0.45,
        "epsdiluted": 0.45,
        "weightedAverageShsOut": 694630000,
        "weightedAverageShsOutDil": 714634000,
        "link": "",
        "finalLink": ""
    },
    {
        "date": "1996-09-30",
        "symbol": "FMCC",
        "reportedCurrency": "USD",
        "cik": "0001026214",
        "fillingDate": "1996-09-30",
        "acceptedDate": "1996-09-29 20:00:00",
        "calendarYear": "1996",
        "period": "Q3",
        "revenue": 706000000,
        "costOfRevenue": 0,
        "grossProfit": 706000000,
        "grossProfitRatio": 1,
        "researchAndDevelopmentExpenses": 0,
        "generalAndAdministrativeExpenses": 110000000,
        "sellingAndMarketingExpenses": 0,
        "sellingGeneralAndAdministrativeExpenses": 110000000,
        "otherExpenses": 2054000000,
        "operatingExpenses": 2164000000,
        "costAndExpenses": 2164000000,
        "interestIncome": 2803000000,
        "interestExpense": 2424000000,
        "depreciationAndAmortization": 38000000,
        "ebitda": 0,
        "ebitdaratio": 0,
        "operatingIncome": 2870000000,
        "operatingIncomeRatio": 4.0651558074,
        "totalOtherIncomeExpensesNet": -2424000000,
        "incomeBeforeTax": 446000000,
        "incomeBeforeTaxRatio": 0.6317280453,
        "incomeTaxExpense": 134000000,
        "netIncome": 312000000,
        "netIncomeRatio": 0.4419263456,
        "eps": 0.41,
        "epsdiluted": 0.41,
        "weightedAverageShsOut": 714634000,
        "weightedAverageShsOutDil": 714634000,
        "link": "",
        "finalLink": ""
    },
    {
        "date": "1996-06-30",
        "symbol": "FMCC",
        "reportedCurrency": "USD",
        "cik": "0001026214",
        "fillingDate": "1996-06-30",
        "acceptedDate": "1996-06-29 20:00:00",
        "calendarYear": "1996",
        "period": "Q2",
        "revenue": 722000000,
        "costOfRevenue": 0,
        "grossProfit": 722000000,
        "grossProfitRatio": 1,
        "researchAndDevelopmentExpenses": 0,
        "generalAndAdministrativeExpenses": 108000000,
        "sellingAndMarketingExpenses": 0,
        "sellingGeneralAndAdministrativeExpenses": 108000000,
        "otherExpenses": 1880000000,
        "operatingExpenses": 1988000000,
        "costAndExpenses": 1988000000,
        "interestIncome": 2655000000,
        "interestExpense": 2266000000,
        "depreciationAndAmortization": 38000000,
        "ebitda": 0,
        "ebitdaratio": 0,
        "operatingIncome": 2710000000,
        "operatingIncomeRatio": 3.7534626039,
        "totalOtherIncomeExpensesNet": -2251000000,
        "incomeBeforeTax": 459000000,
        "incomeBeforeTaxRatio": 0.635734072,
        "incomeTaxExpense": 135000000,
        "netIncome": 309000000,
        "netIncomeRatio": 0.4279778393,
        "eps": 0.41,
        "epsdiluted": 0.41,
        "weightedAverageShsOut": 709756000,
        "weightedAverageShsOutDil": 709756000,
        "link": "",
        "finalLink": ""
    },
    {
        "date": "1996-03-31",
        "symbol": "FMCC",
        "reportedCurrency": "USD",
        "cik": "0001026214",
        "fillingDate": "1996-03-31",
        "acceptedDate": "1996-03-30 19:00:00",
        "calendarYear": "1996",
        "period": "Q1",
        "revenue": 709000000,
        "costOfRevenue": 0,
        "grossProfit": 701000000,
        "grossProfitRatio": 0.9887165021,
        "researchAndDevelopmentExpenses": 0,
        "generalAndAdministrativeExpenses": 105000000,
        "sellingAndMarketingExpenses": 0,
        "sellingGeneralAndAdministrativeExpenses": 105000000,
        "otherExpenses": 1674000000,
        "operatingExpenses": 1779000000,
        "costAndExpenses": 1779000000,
        "interestIncome": 2427000000,
        "interestExpense": 2040000000,
        "depreciationAndAmortization": 41000000,
        "ebitda": 0,
        "ebitdaratio": 0,
        "operatingIncome": 2480000000,
        "operatingIncomeRatio": 3.4978843441,
        "totalOtherIncomeExpensesNet": -2040000000,
        "incomeBeforeTax": 440000000,
        "incomeBeforeTaxRatio": 0.6205923836,
        "incomeTaxExpense": 139000000,
        "netIncome": 301000000,
        "netIncomeRatio": 0.4245416079,
        "eps": 0.4,
        "epsdiluted": 0.4,
        "weightedAverageShsOut": 712500000,
        "weightedAverageShsOutDil": 712500000,
        "link": "",
        "finalLink": ""
    },
    {
        "date": "1995-12-31",
        "symbol": "FMCC",
        "reportedCurrency": "USD",
        "cik": "0001026214",
        "fillingDate": "1995-12-31",
        "acceptedDate": "1995-12-30 19:00:00",
        "calendarYear": "1995",
        "period": "Q4",
        "revenue": 672000000,
        "costOfRevenue": 0,
        "grossProfit": 672000000,
        "grossProfitRatio": 1,
        "researchAndDevelopmentExpenses": 0,
        "generalAndAdministrativeExpenses": 102000000,
        "sellingAndMarketingExpenses": 0,
        "sellingGeneralAndAdministrativeExpenses": 102000000,
        "otherExpenses": 570000000,
        "operatingExpenses": 672000000,
        "costAndExpenses": 672000000,
        "interestIncome": 3430000000,
        "interestExpense": 1910000000,
        "depreciationAndAmortization": 36000000,
        "ebitda": 0,
        "ebitdaratio": 0,
        "operatingIncome": 2334000000,
        "operatingIncomeRatio": 3.4732142857,
        "totalOtherIncomeExpensesNet": -1910000000,
        "incomeBeforeTax": 424000000,
        "incomeBeforeTaxRatio": 0.630952381,
        "incomeTaxExpense": 133000000,
        "netIncome": 274000000,
        "netIncomeRatio": 0.4077380952,
        "eps": 0.4,
        "epsdiluted": 0.4,
        "weightedAverageShsOut": 720910000,
        "weightedAverageShsOutDil": 727778000,
        "link": "",
        "finalLink": ""
    },
    {
        "date": "1995-09-30",
        "symbol": "FMCC",
        "reportedCurrency": "USD",
        "cik": "0001026214",
        "fillingDate": "1995-09-30",
        "acceptedDate": "1995-09-29 20:00:00",
        "calendarYear": "1995",
        "period": "Q3",
        "revenue": 645000000,
        "costOfRevenue": 0,
        "grossProfit": 645000000,
        "grossProfitRatio": 1,
        "researchAndDevelopmentExpenses": 0,
        "generalAndAdministrativeExpenses": 99000000,
        "sellingAndMarketingExpenses": 0,
        "sellingGeneralAndAdministrativeExpenses": 99000000,
        "otherExpenses": 546000000,
        "operatingExpenses": 645000000,
        "costAndExpenses": 645000000,
        "interestIncome": 2212000000,
        "interestExpense": 1844000000,
        "depreciationAndAmortization": 37000000,
        "ebitda": 0,
        "ebitdaratio": 0,
        "operatingIncome": 2252000000,
        "operatingIncomeRatio": 3.4914728682,
        "totalOtherIncomeExpensesNet": -1844000000,
        "incomeBeforeTax": 408000000,
        "incomeBeforeTaxRatio": 0.6325581395,
        "incomeTaxExpense": 130000000,
        "netIncome": 278000000,
        "netIncomeRatio": 0.4310077519,
        "eps": 0.36,
        "epsdiluted": 0.36,
        "weightedAverageShsOut": 727778000,
        "weightedAverageShsOutDil": 727778000,
        "link": "",
        "finalLink": ""
    },
    {
        "date": "1995-06-30",
        "symbol": "FMCC",
        "reportedCurrency": "USD",
        "cik": "0001026214",
        "fillingDate": "1995-06-30",
        "acceptedDate": "1995-06-29 20:00:00",
        "calendarYear": "1995",
        "period": "Q2",
        "revenue": 604000000,
        "costOfRevenue": 0,
        "grossProfit": 604000000,
        "grossProfitRatio": 1,
        "researchAndDevelopmentExpenses": 0,
        "generalAndAdministrativeExpenses": 97000000,
        "sellingAndMarketingExpenses": 0,
        "sellingGeneralAndAdministrativeExpenses": 97000000,
        "otherExpenses": 507000000,
        "operatingExpenses": 604000000,
        "costAndExpenses": 604000000,
        "interestIncome": 2023000000,
        "interestExpense": 1701000000,
        "depreciationAndAmortization": 45000000,
        "ebitda": 0,
        "ebitdaratio": 0,
        "operatingIncome": 2080000000,
        "operatingIncomeRatio": 3.4437086093,
        "totalOtherIncomeExpensesNet": -1701000000,
        "incomeBeforeTax": 379000000,
        "incomeBeforeTaxRatio": 0.6274834437,
        "incomeTaxExpense": 115000000,
        "netIncome": 264000000,
        "netIncomeRatio": 0.4370860927,
        "eps": 0.34,
        "epsdiluted": 0.34,
        "weightedAverageShsOut": 729412000,
        "weightedAverageShsOutDil": 729412000,
        "link": "",
        "finalLink": ""
    },
    {
        "date": "1995-03-31",
        "symbol": "FMCC",
        "reportedCurrency": "USD",
        "cik": "0001026214",
        "fillingDate": "1995-03-31",
        "acceptedDate": "1995-03-30 19:00:00",
        "calendarYear": "1995",
        "period": "Q1",
        "revenue": 601000000,
        "costOfRevenue": 0,
        "grossProfit": 601000000,
        "grossProfitRatio": 1,
        "researchAndDevelopmentExpenses": 0,
        "generalAndAdministrativeExpenses": 97000000,
        "sellingAndMarketingExpenses": 0,
        "sellingGeneralAndAdministrativeExpenses": 97000000,
        "otherExpenses": 504000000,
        "operatingExpenses": 601000000,
        "costAndExpenses": 601000000,
        "interestIncome": 1854000000,
        "interestExpense": 1542000000,
        "depreciationAndAmortization": 48000000,
        "ebitda": 0,
        "ebitdaratio": 0,
        "operatingIncome": 1917000000,
        "operatingIncomeRatio": 3.1896838602,
        "totalOtherIncomeExpensesNet": -1542000000,
        "incomeBeforeTax": 375000000,
        "incomeBeforeTaxRatio": 0.6239600666,
        "incomeTaxExpense": 117000000,
        "netIncome": 258000000,
        "netIncomeRatio": 0.4292845258,
        "eps": 0.34,
        "epsdiluted": 0.34,
        "weightedAverageShsOut": 711765000,
        "weightedAverageShsOutDil": 711765000,
        "link": "",
        "finalLink": ""
    },
    {
        "date": "1994-12-31",
        "symbol": "FMCC",
        "reportedCurrency": "USD",
        "cik": "0001026214",
        "fillingDate": "1994-12-31",
        "acceptedDate": "1994-12-30 19:00:00",
        "calendarYear": "1994",
        "period": "Q4",
        "revenue": 572000000,
        "costOfRevenue": 0,
        "grossProfit": 572000000,
        "grossProfitRatio": 1,
        "researchAndDevelopmentExpenses": 0,
        "generalAndAdministrativeExpenses": 97000000,
        "sellingAndMarketingExpenses": 0,
        "sellingGeneralAndAdministrativeExpenses": 97000000,
        "otherExpenses": 475000000,
        "operatingExpenses": 572000000,
        "costAndExpenses": 572000000,
        "interestIncome": 1944000000,
        "interestExpense": 1380000000,
        "depreciationAndAmortization": 51000000,
        "ebitda": 0,
        "ebitdaratio": 0,
        "operatingIncome": 1749000000,
        "operatingIncomeRatio": 3.0576923077,
        "totalOtherIncomeExpensesNet": -1380000000,
        "incomeBeforeTax": 369000000,
        "incomeBeforeTaxRatio": 0.6451048951,
        "incomeTaxExpense": 117000000,
        "netIncome": 252000000,
        "netIncomeRatio": 0.4405594406,
        "eps": 0.35,
        "epsdiluted": 0.35,
        "weightedAverageShsOut": 728125000,
        "weightedAverageShsOutDil": 728125000,
        "link": "",
        "finalLink": ""
    },
    {
        "date": "1994-09-30",
        "symbol": "FMCC",
        "reportedCurrency": "USD",
        "cik": "0001026214",
        "fillingDate": "1994-09-30",
        "acceptedDate": "1994-09-29 20:00:00",
        "calendarYear": "1994",
        "period": "Q3",
        "revenue": 570000000,
        "costOfRevenue": 0,
        "grossProfit": 570000000,
        "grossProfitRatio": 1,
        "researchAndDevelopmentExpenses": 0,
        "generalAndAdministrativeExpenses": 95000000,
        "sellingAndMarketingExpenses": 0,
        "sellingGeneralAndAdministrativeExpenses": 95000000,
        "otherExpenses": 475000000,
        "operatingExpenses": 570000000,
        "costAndExpenses": 570000000,
        "interestIncome": 1779000000,
        "interestExpense": 1215000000,
        "depreciationAndAmortization": 49000000,
        "ebitda": 0,
        "ebitdaratio": 0,
        "operatingIncome": 1584000000,
        "operatingIncomeRatio": 2.7789473684,
        "totalOtherIncomeExpensesNet": -1215000000,
        "incomeBeforeTax": 369000000,
        "incomeBeforeTaxRatio": 0.6473684211,
        "incomeTaxExpense": 120000000,
        "netIncome": 249000000,
        "netIncomeRatio": 0.4368421053,
        "eps": 0.32,
        "epsdiluted": 0.32,
        "weightedAverageShsOut": 728125000,
        "weightedAverageShsOutDil": 728125000,
        "link": "",
        "finalLink": ""
    },
    {
        "date": "1994-06-30",
        "symbol": "FMCC",
        "reportedCurrency": "USD",
        "cik": "0001026214",
        "fillingDate": "1994-06-30",
        "acceptedDate": "1994-06-29 20:00:00",
        "calendarYear": "1994",
        "period": "Q2",
        "revenue": 562000000,
        "costOfRevenue": 0,
        "grossProfit": 562000000,
        "grossProfitRatio": 1,
        "researchAndDevelopmentExpenses": 0,
        "generalAndAdministrativeExpenses": 95000000,
        "sellingAndMarketingExpenses": 0,
        "sellingGeneralAndAdministrativeExpenses": 95000000,
        "otherExpenses": 467000000,
        "operatingExpenses": 562000000,
        "costAndExpenses": 562000000,
        "interestIncome": 1626000000,
        "interestExpense": 1080000000,
        "depreciationAndAmortization": 57000000,
        "ebitda": 0,
        "ebitdaratio": 0,
        "operatingIncome": 1439000000,
        "operatingIncomeRatio": 2.5604982206,
        "totalOtherIncomeExpensesNet": -1080000000,
        "incomeBeforeTax": 359000000,
        "incomeBeforeTaxRatio": 0.6387900356,
        "incomeTaxExpense": 110000000,
        "netIncome": 233000000,
        "netIncomeRatio": 0.4145907473,
        "eps": 0.32,
        "epsdiluted": 0.32,
        "weightedAverageShsOut": 728125000,
        "weightedAverageShsOutDil": 728125000,
        "link": "",
        "finalLink": ""
    },
    {
        "date": "1994-03-31",
        "symbol": "FMCC",
        "reportedCurrency": "USD",
        "cik": "0001026214",
        "fillingDate": "1994-03-31",
        "acceptedDate": "1994-03-30 19:00:00",
        "calendarYear": "1994",
        "period": "Q1",
        "revenue": 582000000,
        "costOfRevenue": 0,
        "grossProfit": 582000000,
        "grossProfitRatio": 1,
        "researchAndDevelopmentExpenses": 0,
        "generalAndAdministrativeExpenses": 92000000,
        "sellingAndMarketingExpenses": 0,
        "sellingGeneralAndAdministrativeExpenses": 92000000,
        "otherExpenses": 490000000,
        "operatingExpenses": 582000000,
        "costAndExpenses": 582000000,
        "interestIncome": 1574000000,
        "interestExpense": 1028000000,
        "depreciationAndAmortization": 109000000,
        "ebitda": 0,
        "ebitdaratio": 0,
        "operatingIncome": 1369000000,
        "operatingIncomeRatio": 2.352233677,
        "totalOtherIncomeExpensesNet": -984000000,
        "incomeBeforeTax": 385000000,
        "incomeBeforeTaxRatio": 0.6615120275,
        "incomeTaxExpense": 108000000,
        "netIncome": 233000000,
        "netIncomeRatio": 0.4003436426,
        "eps": 0.3,
        "epsdiluted": 0.3,
        "weightedAverageShsOut": 723333000,
        "weightedAverageShsOutDil": 723333000,
        "link": "",
        "finalLink": ""
    },
    {
        "date": "1993-12-31",
        "symbol": "FMCC",
        "reportedCurrency": "USD",
        "cik": "0001026214",
        "fillingDate": "1993-12-31",
        "acceptedDate": "1993-12-30 19:00:00",
        "calendarYear": "1993",
        "period": "Q4",
        "revenue": 393000000,
        "costOfRevenue": 0,
        "grossProfit": 393000000,
        "grossProfitRatio": 1,
        "researchAndDevelopmentExpenses": 0,
        "generalAndAdministrativeExpenses": 91000000,
        "sellingAndMarketingExpenses": 0,
        "sellingGeneralAndAdministrativeExpenses": 91000000,
        "otherExpenses": 302000000,
        "operatingExpenses": 393000000,
        "costAndExpenses": 393000000,
        "interestIncome": 1591000000,
        "interestExpense": 1106000000,
        "depreciationAndAmortization": 97000000,
        "ebitda": 0,
        "ebitdaratio": 0,
        "operatingIncome": 1405000000,
        "operatingIncomeRatio": 3.5750636132,
        "totalOtherIncomeExpensesNet": -1106000000,
        "incomeBeforeTax": 299000000,
        "incomeBeforeTaxRatio": 0.7608142494,
        "incomeTaxExpense": 95000000,
        "netIncome": 204000000,
        "netIncomeRatio": 0.5190839695,
        "eps": 0.27,
        "epsdiluted": 0.27,
        "weightedAverageShsOut": 769231000,
        "weightedAverageShsOutDil": 769231000,
        "link": "",
        "finalLink": ""
    },
    {
        "date": "1993-09-30",
        "symbol": "FMCC",
        "reportedCurrency": "USD",
        "cik": "0001026214",
        "fillingDate": "1993-09-30",
        "acceptedDate": "1993-09-29 20:00:00",
        "calendarYear": "1993",
        "period": "Q3",
        "revenue": 510000000,
        "costOfRevenue": 0,
        "grossProfit": 510000000,
        "grossProfitRatio": 1,
        "researchAndDevelopmentExpenses": 0,
        "generalAndAdministrativeExpenses": 91000000,
        "sellingAndMarketingExpenses": 0,
        "sellingGeneralAndAdministrativeExpenses": 91000000,
        "otherExpenses": 419000000,
        "operatingExpenses": 510000000,
        "costAndExpenses": 510000000,
        "interestIncome": 1382000000,
        "interestExpense": 913000000,
        "depreciationAndAmortization": 110000000,
        "ebitda": 0,
        "ebitdaratio": 0,
        "operatingIncome": 1189000000,
        "operatingIncomeRatio": 2.331372549,
        "totalOtherIncomeExpensesNet": -913000000,
        "incomeBeforeTax": 276000000,
        "incomeBeforeTaxRatio": 0.5411764706,
        "incomeTaxExpense": 76000000,
        "netIncome": 200000000,
        "netIncomeRatio": 0.3921568627,
        "eps": 0.26,
        "epsdiluted": 0.26,
        "weightedAverageShsOut": 769231000,
        "weightedAverageShsOutDil": 769231000,
        "link": "",
        "finalLink": ""
    },
    {
        "date": "1993-06-30",
        "symbol": "FMCC",
        "reportedCurrency": "USD",
        "cik": "0001026214",
        "fillingDate": "1993-06-30",
        "acceptedDate": "1993-06-29 20:00:00",
        "calendarYear": "1993",
        "period": "Q2",
        "revenue": 478000000,
        "costOfRevenue": 0,
        "grossProfit": 478000000,
        "grossProfitRatio": 1,
        "researchAndDevelopmentExpenses": 0,
        "generalAndAdministrativeExpenses": 90000000,
        "sellingAndMarketingExpenses": 0,
        "sellingGeneralAndAdministrativeExpenses": 90000000,
        "otherExpenses": 388000000,
        "operatingExpenses": 478000000,
        "costAndExpenses": 478000000,
        "interestIncome": 1318000000,
        "interestExpense": 870000000,
        "depreciationAndAmortization": 80000000,
        "ebitda": 0,
        "ebitdaratio": 0,
        "operatingIncome": 1129000000,
        "operatingIncomeRatio": 2.3619246862,
        "totalOtherIncomeExpensesNet": -870000000,
        "incomeBeforeTax": 259000000,
        "incomeBeforeTaxRatio": 0.5418410042,
        "incomeTaxExpense": 79000000,
        "netIncome": 180000000,
        "netIncomeRatio": 0.3765690377,
        "eps": 0.24,
        "epsdiluted": 0.24,
        "weightedAverageShsOut": 750000000,
        "weightedAverageShsOutDil": 750000000,
        "link": "",
        "finalLink": ""
    },
    {
        "date": "1993-03-31",
        "symbol": "FMCC",
        "reportedCurrency": "USD",
        "cik": "0001026214",
        "fillingDate": "1993-03-31",
        "acceptedDate": "1993-03-30 19:00:00",
        "calendarYear": "1993",
        "period": "Q1",
        "revenue": 504000000,
        "costOfRevenue": 0,
        "grossProfit": 504000000,
        "grossProfitRatio": 1,
        "researchAndDevelopmentExpenses": 0,
        "generalAndAdministrativeExpenses": 89000000,
        "sellingAndMarketingExpenses": 0,
        "sellingGeneralAndAdministrativeExpenses": 89000000,
        "otherExpenses": 383000000,
        "operatingExpenses": 472000000,
        "costAndExpenses": 472000000,
        "interestIncome": 1165000000,
        "interestExpense": 682000000,
        "depreciationAndAmortization": 72000000,
        "ebitda": 0,
        "ebitdaratio": 0,
        "operatingIncome": 976000000,
        "operatingIncomeRatio": 1.9365079365,
        "totalOtherIncomeExpensesNet": -682000000,
        "incomeBeforeTax": 294000000,
        "incomeBeforeTaxRatio": 0.5833333333,
        "incomeTaxExpense": 92000000,
        "netIncome": 202000000,
        "netIncomeRatio": 0.4007936508,
        "eps": 0.27,
        "epsdiluted": 0.27,
        "weightedAverageShsOut": 707407000,
        "weightedAverageShsOutDil": 707407000,
        "link": "",
        "finalLink": ""
    },
    {
        "date": "1992-12-31",
        "symbol": "FMCC",
        "reportedCurrency": "USD",
        "cik": "0001026214",
        "fillingDate": "1992-12-31",
        "acceptedDate": "1992-12-30 19:00:00",
        "calendarYear": "1992",
        "period": "Q4",
        "revenue": 429000000,
        "costOfRevenue": 0,
        "grossProfit": 429000000,
        "grossProfitRatio": 1,
        "researchAndDevelopmentExpenses": 0,
        "generalAndAdministrativeExpenses": 94000000,
        "sellingAndMarketingExpenses": 0,
        "sellingGeneralAndAdministrativeExpenses": 94000000,
        "otherExpenses": 478000000,
        "operatingExpenses": 572000000,
        "costAndExpenses": 429000000,
        "interestIncome": 1187000000,
        "interestExpense": 779000000,
        "depreciationAndAmortization": 68000000,
        "ebitda": 0,
        "ebitdaratio": 0,
        "operatingIncome": 1001000000,
        "operatingIncomeRatio": 2.3333333333,
        "totalOtherIncomeExpensesNet": -779000000,
        "incomeBeforeTax": 222000000,
        "incomeBeforeTaxRatio": 0.5174825175,
        "incomeTaxExpense": 67000000,
        "netIncome": 155000000,
        "netIncomeRatio": 0.3613053613,
        "eps": 0.2,
        "epsdiluted": 0.2,
        "weightedAverageShsOut": 766667000,
        "weightedAverageShsOutDil": 766667000,
        "link": "",
        "finalLink": ""
    },
    {
        "date": "1992-09-30",
        "symbol": "FMCC",
        "reportedCurrency": "USD",
        "cik": "0001026214",
        "fillingDate": "1992-09-30",
        "acceptedDate": "1992-09-29 20:00:00",
        "calendarYear": "1992",
        "period": "Q3",
        "revenue": 437000000,
        "costOfRevenue": 0,
        "grossProfit": 437000000,
        "grossProfitRatio": 1,
        "researchAndDevelopmentExpenses": 0,
        "generalAndAdministrativeExpenses": 82000000,
        "sellingAndMarketingExpenses": 0,
        "sellingGeneralAndAdministrativeExpenses": 82000000,
        "otherExpenses": 397000000,
        "operatingExpenses": 479000000,
        "costAndExpenses": 479000000,
        "interestIncome": 1104000000,
        "interestExpense": 685000000,
        "depreciationAndAmortization": 65000000,
        "ebitda": 0,
        "ebitdaratio": 0,
        "operatingIncome": 916000000,
        "operatingIncomeRatio": 2.0961098398,
        "totalOtherIncomeExpensesNet": -685000000,
        "incomeBeforeTax": 231000000,
        "incomeBeforeTaxRatio": 0.528604119,
        "incomeTaxExpense": 70000000,
        "netIncome": 161000000,
        "netIncomeRatio": 0.3684210526,
        "eps": 0.21,
        "epsdiluted": 0.21,
        "weightedAverageShsOut": 766667000,
        "weightedAverageShsOutDil": 766667000,
        "link": "",
        "finalLink": ""
    },
    {
        "date": "1992-06-30",
        "symbol": "FMCC",
        "reportedCurrency": "USD",
        "cik": "0001026214",
        "fillingDate": "1992-06-30",
        "acceptedDate": "1992-06-29 20:00:00",
        "calendarYear": "1992",
        "period": "Q2",
        "revenue": 443000000,
        "costOfRevenue": 0,
        "grossProfit": 443000000,
        "grossProfitRatio": 1,
        "researchAndDevelopmentExpenses": 0,
        "generalAndAdministrativeExpenses": 80000000,
        "sellingAndMarketingExpenses": 0,
        "sellingGeneralAndAdministrativeExpenses": 80000000,
        "otherExpenses": 395000000,
        "operatingExpenses": 475000000,
        "costAndExpenses": 475000000,
        "interestIncome": 1099000000,
        "interestExpense": 675000000,
        "depreciationAndAmortization": 73000000,
        "ebitda": 0,
        "ebitdaratio": 0,
        "operatingIncome": 918000000,
        "operatingIncomeRatio": 2.072234763,
        "totalOtherIncomeExpensesNet": -675000000,
        "incomeBeforeTax": 243000000,
        "incomeBeforeTaxRatio": 0.5485327314,
        "incomeTaxExpense": 78000000,
        "netIncome": 165000000,
        "netIncomeRatio": 0.3724604966,
        "eps": 0.22,
        "epsdiluted": 0.22,
        "weightedAverageShsOut": 750000000,
        "weightedAverageShsOutDil": 750000000,
        "link": "",
        "finalLink": ""
    },
    {
        "date": "1992-03-31",
        "symbol": "FMCC",
        "reportedCurrency": "USD",
        "cik": "0001026214",
        "fillingDate": "1992-03-31",
        "acceptedDate": "1992-03-30 19:00:00",
        "calendarYear": "1992",
        "period": "Q1",
        "revenue": 394000000,
        "costOfRevenue": 0,
        "grossProfit": 394000000,
        "grossProfitRatio": 1,
        "researchAndDevelopmentExpenses": 0,
        "generalAndAdministrativeExpenses": 73000000,
        "sellingAndMarketingExpenses": 0,
        "sellingGeneralAndAdministrativeExpenses": 73000000,
        "otherExpenses": 321000000,
        "operatingExpenses": 394000000,
        "costAndExpenses": 394000000,
        "interestIncome": 1071000000,
        "interestExpense": 691000000,
        "depreciationAndAmortization": 71000000,
        "ebitda": 0,
        "ebitdaratio": 0,
        "operatingIncome": 896000000,
        "operatingIncomeRatio": 2.2741116751,
        "totalOtherIncomeExpensesNet": -691000000,
        "incomeBeforeTax": 205000000,
        "incomeBeforeTaxRatio": 0.5203045685,
        "incomeTaxExpense": 64000000,
        "netIncome": 141000000,
        "netIncomeRatio": 0.3578680203,
        "eps": 0.2,
        "epsdiluted": 0.2,
        "weightedAverageShsOut": 705000000,
        "weightedAverageShsOutDil": 705000000,
        "link": "",
        "finalLink": ""
    },
    {
        "date": "1991-12-31",
        "symbol": "FMCC",
        "reportedCurrency": "USD",
        "cik": "0001026214",
        "fillingDate": "1991-12-31",
        "acceptedDate": "1991-12-30 19:00:00",
        "calendarYear": "1991",
        "period": "Q4",
        "revenue": 404000000,
        "costOfRevenue": 0,
        "grossProfit": 404000000,
        "grossProfitRatio": 1,
        "researchAndDevelopmentExpenses": 0,
        "generalAndAdministrativeExpenses": 78000000,
        "sellingAndMarketingExpenses": 0,
        "sellingGeneralAndAdministrativeExpenses": 78000000,
        "otherExpenses": 326000000,
        "operatingExpenses": 404000000,
        "costAndExpenses": 404000000,
        "interestIncome": 1076000000,
        "interestExpense": 688000000,
        "depreciationAndAmortization": 111000000,
        "ebitda": 0,
        "ebitdaratio": 0,
        "operatingIncome": 901000000,
        "operatingIncomeRatio": 2.2301980198,
        "totalOtherIncomeExpensesNet": -688000000,
        "incomeBeforeTax": 213000000,
        "incomeBeforeTaxRatio": 0.5272277228,
        "incomeTaxExpense": 67000000,
        "netIncome": 146000000,
        "netIncomeRatio": 0.3613861386,
        "eps": 0.21,
        "epsdiluted": 0.21,
        "weightedAverageShsOut": 709524000,
        "weightedAverageShsOutDil": 709524000,
        "link": "",
        "finalLink": ""
    },
    {
        "date": "1991-09-30",
        "symbol": "FMCC",
        "reportedCurrency": "USD",
        "cik": "0001026214",
        "fillingDate": "1991-09-30",
        "acceptedDate": "1991-09-29 20:00:00",
        "calendarYear": "1991",
        "period": "Q3",
        "revenue": 397000000,
        "costOfRevenue": 0,
        "grossProfit": 397000000,
        "grossProfitRatio": 1,
        "researchAndDevelopmentExpenses": 0,
        "generalAndAdministrativeExpenses": 71000000,
        "sellingAndMarketingExpenses": 0,
        "sellingGeneralAndAdministrativeExpenses": 71000000,
        "otherExpenses": 326000000,
        "operatingExpenses": 397000000,
        "costAndExpenses": 397000000,
        "interestIncome": 1061000000,
        "interestExpense": 673000000,
        "depreciationAndAmortization": 49000000,
        "ebitda": 0,
        "ebitdaratio": 0,
        "operatingIncome": 889000000,
        "operatingIncomeRatio": 2.2392947103,
        "totalOtherIncomeExpensesNet": -673000000,
        "incomeBeforeTax": 216000000,
        "incomeBeforeTaxRatio": 0.5440806045,
        "incomeTaxExpense": 67000000,
        "netIncome": 149000000,
        "netIncomeRatio": 0.3753148615,
        "eps": 0.21,
        "epsdiluted": 0.21,
        "weightedAverageShsOut": 709524000,
        "weightedAverageShsOutDil": 709524000,
        "link": "",
        "finalLink": ""
    },
    {
        "date": "1991-06-30",
        "symbol": "FMCC",
        "reportedCurrency": "USD",
        "cik": "0001026214",
        "fillingDate": "1991-06-30",
        "acceptedDate": "1991-06-29 20:00:00",
        "calendarYear": "1991",
        "period": "Q2",
        "revenue": 367000000,
        "costOfRevenue": 0,
        "grossProfit": 367000000,
        "grossProfitRatio": 1,
        "researchAndDevelopmentExpenses": 0,
        "generalAndAdministrativeExpenses": 71000000,
        "sellingAndMarketingExpenses": 0,
        "sellingGeneralAndAdministrativeExpenses": 71000000,
        "otherExpenses": 296000000,
        "operatingExpenses": 367000000,
        "costAndExpenses": 367000000,
        "interestIncome": 1035000000,
        "interestExpense": 677000000,
        "depreciationAndAmortization": 59000000,
        "ebitda": 0,
        "ebitdaratio": 0,
        "operatingIncome": 868000000,
        "operatingIncomeRatio": 2.3651226158,
        "totalOtherIncomeExpensesNet": -677000000,
        "incomeBeforeTax": 191000000,
        "incomeBeforeTaxRatio": 0.5204359673,
        "incomeTaxExpense": 58000000,
        "netIncome": 133000000,
        "netIncomeRatio": 0.3623978202,
        "eps": 0.19,
        "epsdiluted": 0.19,
        "weightedAverageShsOut": 700000000,
        "weightedAverageShsOutDil": 700000000,
        "link": "",
        "finalLink": ""
    },
    {
        "date": "1991-03-31",
        "symbol": "FMCC",
        "reportedCurrency": "USD",
        "cik": "0001026214",
        "fillingDate": "1991-03-31",
        "acceptedDate": "1991-03-30 19:00:00",
        "calendarYear": "1991",
        "period": "Q1",
        "revenue": 350000000,
        "costOfRevenue": 0,
        "grossProfit": 350000000,
        "grossProfitRatio": 1,
        "researchAndDevelopmentExpenses": 0,
        "generalAndAdministrativeExpenses": 67000000,
        "sellingAndMarketingExpenses": 0,
        "sellingGeneralAndAdministrativeExpenses": 67000000,
        "otherExpenses": 283000000,
        "operatingExpenses": 350000000,
        "costAndExpenses": 350000000,
        "interestIncome": 1047000000,
        "interestExpense": 706000000,
        "depreciationAndAmortization": 73000000,
        "ebitda": 0,
        "ebitdaratio": 0,
        "operatingIncome": 886000000,
        "operatingIncomeRatio": 2.5314285714,
        "totalOtherIncomeExpensesNet": -706000000,
        "incomeBeforeTax": 180000000,
        "incomeBeforeTaxRatio": 0.5142857143,
        "incomeTaxExpense": 53000000,
        "netIncome": 127000000,
        "netIncomeRatio": 0.3628571429,
        "eps": 0.18,
        "epsdiluted": 0.18,
        "weightedAverageShsOut": 705556000,
        "weightedAverageShsOutDil": 705556000,
        "link": "",
        "finalLink": ""
    },
    {
        "date": "1990-12-31",
        "symbol": "FMCC",
        "reportedCurrency": "USD",
        "cik": "0001026214",
        "fillingDate": "1990-12-31",
        "acceptedDate": "1990-12-30 19:00:00",
        "calendarYear": "1990",
        "period": "Q4",
        "revenue": 351000000,
        "costOfRevenue": 0,
        "grossProfit": 351000000,
        "grossProfitRatio": 1,
        "researchAndDevelopmentExpenses": 0,
        "generalAndAdministrativeExpenses": 71000000,
        "sellingAndMarketingExpenses": 0,
        "sellingGeneralAndAdministrativeExpenses": 71000000,
        "otherExpenses": 356000000,
        "operatingExpenses": 427000000,
        "costAndExpenses": 427000000,
        "interestIncome": 1038000000,
        "interestExpense": 696000000,
        "depreciationAndAmortization": 58000000,
        "ebitda": 0,
        "ebitdaratio": 0,
        "operatingIncome": 778000000,
        "operatingIncomeRatio": 2.2165242165,
        "totalOtherIncomeExpensesNet": -696000000,
        "incomeBeforeTax": 82000000,
        "incomeBeforeTaxRatio": 0.2336182336,
        "incomeTaxExpense": 20000000,
        "netIncome": 62000000,
        "netIncomeRatio": 0.1766381766,
        "eps": 0.0857,
        "epsdiluted": 0.0857,
        "weightedAverageShsOut": 700070000,
        "weightedAverageShsOutDil": 723529000,
        "link": "",
        "finalLink": ""
    },
    {
        "date": "1990-09-30",
        "symbol": "FMCC",
        "reportedCurrency": "USD",
        "cik": "0001026214",
        "fillingDate": "1990-09-30",
        "acceptedDate": "1990-09-29 20:00:00",
        "calendarYear": "1990",
        "period": "Q3",
        "revenue": 332000000,
        "costOfRevenue": 0,
        "grossProfit": 332000000,
        "grossProfitRatio": 1,
        "researchAndDevelopmentExpenses": 0,
        "generalAndAdministrativeExpenses": 60000000,
        "sellingAndMarketingExpenses": 0,
        "sellingGeneralAndAdministrativeExpenses": 60000000,
        "otherExpenses": 460000000,
        "operatingExpenses": 520000000,
        "costAndExpenses": 520000000,
        "interestIncome": 998000000,
        "interestExpense": 673000000,
        "depreciationAndAmortization": 60000000,
        "ebitda": 0,
        "ebitdaratio": 0,
        "operatingIncome": 852000000,
        "operatingIncomeRatio": 2.5662650602,
        "totalOtherIncomeExpensesNet": -673000000,
        "incomeBeforeTax": 179000000,
        "incomeBeforeTaxRatio": 0.5391566265,
        "incomeTaxExpense": 56000000,
        "netIncome": 123000000,
        "netIncomeRatio": 0.3704819277,
        "eps": 0.17,
        "epsdiluted": 0.17,
        "weightedAverageShsOut": 723529000,
        "weightedAverageShsOutDil": 723529000,
        "link": "",
        "finalLink": ""
    },
    {
        "date": "1990-06-30",
        "symbol": "FMCC",
        "reportedCurrency": "USD",
        "cik": "0001026214",
        "fillingDate": "1990-06-30",
        "acceptedDate": "1990-06-29 20:00:00",
        "calendarYear": "1990",
        "period": "Q2",
        "revenue": 318000000,
        "costOfRevenue": 0,
        "grossProfit": 318000000,
        "grossProfitRatio": 1,
        "researchAndDevelopmentExpenses": 0,
        "generalAndAdministrativeExpenses": 57000000,
        "sellingAndMarketingExpenses": 0,
        "sellingGeneralAndAdministrativeExpenses": 57000000,
        "otherExpenses": 493000000,
        "operatingExpenses": 550000000,
        "costAndExpenses": 318000000,
        "interestIncome": 1009000000,
        "interestExpense": 700000000,
        "depreciationAndAmortization": 60000000,
        "ebitda": 0,
        "ebitdaratio": 0,
        "operatingIncome": 0,
        "operatingIncomeRatio": 0,
        "totalOtherIncomeExpensesNet": -700000000,
        "incomeBeforeTax": 168000000,
        "incomeBeforeTaxRatio": 0.5283018868,
        "incomeTaxExpense": 50000000,
        "netIncome": 118000000,
        "netIncomeRatio": 0.3710691824,
        "eps": 0.17,
        "epsdiluted": 0.17,
        "weightedAverageShsOut": 694118000,
        "weightedAverageShsOutDil": 694118000,
        "link": "",
        "finalLink": ""
    },
    {
        "date": "1990-03-31",
        "symbol": "FMCC",
        "reportedCurrency": "USD",
        "cik": "0001026214",
        "fillingDate": "1990-03-31",
        "acceptedDate": "1990-03-30 19:00:00",
        "calendarYear": "1990",
        "period": "Q1",
        "revenue": 306000000,
        "costOfRevenue": 0,
        "grossProfit": 306000000,
        "grossProfitRatio": 1,
        "researchAndDevelopmentExpenses": 0,
        "generalAndAdministrativeExpenses": 55000000,
        "sellingAndMarketingExpenses": 0,
        "sellingGeneralAndAdministrativeExpenses": 55000000,
        "otherExpenses": 420000000,
        "operatingExpenses": 475000000,
        "costAndExpenses": 306000000,
        "interestIncome": 920000000,
        "interestExpense": 623000000,
        "depreciationAndAmortization": 62000000,
        "ebitda": 0,
        "ebitdaratio": 0,
        "operatingIncome": 0,
        "operatingIncomeRatio": 0,
        "totalOtherIncomeExpensesNet": -623000000,
        "incomeBeforeTax": 158000000,
        "incomeBeforeTaxRatio": 0.5163398693,
        "incomeTaxExpense": 47000000,
        "netIncome": 111000000,
        "netIncomeRatio": 0.362745098,
        "eps": 0.16,
        "epsdiluted": 0.16,
        "weightedAverageShsOut": 693750000,
        "weightedAverageShsOutDil": 693750000,
        "link": "",
        "finalLink": ""
    }
]