[
    {
        "date": "2025-06-30",
        "symbol": "FN",
        "reportedCurrency": "USD",
        "cik": "0001408710",
        "fillingDate": "2025-08-19",
        "acceptedDate": "2025-08-19 07:13:26",
        "calendarYear": "2025",
        "period": "Q4",
        "revenue": 909692000,
        "costOfRevenue": 798401000,
        "grossProfit": 111291000,
        "grossProfitRatio": 0.1223392093,
        "researchAndDevelopmentExpenses": 0,
        "generalAndAdministrativeExpenses": 0,
        "sellingAndMarketingExpenses": 0,
        "sellingGeneralAndAdministrativeExpenses": 22166000,
        "otherExpenses": 69000,
        "operatingExpenses": 22235000,
        "costAndExpenses": 820636000,
        "interestIncome": 7770000,
        "interestExpense": 0,
        "depreciationAndAmortization": 14210000,
        "ebitda": 107446000,
        "ebitdaratio": 0.118112504,
        "operatingIncome": 89056000,
        "operatingIncomeRatio": 0.0978968706,
        "totalOtherIncomeExpensesNet": 4180000,
        "incomeBeforeTax": 93236000,
        "incomeBeforeTaxRatio": 0.1024918324,
        "incomeTaxExpense": 6029000,
        "netIncome": 87207000,
        "netIncomeRatio": 0.0958643145,
        "eps": 2.44,
        "epsdiluted": 2.42,
        "weightedAverageShsOut": 35788000,
        "weightedAverageShsOutDil": 36084000,
        "link": "https://www.sec.gov/Archives/edgar/data/1408710/000140871025000039/0001408710-25-000039-index.htm",
        "finalLink": "https://www.sec.gov/Archives/edgar/data/1408710/000140871025000039/fn-20250627.htm"
    },
    {
        "date": "2025-03-28",
        "symbol": "FN",
        "reportedCurrency": "USD",
        "cik": "0001408710",
        "fillingDate": "2025-05-06",
        "acceptedDate": "2025-05-06 07:15:39",
        "calendarYear": "2025",
        "period": "Q3",
        "revenue": 871799000,
        "costOfRevenue": 769616000,
        "grossProfit": 102183000,
        "grossProfitRatio": 0.1172093567,
        "researchAndDevelopmentExpenses": 0,
        "generalAndAdministrativeExpenses": 0,
        "sellingAndMarketingExpenses": 0,
        "sellingGeneralAndAdministrativeExpenses": 22063000,
        "otherExpenses": 1264000,
        "operatingExpenses": 23327000,
        "costAndExpenses": 792943000,
        "interestIncome": 10145000,
        "interestExpense": 0,
        "depreciationAndAmortization": 13427000,
        "ebitda": 99723000,
        "ebitdaratio": 0.1143876054,
        "operatingIncome": 78856000,
        "operatingIncomeRatio": 0.0904520423,
        "totalOtherIncomeExpensesNet": 7440000,
        "incomeBeforeTax": 86296000,
        "incomeBeforeTaxRatio": 0.0989861195,
        "incomeTaxExpense": 5006000,
        "netIncome": 81290000,
        "netIncomeRatio": 0.0932439702,
        "eps": 2.26,
        "epsdiluted": 2.24,
        "weightedAverageShsOut": 36094000,
        "weightedAverageShsOutDil": 36327000,
        "link": "https://www.sec.gov/Archives/edgar/data/1408710/000140871025000023/0001408710-25-000023-index.htm",
        "finalLink": "https://www.sec.gov/Archives/edgar/data/1408710/000140871025000023/fn-20250328.htm"
    },
    {
        "date": "2024-12-27",
        "symbol": "FN",
        "reportedCurrency": "USD",
        "cik": "0001408710",
        "fillingDate": "2025-02-04",
        "acceptedDate": "2025-02-04 06:16:09",
        "calendarYear": "2025",
        "period": "Q2",
        "revenue": 833608000,
        "costOfRevenue": 732759000,
        "grossProfit": 100849000,
        "grossProfitRatio": 0.1209789253,
        "researchAndDevelopmentExpenses": 0,
        "generalAndAdministrativeExpenses": 0,
        "sellingAndMarketingExpenses": 0,
        "sellingGeneralAndAdministrativeExpenses": 21206000,
        "otherExpenses": 46000,
        "operatingExpenses": 21252000,
        "costAndExpenses": 754011000,
        "interestIncome": 11314000,
        "interestExpense": 0,
        "depreciationAndAmortization": 13044000,
        "ebitda": 107935000,
        "ebitdaratio": 0.1294793236,
        "operatingIncome": 79597000,
        "operatingIncomeRatio": 0.0954849282,
        "totalOtherIncomeExpensesNet": 15294000,
        "incomeBeforeTax": 94891000,
        "incomeBeforeTaxRatio": 0.1138316811,
        "incomeTaxExpense": 8255000,
        "netIncome": 86636000,
        "netIncomeRatio": 0.103928945,
        "eps": 2.4,
        "epsdiluted": 2.38,
        "weightedAverageShsOut": 36163000,
        "weightedAverageShsOutDil": 36402000,
        "link": "https://www.sec.gov/Archives/edgar/data/1408710/000140871025000008/0001408710-25-000008-index.htm",
        "finalLink": "https://www.sec.gov/Archives/edgar/data/1408710/000140871025000008/fn-20241227.htm"
    },
    {
        "date": "2024-09-27",
        "symbol": "FN",
        "reportedCurrency": "USD",
        "cik": "0001408710",
        "fillingDate": "2024-11-05",
        "acceptedDate": "2024-11-05 06:11:08",
        "calendarYear": "2025",
        "period": "Q1",
        "revenue": 804228000,
        "costOfRevenue": 705202000,
        "grossProfit": 99026000,
        "grossProfitRatio": 0.1231317487,
        "researchAndDevelopmentExpenses": 0,
        "generalAndAdministrativeExpenses": 0,
        "sellingAndMarketingExpenses": 0,
        "sellingGeneralAndAdministrativeExpenses": 22031000,
        "otherExpenses": 57000,
        "operatingExpenses": 22088000,
        "costAndExpenses": 727290000,
        "interestIncome": 10933000,
        "interestExpense": 0,
        "depreciationAndAmortization": 12752000,
        "ebitda": 93509000,
        "ebitdaratio": 0.1162717538,
        "operatingIncome": 76938000,
        "operatingIncomeRatio": 0.0956669004,
        "totalOtherIncomeExpensesNet": 3819000,
        "incomeBeforeTax": 80757000,
        "incomeBeforeTaxRatio": 0.1004155538,
        "incomeTaxExpense": 3363000,
        "netIncome": 77394000,
        "netIncomeRatio": 0.0962339038,
        "eps": 2.14,
        "epsdiluted": 2.13,
        "weightedAverageShsOut": 36203000,
        "weightedAverageShsOutDil": 36408000,
        "link": "https://www.sec.gov/Archives/edgar/data/1408710/000140871024000040/0001408710-24-000040-index.htm",
        "finalLink": "https://www.sec.gov/Archives/edgar/data/1408710/000140871024000040/fn-20240927.htm"
    },
    {
        "date": "2024-06-30",
        "symbol": "FN",
        "reportedCurrency": "USD",
        "cik": "0001408710",
        "fillingDate": "2024-08-20",
        "acceptedDate": "2024-08-20 07:05:01",
        "calendarYear": "2024",
        "period": "Q4",
        "revenue": 753261000,
        "costOfRevenue": 660812000,
        "grossProfit": 92449000,
        "grossProfitRatio": 0.1227316959,
        "researchAndDevelopmentExpenses": 0,
        "generalAndAdministrativeExpenses": 0,
        "sellingAndMarketingExpenses": 0,
        "sellingGeneralAndAdministrativeExpenses": 19108000,
        "otherExpenses": 32000,
        "operatingExpenses": 19140000,
        "costAndExpenses": 679952000,
        "interestIncome": 11049000,
        "interestExpense": 17000,
        "depreciationAndAmortization": 12415000,
        "ebitda": 97407000,
        "ebitdaratio": 0.1293137438,
        "operatingIncome": 73309000,
        "operatingIncomeRatio": 0.0973221765,
        "totalOtherIncomeExpensesNet": 11666000,
        "incomeBeforeTax": 84975000,
        "incomeBeforeTaxRatio": 0.1128095043,
        "incomeTaxExpense": 3909000,
        "netIncome": 81066000,
        "netIncomeRatio": 0.1076200679,
        "eps": 2.24,
        "epsdiluted": 2.22,
        "weightedAverageShsOut": 36150000,
        "weightedAverageShsOutDil": 36533000,
        "link": "https://www.sec.gov/Archives/edgar/data/1408710/000140871024000032/0001408710-24-000032-index.htm",
        "finalLink": "https://www.sec.gov/Archives/edgar/data/1408710/000140871024000032/fn-20240628.htm"
    },
    {
        "date": "2024-03-29",
        "symbol": "FN",
        "reportedCurrency": "USD",
        "cik": "0001408710",
        "fillingDate": "2024-05-07",
        "acceptedDate": "2024-05-07 07:09:46",
        "calendarYear": "2024",
        "period": "Q3",
        "revenue": 731535000,
        "costOfRevenue": 640600000,
        "grossProfit": 90935000,
        "grossProfitRatio": 0.1243071077,
        "researchAndDevelopmentExpenses": 0,
        "generalAndAdministrativeExpenses": 0,
        "sellingAndMarketingExpenses": 0,
        "sellingGeneralAndAdministrativeExpenses": 19628000,
        "otherExpenses": 0,
        "operatingExpenses": 19628000,
        "costAndExpenses": 660228000,
        "interestIncome": 8509000,
        "interestExpense": 26000,
        "depreciationAndAmortization": 12416000,
        "ebitda": 95755000,
        "ebitdaratio": 0.1308959927,
        "operatingIncome": 71307000,
        "operatingIncomeRatio": 0.0974758556,
        "totalOtherIncomeExpensesNet": 12006000,
        "incomeBeforeTax": 83313000,
        "incomeBeforeTaxRatio": 0.1138879206,
        "incomeTaxExpense": 2397000,
        "netIncome": 80916000,
        "netIncomeRatio": 0.1106112489,
        "eps": 2.23,
        "epsdiluted": 2.21,
        "weightedAverageShsOut": 36250000,
        "weightedAverageShsOutDil": 36603000,
        "link": "https://www.sec.gov/Archives/edgar/data/1408710/000140871024000019/0001408710-24-000019-index.htm",
        "finalLink": "https://www.sec.gov/Archives/edgar/data/1408710/000140871024000019/fn-20240329.htm"
    },
    {
        "date": "2023-12-29",
        "symbol": "FN",
        "reportedCurrency": "USD",
        "cik": "0001408710",
        "fillingDate": "2024-02-06",
        "acceptedDate": "2024-02-06 06:09:15",
        "calendarYear": "2024",
        "period": "Q2",
        "revenue": 712694000,
        "costOfRevenue": 624364000,
        "grossProfit": 88330000,
        "grossProfitRatio": 0.1239381838,
        "researchAndDevelopmentExpenses": 0,
        "generalAndAdministrativeExpenses": 0,
        "sellingAndMarketingExpenses": 0,
        "sellingGeneralAndAdministrativeExpenses": 19316000,
        "otherExpenses": 0,
        "operatingExpenses": 19316000,
        "costAndExpenses": 643680000,
        "interestIncome": 7748000,
        "interestExpense": 36000,
        "depreciationAndAmortization": 12225000,
        "ebitda": 85164000,
        "ebitdaratio": 0.1194958846,
        "operatingIncome": 69014000,
        "operatingIncomeRatio": 0.096835388,
        "totalOtherIncomeExpensesNet": 3889000,
        "incomeBeforeTax": 72903000,
        "incomeBeforeTaxRatio": 0.1022921478,
        "incomeTaxExpense": 3793000,
        "netIncome": 69110000,
        "netIncomeRatio": 0.0969700881,
        "eps": 1.9,
        "epsdiluted": 1.89,
        "weightedAverageShsOut": 36328000,
        "weightedAverageShsOutDil": 36639000,
        "link": "https://www.sec.gov/Archives/edgar/data/1408710/000140871024000009/0001408710-24-000009-index.htm",
        "finalLink": "https://www.sec.gov/Archives/edgar/data/1408710/000140871024000009/fn-20231229.htm"
    },
    {
        "date": "2023-09-29",
        "symbol": "FN",
        "reportedCurrency": "USD",
        "cik": "0001408710",
        "fillingDate": "2023-11-07",
        "acceptedDate": "2023-11-07 06:09:29",
        "calendarYear": "2024",
        "period": "Q1",
        "revenue": 685477000,
        "costOfRevenue": 601073000,
        "grossProfit": 84404000,
        "grossProfitRatio": 0.1231317754,
        "researchAndDevelopmentExpenses": 0,
        "generalAndAdministrativeExpenses": 0,
        "sellingAndMarketingExpenses": 0,
        "sellingGeneralAndAdministrativeExpenses": 20429000,
        "otherExpenses": 0,
        "operatingExpenses": 20429000,
        "costAndExpenses": 621502000,
        "interestIncome": 5898000,
        "interestExpense": 45000,
        "depreciationAndAmortization": 11961000,
        "ebitda": 82169000,
        "ebitdaratio": 0.1198712721,
        "operatingIncome": 63975000,
        "operatingIncomeRatio": 0.0933291708,
        "totalOtherIncomeExpensesNet": 6188000,
        "incomeBeforeTax": 70163000,
        "incomeBeforeTaxRatio": 0.1023564613,
        "incomeTaxExpense": 5074000,
        "netIncome": 65089000,
        "netIncomeRatio": 0.0949543165,
        "eps": 1.8,
        "epsdiluted": 1.78,
        "weightedAverageShsOut": 36256000,
        "weightedAverageShsOutDil": 36481000,
        "link": "https://www.sec.gov/Archives/edgar/data/1408710/000140871023000036/0001408710-23-000036-index.htm",
        "finalLink": "https://www.sec.gov/Archives/edgar/data/1408710/000140871023000036/fn-20230929.htm"
    },
    {
        "date": "2023-06-30",
        "symbol": "FN",
        "reportedCurrency": "USD",
        "cik": "0001408710",
        "fillingDate": "2023-08-22",
        "acceptedDate": "2023-08-22 07:19:26",
        "calendarYear": "2023",
        "period": "Q4",
        "revenue": 655871000,
        "costOfRevenue": 573576000,
        "grossProfit": 82295000,
        "grossProfitRatio": 0.1254743692,
        "researchAndDevelopmentExpenses": 0,
        "generalAndAdministrativeExpenses": 0,
        "sellingAndMarketingExpenses": 0,
        "sellingGeneralAndAdministrativeExpenses": 19869000,
        "otherExpenses": 1024000,
        "operatingExpenses": 20893000,
        "costAndExpenses": 594469000,
        "interestIncome": 4024000,
        "interestExpense": 293000,
        "depreciationAndAmortization": 11328000,
        "ebitda": 78684000,
        "ebitdaratio": 0.1199687134,
        "operatingIncome": 61402000,
        "operatingIncomeRatio": 0.0936190196,
        "totalOtherIncomeExpensesNet": 5661000,
        "incomeBeforeTax": 67063000,
        "incomeBeforeTaxRatio": 0.1022502901,
        "incomeTaxExpense": 6277000,
        "netIncome": 60786000,
        "netIncomeRatio": 0.0926798105,
        "eps": 1.67,
        "epsdiluted": 1.65,
        "weightedAverageShsOut": 36337000,
        "weightedAverageShsOutDil": 36737000,
        "link": "https://www.sec.gov/Archives/edgar/data/1408710/000140871023000028/0001408710-23-000028-index.htm",
        "finalLink": "https://www.sec.gov/Archives/edgar/data/1408710/000140871023000028/fn-20230630.htm"
    },
    {
        "date": "2023-03-31",
        "symbol": "FN",
        "reportedCurrency": "USD",
        "cik": "0001408710",
        "fillingDate": "2023-05-09",
        "acceptedDate": "2023-05-09 07:10:07",
        "calendarYear": "2023",
        "period": "Q3",
        "revenue": 665281000,
        "costOfRevenue": 579274000,
        "grossProfit": 86007000,
        "grossProfitRatio": 0.1292792068,
        "researchAndDevelopmentExpenses": 0,
        "generalAndAdministrativeExpenses": 0,
        "sellingAndMarketingExpenses": 0,
        "sellingGeneralAndAdministrativeExpenses": 18309000,
        "otherExpenses": 5872000,
        "operatingExpenses": 24181000,
        "costAndExpenses": 603455000,
        "interestIncome": 3317000,
        "interestExpense": 399000,
        "depreciationAndAmortization": 10908000,
        "ebitda": 74779000,
        "ebitdaratio": 0.1124021278,
        "operatingIncome": 61826000,
        "operatingIncomeRatio": 0.0929321595,
        "totalOtherIncomeExpensesNet": 1646000,
        "incomeBeforeTax": 63472000,
        "incomeBeforeTaxRatio": 0.095406302,
        "incomeTaxExpense": 4117000,
        "netIncome": 59355000,
        "netIncomeRatio": 0.0892179395,
        "eps": 1.62,
        "epsdiluted": 1.6,
        "weightedAverageShsOut": 36608000,
        "weightedAverageShsOutDil": 36989000,
        "link": "https://www.sec.gov/Archives/edgar/data/1408710/000140871023000018/0001408710-23-000018-index.htm",
        "finalLink": "https://www.sec.gov/Archives/edgar/data/1408710/000140871023000018/fn-20230331.htm"
    },
    {
        "date": "2022-12-30",
        "symbol": "FN",
        "reportedCurrency": "USD",
        "cik": "0001408710",
        "fillingDate": "2023-02-07",
        "acceptedDate": "2023-02-07 06:18:09",
        "calendarYear": "2023",
        "period": "Q2",
        "revenue": 668656000,
        "costOfRevenue": 583441000,
        "grossProfit": 85215000,
        "grossProfitRatio": 0.1274422124,
        "researchAndDevelopmentExpenses": 0,
        "generalAndAdministrativeExpenses": 0,
        "sellingAndMarketingExpenses": 0,
        "sellingGeneralAndAdministrativeExpenses": 18930000,
        "otherExpenses": 0,
        "operatingExpenses": 18930000,
        "costAndExpenses": 602371000,
        "interestIncome": 2334000,
        "interestExpense": 389000,
        "depreciationAndAmortization": 10541000,
        "ebitda": 75188000,
        "ebitdaratio": 0.1124464598,
        "operatingIncome": 66285000,
        "operatingIncomeRatio": 0.099131691,
        "totalOtherIncomeExpensesNet": -2027000,
        "incomeBeforeTax": 64258000,
        "incomeBeforeTaxRatio": 0.0961002369,
        "incomeTaxExpense": 1101000,
        "netIncome": 63157000,
        "netIncomeRatio": 0.0944536503,
        "eps": 1.73,
        "epsdiluted": 1.71,
        "weightedAverageShsOut": 36589000,
        "weightedAverageShsOutDil": 36939000,
        "link": "https://www.sec.gov/Archives/edgar/data/1408710/000140871023000008/0001408710-23-000008-index.htm",
        "finalLink": "https://www.sec.gov/Archives/edgar/data/1408710/000140871023000008/fn-20221230.htm"
    },
    {
        "date": "2022-09-30",
        "symbol": "FN",
        "reportedCurrency": "USD",
        "cik": "0001408710",
        "fillingDate": "2022-11-08",
        "acceptedDate": "2022-11-08 06:24:55",
        "calendarYear": "2023",
        "period": "Q1",
        "revenue": 655429000,
        "costOfRevenue": 572673000,
        "grossProfit": 82756000,
        "grossProfitRatio": 0.1262623412,
        "researchAndDevelopmentExpenses": 0,
        "generalAndAdministrativeExpenses": 0,
        "sellingAndMarketingExpenses": 0,
        "sellingGeneralAndAdministrativeExpenses": 20565000,
        "otherExpenses": 0,
        "operatingExpenses": 20565000,
        "costAndExpenses": 593238000,
        "interestIncome": 1559000,
        "interestExpense": 391000,
        "depreciationAndAmortization": 11055000,
        "ebitda": 76749000,
        "ebitdaratio": 0.1170973515,
        "operatingIncome": 62191000,
        "operatingIncomeRatio": 0.0948859449,
        "totalOtherIncomeExpensesNet": 3112000,
        "incomeBeforeTax": 65303000,
        "incomeBeforeTaxRatio": 0.0996339802,
        "incomeTaxExpense": 688000,
        "netIncome": 64615000,
        "netIncomeRatio": 0.098584286,
        "eps": 1.77,
        "epsdiluted": 1.76,
        "weightedAverageShsOut": 36528000,
        "weightedAverageShsOutDil": 36758000,
        "link": "https://www.sec.gov/Archives/edgar/data/1408710/000140871022000060/0001408710-22-000060-index.htm",
        "finalLink": "https://www.sec.gov/Archives/edgar/data/1408710/000140871022000060/fn-20220930.htm"
    },
    {
        "date": "2022-06-30",
        "symbol": "FN",
        "reportedCurrency": "USD",
        "cik": "0001408710",
        "fillingDate": "2022-08-16",
        "acceptedDate": "2022-08-16 07:16:28",
        "calendarYear": "2022",
        "period": "Q4",
        "revenue": 587874000,
        "costOfRevenue": 512941000,
        "grossProfit": 74933000,
        "grossProfitRatio": 0.1274643886,
        "researchAndDevelopmentExpenses": 0,
        "generalAndAdministrativeExpenses": 0,
        "sellingAndMarketingExpenses": 0,
        "sellingGeneralAndAdministrativeExpenses": 18574000,
        "otherExpenses": 0,
        "operatingExpenses": 18529000,
        "costAndExpenses": 531470000,
        "interestIncome": 735000,
        "interestExpense": 85000,
        "depreciationAndAmortization": 9831000,
        "ebitda": 67998000,
        "ebitdaratio": 0.1156676431,
        "operatingIncome": 56404000,
        "operatingIncomeRatio": 0.0959457299,
        "totalOtherIncomeExpensesNet": 1678000,
        "incomeBeforeTax": 58082000,
        "incomeBeforeTaxRatio": 0.098800083,
        "incomeTaxExpense": 1893000,
        "netIncome": 56189000,
        "netIncomeRatio": 0.0955800052,
        "eps": 1.53,
        "epsdiluted": 1.51,
        "weightedAverageShsOut": 36668000,
        "weightedAverageShsOutDil": 37222000,
        "link": "https://www.sec.gov/Archives/edgar/data/1408710/000140871022000045/0001408710-22-000045-index.htm",
        "finalLink": "https://www.sec.gov/Archives/edgar/data/1408710/000140871022000045/fn-20220624.htm"
    },
    {
        "date": "2022-03-25",
        "symbol": "FN",
        "reportedCurrency": "USD",
        "cik": "0001408710",
        "fillingDate": "2022-05-03",
        "acceptedDate": "2022-05-03 07:19:27",
        "calendarYear": "2022",
        "period": "Q3",
        "revenue": 564395000,
        "costOfRevenue": 493702000,
        "grossProfit": 70693000,
        "grossProfitRatio": 0.125254476,
        "researchAndDevelopmentExpenses": 0,
        "generalAndAdministrativeExpenses": 0,
        "sellingAndMarketingExpenses": 0,
        "sellingGeneralAndAdministrativeExpenses": 17034000,
        "otherExpenses": 0,
        "operatingExpenses": 17034000,
        "costAndExpenses": 510736000,
        "interestIncome": 414000,
        "interestExpense": 73000,
        "depreciationAndAmortization": 9793000,
        "ebitda": 63420000,
        "ebitdaratio": 0.112368111,
        "operatingIncome": 53659000,
        "operatingIncomeRatio": 0.0950734858,
        "totalOtherIncomeExpensesNet": -105000,
        "incomeBeforeTax": 53554000,
        "incomeBeforeTaxRatio": 0.0948874458,
        "incomeTaxExpense": 2893000,
        "netIncome": 50661000,
        "netIncomeRatio": 0.0897616031,
        "eps": 1.37,
        "epsdiluted": 1.35,
        "weightedAverageShsOut": 36940000,
        "weightedAverageShsOutDil": 37473000,
        "link": "https://www.sec.gov/Archives/edgar/data/1408710/000140871022000028/0001408710-22-000028-index.htm",
        "finalLink": "https://www.sec.gov/Archives/edgar/data/1408710/000140871022000028/fn-20220325.htm"
    },
    {
        "date": "2021-12-24",
        "symbol": "FN",
        "reportedCurrency": "USD",
        "cik": "0001408710",
        "fillingDate": "2022-02-01",
        "acceptedDate": "2022-02-01 06:18:39",
        "calendarYear": "2022",
        "period": "Q2",
        "revenue": 566633000,
        "costOfRevenue": 497262000,
        "grossProfit": 69371000,
        "grossProfitRatio": 0.1224266854,
        "researchAndDevelopmentExpenses": 0,
        "generalAndAdministrativeExpenses": 0,
        "sellingAndMarketingExpenses": 0,
        "sellingGeneralAndAdministrativeExpenses": 17791000,
        "otherExpenses": 135000,
        "operatingExpenses": 17926000,
        "costAndExpenses": 515188000,
        "interestIncome": 295000,
        "interestExpense": 238000,
        "depreciationAndAmortization": 9579000,
        "ebitda": 59900000,
        "ebitdaratio": 0.1057121629,
        "operatingIncome": 51445000,
        "operatingIncomeRatio": 0.0907906882,
        "totalOtherIncomeExpensesNet": -1362000,
        "incomeBeforeTax": 50083000,
        "incomeBeforeTaxRatio": 0.0883870159,
        "incomeTaxExpense": 1204000,
        "netIncome": 48879000,
        "netIncomeRatio": 0.0862621838,
        "eps": 1.32,
        "epsdiluted": 1.3,
        "weightedAverageShsOut": 37017000,
        "weightedAverageShsOutDil": 37552000,
        "link": "https://www.sec.gov/Archives/edgar/data/1408710/000140871022000018/0001408710-22-000018-index.htm",
        "finalLink": "https://www.sec.gov/Archives/edgar/data/1408710/000140871022000018/fn-20211224.htm"
    },
    {
        "date": "2021-09-24",
        "symbol": "FN",
        "reportedCurrency": "USD",
        "cik": "0001408710",
        "fillingDate": "2021-11-02",
        "acceptedDate": "2021-11-02 07:20:12",
        "calendarYear": "2022",
        "period": "Q1",
        "revenue": 543322000,
        "costOfRevenue": 479725000,
        "grossProfit": 63597000,
        "grossProfitRatio": 0.1170521348,
        "researchAndDevelopmentExpenses": 0,
        "generalAndAdministrativeExpenses": 0,
        "sellingAndMarketingExpenses": 0,
        "sellingGeneralAndAdministrativeExpenses": 20587000,
        "otherExpenses": 0,
        "operatingExpenses": 20587000,
        "costAndExpenses": 500312000,
        "interestIncome": 761000,
        "interestExpense": 36000,
        "depreciationAndAmortization": 9535000,
        "ebitda": 54818000,
        "ebitdaratio": 0.1008941291,
        "operatingIncome": 43010000,
        "operatingIncomeRatio": 0.0791611604,
        "totalOtherIncomeExpensesNet": 2237000,
        "incomeBeforeTax": 45247000,
        "incomeBeforeTaxRatio": 0.0832784242,
        "incomeTaxExpense": 596000,
        "netIncome": 44651000,
        "netIncomeRatio": 0.0821814688,
        "eps": 1.21,
        "epsdiluted": 1.2,
        "weightedAverageShsOut": 36877000,
        "weightedAverageShsOutDil": 37328000,
        "link": "https://www.sec.gov/Archives/edgar/data/1408710/000140871021000047/0001408710-21-000047-index.htm",
        "finalLink": "https://www.sec.gov/Archives/edgar/data/1408710/000140871021000047/fn-20210924.htm"
    },
    {
        "date": "2021-06-30",
        "symbol": "FN",
        "reportedCurrency": "USD",
        "cik": "0001408710",
        "fillingDate": "2021-08-17",
        "acceptedDate": "2021-08-17 07:21:54",
        "calendarYear": "2021",
        "period": "Q4",
        "revenue": 509567000,
        "costOfRevenue": 448483000,
        "grossProfit": 61084000,
        "grossProfitRatio": 0.1198743247,
        "researchAndDevelopmentExpenses": 0,
        "generalAndAdministrativeExpenses": 0,
        "sellingAndMarketingExpenses": 0,
        "sellingGeneralAndAdministrativeExpenses": 17489000,
        "otherExpenses": 0,
        "operatingExpenses": 17489000,
        "costAndExpenses": 465972000,
        "interestIncome": 627000,
        "interestExpense": 302000,
        "depreciationAndAmortization": 9471000,
        "ebitda": 50114000,
        "ebitdaratio": 0.098346243,
        "operatingIncome": 43595000,
        "operatingIncomeRatio": 0.0855530284,
        "totalOtherIncomeExpensesNet": -3254000,
        "incomeBeforeTax": 40341000,
        "incomeBeforeTaxRatio": 0.0791672145,
        "incomeTaxExpense": -2072000,
        "netIncome": 42413000,
        "netIncomeRatio": 0.0832334119,
        "eps": 1.15,
        "epsdiluted": 1.13,
        "weightedAverageShsOut": 36857000,
        "weightedAverageShsOutDil": 37676000,
        "link": "https://www.sec.gov/Archives/edgar/data/1408710/000140871021000034/0001408710-21-000034-index.htm",
        "finalLink": "https://www.sec.gov/Archives/edgar/data/1408710/000140871021000034/fn-20210625.htm"
    },
    {
        "date": "2021-03-26",
        "symbol": "FN",
        "reportedCurrency": "USD",
        "cik": "0001408710",
        "fillingDate": "2021-05-04",
        "acceptedDate": "2021-05-04 07:33:29",
        "calendarYear": "2021",
        "period": "Q3",
        "revenue": 479317000,
        "costOfRevenue": 422539000,
        "grossProfit": 56778000,
        "grossProfitRatio": 0.1184560531,
        "researchAndDevelopmentExpenses": 0,
        "generalAndAdministrativeExpenses": 0,
        "sellingAndMarketingExpenses": 0,
        "sellingGeneralAndAdministrativeExpenses": 19059000,
        "otherExpenses": 43000,
        "operatingExpenses": 19102000,
        "costAndExpenses": 441641000,
        "interestIncome": 941000,
        "interestExpense": 282000,
        "depreciationAndAmortization": 9131000,
        "ebitda": 48501000,
        "ebitdaratio": 0.1011877317,
        "operatingIncome": 37676000,
        "operatingIncomeRatio": 0.0786035129,
        "totalOtherIncomeExpensesNet": 1412000,
        "incomeBeforeTax": 39088000,
        "incomeBeforeTaxRatio": 0.0815493713,
        "incomeTaxExpense": 1595000,
        "netIncome": 37493000,
        "netIncomeRatio": 0.0782217197,
        "eps": 1.02,
        "epsdiluted": 1,
        "weightedAverageShsOut": 36875000,
        "weightedAverageShsOutDil": 37609000,
        "link": "https://www.sec.gov/Archives/edgar/data/1408710/000140871021000022/0001408710-21-000022-index.htm",
        "finalLink": "https://www.sec.gov/Archives/edgar/data/1408710/000140871021000022/fn-20210326.htm"
    },
    {
        "date": "2020-12-25",
        "symbol": "FN",
        "reportedCurrency": "USD",
        "cik": "0001408710",
        "fillingDate": "2021-02-02",
        "acceptedDate": "2021-02-02 06:16:12",
        "calendarYear": "2021",
        "period": "Q2",
        "revenue": 453827000,
        "costOfRevenue": 400806000,
        "grossProfit": 53021000,
        "grossProfitRatio": 0.1168308629,
        "researchAndDevelopmentExpenses": 0,
        "generalAndAdministrativeExpenses": 0,
        "sellingAndMarketingExpenses": 0,
        "sellingGeneralAndAdministrativeExpenses": 17156000,
        "otherExpenses": 0,
        "operatingExpenses": 17156000,
        "costAndExpenses": 417962000,
        "interestIncome": 1111000,
        "interestExpense": 265000,
        "depreciationAndAmortization": 9080000,
        "ebitda": 45681000,
        "ebitdaratio": 0.1006572989,
        "operatingIncome": 35865000,
        "operatingIncomeRatio": 0.0790279115,
        "totalOtherIncomeExpensesNet": 471000,
        "incomeBeforeTax": 36336000,
        "incomeBeforeTaxRatio": 0.0800657519,
        "incomeTaxExpense": 952000,
        "netIncome": 35384000,
        "netIncomeRatio": 0.0779680363,
        "eps": 0.96,
        "epsdiluted": 0.94,
        "weightedAverageShsOut": 36936000,
        "weightedAverageShsOutDil": 37551000,
        "link": "https://www.sec.gov/Archives/edgar/data/1408710/000140871021000011/0001408710-21-000011-index.htm",
        "finalLink": "https://www.sec.gov/Archives/edgar/data/1408710/000140871021000011/fn-20201225.htm"
    },
    {
        "date": "2020-09-25",
        "symbol": "FN",
        "reportedCurrency": "USD",
        "cik": "0001408710",
        "fillingDate": "2020-11-03",
        "acceptedDate": "2020-11-03 16:02:29",
        "calendarYear": "2021",
        "period": "Q1",
        "revenue": 436639000,
        "costOfRevenue": 386159000,
        "grossProfit": 50480000,
        "grossProfitRatio": 0.1156103784,
        "researchAndDevelopmentExpenses": 0,
        "generalAndAdministrativeExpenses": 0,
        "sellingAndMarketingExpenses": 0,
        "sellingGeneralAndAdministrativeExpenses": 16863000,
        "otherExpenses": 0,
        "operatingExpenses": 16863000,
        "costAndExpenses": 403022000,
        "interestIncome": 1104000,
        "interestExpense": 251000,
        "depreciationAndAmortization": 8570000,
        "ebitda": 43540000,
        "ebitdaratio": 0.0997162416,
        "operatingIncome": 33617000,
        "operatingIncomeRatio": 0.0769903742,
        "totalOtherIncomeExpensesNet": 1102000,
        "incomeBeforeTax": 34719000,
        "incomeBeforeTaxRatio": 0.0795141982,
        "incomeTaxExpense": 1668000,
        "netIncome": 33051000,
        "netIncomeRatio": 0.0756941089,
        "eps": 0.9,
        "epsdiluted": 0.88,
        "weightedAverageShsOut": 36818000,
        "weightedAverageShsOutDil": 37383000,
        "link": "https://www.sec.gov/Archives/edgar/data/1408710/000119312520284755/0001193125-20-284755-index.htm",
        "finalLink": "https://www.sec.gov/Archives/edgar/data/1408710/000119312520284755/d83902d10q.htm"
    },
    {
        "date": "2020-06-30",
        "symbol": "FN",
        "reportedCurrency": "USD",
        "cik": "0001408710",
        "fillingDate": "2020-08-18",
        "acceptedDate": "2020-08-18 16:52:39",
        "calendarYear": "2020",
        "period": "Q4",
        "revenue": 405113000,
        "costOfRevenue": 358489000,
        "grossProfit": 46624000,
        "grossProfitRatio": 0.1150888764,
        "researchAndDevelopmentExpenses": 0,
        "generalAndAdministrativeExpenses": 4100000,
        "sellingAndMarketingExpenses": 14085000,
        "sellingGeneralAndAdministrativeExpenses": 18185000,
        "otherExpenses": 313000,
        "operatingExpenses": 18498000,
        "costAndExpenses": 376987000,
        "interestIncome": 1512000,
        "interestExpense": 232000,
        "depreciationAndAmortization": 7760000,
        "ebitda": 36662000,
        "ebitdaratio": 0.0904982067,
        "operatingIncome": 28126000,
        "operatingIncomeRatio": 0.0694275424,
        "totalOtherIncomeExpensesNet": 544000,
        "incomeBeforeTax": 28670000,
        "incomeBeforeTaxRatio": 0.0707703776,
        "incomeTaxExpense": 646000,
        "netIncome": 28024000,
        "netIncomeRatio": 0.0691757608,
        "eps": 0.76,
        "epsdiluted": 0.75,
        "weightedAverageShsOut": 36723000,
        "weightedAverageShsOutDil": 37571000,
        "link": "https://www.sec.gov/Archives/edgar/data/1408710/000119312520223682/0001193125-20-223682-index.htm",
        "finalLink": "https://www.sec.gov/Archives/edgar/data/1408710/000119312520223682/d932260d10k.htm"
    },
    {
        "date": "2020-03-27",
        "symbol": "FN",
        "reportedCurrency": "USD",
        "cik": "0001408710",
        "fillingDate": "2020-05-05",
        "acceptedDate": "2020-05-05 16:10:57",
        "calendarYear": "2020",
        "period": "Q3",
        "revenue": 411210000,
        "costOfRevenue": 366874000,
        "grossProfit": 44336000,
        "grossProfitRatio": 0.1078183896,
        "researchAndDevelopmentExpenses": 0,
        "generalAndAdministrativeExpenses": 0,
        "sellingAndMarketingExpenses": 0,
        "sellingGeneralAndAdministrativeExpenses": 17111000,
        "otherExpenses": 0,
        "operatingExpenses": 17111000,
        "costAndExpenses": 383985000,
        "interestIncome": 2042000,
        "interestExpense": 238000,
        "depreciationAndAmortization": 7836000,
        "ebitda": 37298000,
        "ebitdaratio": 0.0907030471,
        "operatingIncome": 27225000,
        "operatingIncomeRatio": 0.0662070475,
        "totalOtherIncomeExpensesNet": 1999000,
        "incomeBeforeTax": 29224000,
        "incomeBeforeTaxRatio": 0.0710683106,
        "incomeTaxExpense": 957000,
        "netIncome": 28267000,
        "netIncomeRatio": 0.0687410326,
        "eps": 0.76,
        "epsdiluted": 0.75,
        "weightedAverageShsOut": 36987000,
        "weightedAverageShsOutDil": 37797000,
        "link": "https://www.sec.gov/Archives/edgar/data/1408710/000119312520133708/0001193125-20-133708-index.htm",
        "finalLink": "https://www.sec.gov/Archives/edgar/data/1408710/000119312520133708/d902284d10q.htm"
    },
    {
        "date": "2019-12-27",
        "symbol": "FN",
        "reportedCurrency": "USD",
        "cik": "0001408710",
        "fillingDate": "2020-02-04",
        "acceptedDate": "2020-02-04 16:33:44",
        "calendarYear": "2020",
        "period": "Q2",
        "revenue": 426217000,
        "costOfRevenue": 377059000,
        "grossProfit": 49158000,
        "grossProfitRatio": 0.1153356154,
        "researchAndDevelopmentExpenses": 0,
        "generalAndAdministrativeExpenses": 0,
        "sellingAndMarketingExpenses": 0,
        "sellingGeneralAndAdministrativeExpenses": 17078000,
        "otherExpenses": 16000,
        "operatingExpenses": 17094000,
        "costAndExpenses": 394153000,
        "interestIncome": 1940000,
        "interestExpense": 181000,
        "depreciationAndAmortization": 7814000,
        "ebitda": 41227000,
        "ebitdaratio": 0.0967277232,
        "operatingIncome": 32064000,
        "operatingIncomeRatio": 0.0752292846,
        "totalOtherIncomeExpensesNet": 1168000,
        "incomeBeforeTax": 33232000,
        "incomeBeforeTaxRatio": 0.0779696727,
        "incomeTaxExpense": 2001000,
        "netIncome": 31231000,
        "netIncomeRatio": 0.0732748811,
        "eps": 0.84,
        "epsdiluted": 0.83,
        "weightedAverageShsOut": 37011000,
        "weightedAverageShsOutDil": 37763000,
        "link": "https://www.sec.gov/Archives/edgar/data/1408710/000119312520024258/0001193125-20-024258-index.htm",
        "finalLink": "https://www.sec.gov/Archives/edgar/data/1408710/000119312520024258/d843183d10q.htm"
    },
    {
        "date": "2019-09-27",
        "symbol": "FN",
        "reportedCurrency": "USD",
        "cik": "0001408710",
        "fillingDate": "2019-11-05",
        "acceptedDate": "2019-11-05 16:45:09",
        "calendarYear": "2020",
        "period": "Q1",
        "revenue": 399296000,
        "costOfRevenue": 353309000,
        "grossProfit": 45987000,
        "grossProfitRatio": 0.1151701996,
        "researchAndDevelopmentExpenses": 0,
        "generalAndAdministrativeExpenses": 0,
        "sellingAndMarketingExpenses": 0,
        "sellingGeneralAndAdministrativeExpenses": 16000000,
        "otherExpenses": 0,
        "operatingExpenses": 16000000,
        "costAndExpenses": 369309000,
        "interestIncome": 2098000,
        "interestExpense": 2393000,
        "depreciationAndAmortization": 7465000,
        "ebitda": 37974000,
        "ebitdaratio": 0.0951023802,
        "operatingIncome": 29987000,
        "operatingIncomeRatio": 0.0750996754,
        "totalOtherIncomeExpensesNet": -1871000,
        "incomeBeforeTax": 28116000,
        "incomeBeforeTaxRatio": 0.0704139285,
        "incomeTaxExpense": 2159000,
        "netIncome": 25957000,
        "netIncomeRatio": 0.0650069122,
        "eps": 0.7,
        "epsdiluted": 0.69,
        "weightedAverageShsOut": 36913000,
        "weightedAverageShsOutDil": 37529000,
        "link": "https://www.sec.gov/Archives/edgar/data/1408710/000119312519284781/0001193125-19-284781-index.htm",
        "finalLink": "https://www.sec.gov/Archives/edgar/data/1408710/000119312519284781/d793828d10q.htm"
    },
    {
        "date": "2019-06-30",
        "symbol": "FN",
        "reportedCurrency": "USD",
        "cik": "0001408710",
        "fillingDate": "2019-08-20",
        "acceptedDate": "2019-08-20 16:08:33",
        "calendarYear": "2019",
        "period": "Q4",
        "revenue": 405127000,
        "costOfRevenue": 358501000,
        "grossProfit": 46626000,
        "grossProfitRatio": 0.115089836,
        "researchAndDevelopmentExpenses": 0,
        "generalAndAdministrativeExpenses": 3700000,
        "sellingAndMarketingExpenses": 10071000,
        "sellingGeneralAndAdministrativeExpenses": 13771000,
        "otherExpenses": 789000,
        "operatingExpenses": 14560000,
        "costAndExpenses": 373061000,
        "interestIncome": 1929000,
        "interestExpense": 1708000,
        "depreciationAndAmortization": 7423000,
        "ebitda": 43302000,
        "ebitdaratio": 0.1068850015,
        "operatingIncome": 32066000,
        "operatingIncomeRatio": 0.0791504886,
        "totalOtherIncomeExpensesNet": 2105000,
        "incomeBeforeTax": 34171000,
        "incomeBeforeTaxRatio": 0.0843463901,
        "incomeTaxExpense": 1214000,
        "netIncome": 32957000,
        "netIncomeRatio": 0.081349799,
        "eps": 0.89,
        "epsdiluted": 0.88,
        "weightedAverageShsOut": 36836000,
        "weightedAverageShsOutDil": 37511000,
        "link": "https://www.sec.gov/Archives/edgar/data/1408710/000119312519225268/0001193125-19-225268-index.htm",
        "finalLink": "https://www.sec.gov/Archives/edgar/data/1408710/000119312519225268/d766673d10k.htm"
    },
    {
        "date": "2019-03-29",
        "symbol": "FN",
        "reportedCurrency": "USD",
        "cik": "0001408710",
        "fillingDate": "2019-05-07",
        "acceptedDate": "2019-05-07 16:07:21",
        "calendarYear": "2019",
        "period": "Q3",
        "revenue": 398951000,
        "costOfRevenue": 352193000,
        "grossProfit": 46758000,
        "grossProfitRatio": 0.1172023632,
        "researchAndDevelopmentExpenses": 0,
        "generalAndAdministrativeExpenses": 0,
        "sellingAndMarketingExpenses": 0,
        "sellingGeneralAndAdministrativeExpenses": 14132000,
        "otherExpenses": 323000,
        "operatingExpenses": 14455000,
        "costAndExpenses": 366648000,
        "interestIncome": 2144000,
        "interestExpense": 1423000,
        "depreciationAndAmortization": 7521000,
        "ebitda": 39072000,
        "ebitdaratio": 0.0979368394,
        "operatingIncome": 32303000,
        "operatingIncomeRatio": 0.0809698434,
        "totalOtherIncomeExpensesNet": -2175000,
        "incomeBeforeTax": 30128000,
        "incomeBeforeTaxRatio": 0.0755180461,
        "incomeTaxExpense": 1493000,
        "netIncome": 28635000,
        "netIncomeRatio": 0.0717757319,
        "eps": 0.78,
        "epsdiluted": 0.76,
        "weightedAverageShsOut": 36891000,
        "weightedAverageShsOutDil": 37539000,
        "link": "https://www.sec.gov/Archives/edgar/data/1408710/000119312519139609/0001193125-19-139609-index.htm",
        "finalLink": "https://www.sec.gov/Archives/edgar/data/1408710/000119312519139609/d722249d10q.htm"
    },
    {
        "date": "2018-12-28",
        "symbol": "FN",
        "reportedCurrency": "USD",
        "cik": "0001408710",
        "fillingDate": "2019-02-05",
        "acceptedDate": "2019-02-05 16:33:50",
        "calendarYear": "2019",
        "period": "Q2",
        "revenue": 403080000,
        "costOfRevenue": 357516000,
        "grossProfit": 45564000,
        "grossProfitRatio": 0.1130395951,
        "researchAndDevelopmentExpenses": 0,
        "generalAndAdministrativeExpenses": 0,
        "sellingAndMarketingExpenses": 0,
        "sellingGeneralAndAdministrativeExpenses": 12727000,
        "otherExpenses": 319000,
        "operatingExpenses": 13046000,
        "costAndExpenses": 370562000,
        "interestIncome": 1182000,
        "interestExpense": 1616000,
        "depreciationAndAmortization": 7588000,
        "ebitda": 41429000,
        "ebitdaratio": 0.1027810856,
        "operatingIncome": 32518000,
        "operatingIncomeRatio": 0.0806738117,
        "totalOtherIncomeExpensesNet": -293000,
        "incomeBeforeTax": 32225000,
        "incomeBeforeTaxRatio": 0.0799469088,
        "incomeTaxExpense": 712000,
        "netIncome": 31513000,
        "netIncomeRatio": 0.0781805101,
        "eps": 0.86,
        "epsdiluted": 0.84,
        "weightedAverageShsOut": 36841000,
        "weightedAverageShsOutDil": 37471000,
        "link": "https://www.sec.gov/Archives/edgar/data/1408710/000119312519028336/0001193125-19-028336-index.htm",
        "finalLink": "https://www.sec.gov/Archives/edgar/data/1408710/000119312519028336/d677902d10q.htm"
    },
    {
        "date": "2018-09-28",
        "symbol": "FN",
        "reportedCurrency": "USD",
        "cik": "0001408710",
        "fillingDate": "2018-11-06",
        "acceptedDate": "2018-11-06 16:50:14",
        "calendarYear": "2019",
        "period": "Q1",
        "revenue": 377177000,
        "costOfRevenue": 336901000,
        "grossProfit": 40276000,
        "grossProfitRatio": 0.1067827572,
        "researchAndDevelopmentExpenses": 0,
        "generalAndAdministrativeExpenses": 0,
        "sellingAndMarketingExpenses": 0,
        "sellingGeneralAndAdministrativeExpenses": 14437000,
        "otherExpenses": 85000,
        "operatingExpenses": 14522000,
        "costAndExpenses": 351423000,
        "interestIncome": 1444000,
        "interestExpense": 634000,
        "depreciationAndAmortization": 7412000,
        "ebitda": 37755000,
        "ebitdaratio": 0.1000988926,
        "operatingIncome": 25754000,
        "operatingIncomeRatio": 0.0682809397,
        "totalOtherIncomeExpensesNet": 3955000,
        "incomeBeforeTax": 29709000,
        "incomeBeforeTaxRatio": 0.0787667329,
        "incomeTaxExpense": 1859000,
        "netIncome": 27850000,
        "netIncomeRatio": 0.0738380124,
        "eps": 0.76,
        "epsdiluted": 0.75,
        "weightedAverageShsOut": 36625000,
        "weightedAverageShsOutDil": 37140000,
        "link": "https://www.sec.gov/Archives/edgar/data/1408710/000119312518319643/0001193125-18-319643-index.htm",
        "finalLink": "https://www.sec.gov/Archives/edgar/data/1408710/000119312518319643/d600299d10q.htm"
    },
    {
        "date": "2018-06-30",
        "symbol": "FN",
        "reportedCurrency": "USD",
        "cik": "0001408710",
        "fillingDate": "2018-08-22",
        "acceptedDate": "2018-08-22 16:03:36",
        "calendarYear": "2018",
        "period": "Q4",
        "revenue": 345327000,
        "costOfRevenue": 306346000,
        "grossProfit": 38981000,
        "grossProfitRatio": 0.1128814138,
        "researchAndDevelopmentExpenses": 0,
        "generalAndAdministrativeExpenses": 500000,
        "sellingAndMarketingExpenses": 16059000,
        "sellingGeneralAndAdministrativeExpenses": 16559000,
        "otherExpenses": 0,
        "operatingExpenses": 16559000,
        "costAndExpenses": 322905000,
        "interestIncome": 1371000,
        "interestExpense": 1107000,
        "depreciationAndAmortization": 7799000,
        "ebitda": 30750000,
        "ebitdaratio": 0.0890460346,
        "operatingIncome": 22422000,
        "operatingIncomeRatio": 0.0649297622,
        "totalOtherIncomeExpensesNet": -578000,
        "incomeBeforeTax": 21844000,
        "incomeBeforeTaxRatio": 0.0632559864,
        "incomeTaxExpense": -924000,
        "netIncome": 22768000,
        "netIncomeRatio": 0.0659317111,
        "eps": 0.62,
        "epsdiluted": 0.6,
        "weightedAverageShsOut": 36828000,
        "weightedAverageShsOutDil": 37766000,
        "link": "https://www.sec.gov/Archives/edgar/data/1408710/000119312518255054/0001193125-18-255054-index.htm",
        "finalLink": "https://www.sec.gov/Archives/edgar/data/1408710/000119312518255054/d820225d10k.htm"
    },
    {
        "date": "2018-03-30",
        "symbol": "FN",
        "reportedCurrency": "USD",
        "cik": "0001408710",
        "fillingDate": "2018-05-08",
        "acceptedDate": "2018-05-08 16:07:10",
        "calendarYear": "2018",
        "period": "Q3",
        "revenue": 332213000,
        "costOfRevenue": 295280000,
        "grossProfit": 36933000,
        "grossProfitRatio": 0.1111726513,
        "researchAndDevelopmentExpenses": 0,
        "generalAndAdministrativeExpenses": 0,
        "sellingAndMarketingExpenses": 0,
        "sellingGeneralAndAdministrativeExpenses": 12418000,
        "otherExpenses": 0,
        "operatingExpenses": 12418000,
        "costAndExpenses": 307698000,
        "interestIncome": 1149000,
        "interestExpense": 820000,
        "depreciationAndAmortization": 7023000,
        "ebitda": 30350000,
        "ebitdaratio": 0.091357051,
        "operatingIncome": 24515000,
        "operatingIncomeRatio": 0.0737930183,
        "totalOtherIncomeExpensesNet": -2008000,
        "incomeBeforeTax": 22507000,
        "incomeBeforeTaxRatio": 0.0677487034,
        "incomeTaxExpense": 1454000,
        "netIncome": 21053000,
        "netIncomeRatio": 0.0633719933,
        "eps": 0.56,
        "epsdiluted": 0.55,
        "weightedAverageShsOut": 37275000,
        "weightedAverageShsOutDil": 38055000,
        "link": "https://www.sec.gov/Archives/edgar/data/1408710/000119312518155969/0001193125-18-155969-index.htm",
        "finalLink": "https://www.sec.gov/Archives/edgar/data/1408710/000119312518155969/d552488d10q.htm"
    },
    {
        "date": "2017-12-29",
        "symbol": "FN",
        "reportedCurrency": "USD",
        "cik": "0001408710",
        "fillingDate": "2018-02-07",
        "acceptedDate": "2018-02-07 06:11:11",
        "calendarYear": "2018",
        "period": "Q2",
        "revenue": 337072000,
        "costOfRevenue": 299906000,
        "grossProfit": 37166000,
        "grossProfitRatio": 0.1102613092,
        "researchAndDevelopmentExpenses": 0,
        "generalAndAdministrativeExpenses": 0,
        "sellingAndMarketingExpenses": 0,
        "sellingGeneralAndAdministrativeExpenses": 13157000,
        "otherExpenses": 1776000,
        "operatingExpenses": 14933000,
        "costAndExpenses": 314839000,
        "interestIncome": 596000,
        "interestExpense": 826000,
        "depreciationAndAmortization": 6846000,
        "ebitda": 28577000,
        "ebitdaratio": 0.0847801063,
        "operatingIncome": 22233000,
        "operatingIncomeRatio": 0.0659592016,
        "totalOtherIncomeExpensesNet": -1328000,
        "incomeBeforeTax": 20905000,
        "incomeBeforeTaxRatio": 0.0620193905,
        "incomeTaxExpense": 1592000,
        "netIncome": 19313000,
        "netIncomeRatio": 0.057296364,
        "eps": 0.52,
        "epsdiluted": 0.51,
        "weightedAverageShsOut": 37477000,
        "weightedAverageShsOutDil": 38156000,
        "link": "https://www.sec.gov/Archives/edgar/data/1408710/000119312518033890/0001193125-18-033890-index.htm",
        "finalLink": "https://www.sec.gov/Archives/edgar/data/1408710/000119312518033890/d478514d10q.htm"
    },
    {
        "date": "2017-09-29",
        "symbol": "FN",
        "reportedCurrency": "USD",
        "cik": "0001408710",
        "fillingDate": "2017-11-07",
        "acceptedDate": "2017-11-07 16:03:10",
        "calendarYear": "2018",
        "period": "Q1",
        "revenue": 357313000,
        "costOfRevenue": 316981000,
        "grossProfit": 40332000,
        "grossProfitRatio": 0.112875826,
        "researchAndDevelopmentExpenses": 0,
        "generalAndAdministrativeExpenses": 0,
        "sellingAndMarketingExpenses": 0,
        "sellingGeneralAndAdministrativeExpenses": 15678000,
        "otherExpenses": 0,
        "operatingExpenses": 15678000,
        "costAndExpenses": 332659000,
        "interestIncome": 809000,
        "interestExpense": 853000,
        "depreciationAndAmortization": 7419000,
        "ebitda": 31045000,
        "ebitdaratio": 0.0868846082,
        "operatingIncome": 24654000,
        "operatingIncomeRatio": 0.0689983292,
        "totalOtherIncomeExpensesNet": -1881000,
        "incomeBeforeTax": 22773000,
        "incomeBeforeTaxRatio": 0.0637340371,
        "incomeTaxExpense": 1740000,
        "netIncome": 21033000,
        "netIncomeRatio": 0.058864357,
        "eps": 0.56,
        "epsdiluted": 0.55,
        "weightedAverageShsOut": 37447000,
        "weightedAverageShsOutDil": 38163000,
        "link": "https://www.sec.gov/Archives/edgar/data/1408710/000119312517335712/0001193125-17-335712-index.htm",
        "finalLink": "https://www.sec.gov/Archives/edgar/data/1408710/000119312517335712/d459696d10q.htm"
    },
    {
        "date": "2017-06-30",
        "symbol": "FN",
        "reportedCurrency": "USD",
        "cik": "0001408710",
        "fillingDate": "2017-08-23",
        "acceptedDate": "2017-08-23 16:02:29",
        "calendarYear": "2017",
        "period": "Q4",
        "revenue": 370454000,
        "costOfRevenue": 325694000,
        "grossProfit": 44760000,
        "grossProfitRatio": 0.1208247178,
        "researchAndDevelopmentExpenses": 0,
        "generalAndAdministrativeExpenses": 4400000,
        "sellingAndMarketingExpenses": 10657000,
        "sellingGeneralAndAdministrativeExpenses": 15057000,
        "otherExpenses": 0,
        "operatingExpenses": 15057000,
        "costAndExpenses": 340751000,
        "interestIncome": 507000,
        "interestExpense": 804000,
        "depreciationAndAmortization": 6837000,
        "ebitda": 36117000,
        "ebitdaratio": 0.0974938859,
        "operatingIncome": 29703000,
        "operatingIncomeRatio": 0.0801799954,
        "totalOtherIncomeExpensesNet": -1227000,
        "incomeBeforeTax": 28476000,
        "incomeBeforeTaxRatio": 0.0768678432,
        "incomeTaxExpense": 1075000,
        "netIncome": 27401000,
        "netIncomeRatio": 0.0739659985,
        "eps": 0.73,
        "epsdiluted": 0.72,
        "weightedAverageShsOut": 37334000,
        "weightedAverageShsOutDil": 38118000,
        "link": "https://www.sec.gov/Archives/edgar/data/1408710/000119312517265630/0001193125-17-265630-index.htm",
        "finalLink": "https://www.sec.gov/Archives/edgar/data/1408710/000119312517265630/d396247d10k.htm"
    },
    {
        "date": "2017-03-31",
        "symbol": "FN",
        "reportedCurrency": "USD",
        "cik": "0001408710",
        "fillingDate": "2017-05-09",
        "acceptedDate": "2017-05-09 16:03:17",
        "calendarYear": "2017",
        "period": "Q3",
        "revenue": 366837000,
        "costOfRevenue": 322791000,
        "grossProfit": 44046000,
        "grossProfitRatio": 0.1200696767,
        "researchAndDevelopmentExpenses": 0,
        "generalAndAdministrativeExpenses": 0,
        "sellingAndMarketingExpenses": 0,
        "sellingGeneralAndAdministrativeExpenses": 17086000,
        "otherExpenses": 0,
        "operatingExpenses": 17086000,
        "costAndExpenses": 339877000,
        "interestIncome": 713000,
        "interestExpense": 641000,
        "depreciationAndAmortization": 6198000,
        "ebitda": 30277000,
        "ebitdaratio": 0.082535295,
        "operatingIncome": 26960000,
        "operatingIncomeRatio": 0.0734931318,
        "totalOtherIncomeExpensesNet": -3522000,
        "incomeBeforeTax": 23438000,
        "incomeBeforeTaxRatio": 0.0638921374,
        "incomeTaxExpense": 1782000,
        "netIncome": 21656000,
        "netIncomeRatio": 0.059034394,
        "eps": 0.58,
        "epsdiluted": 0.57,
        "weightedAverageShsOut": 37116000,
        "weightedAverageShsOutDil": 37872000,
        "link": "https://www.sec.gov/Archives/edgar/data/1408710/000119312517164153/0001193125-17-164153-index.htm",
        "finalLink": "https://www.sec.gov/Archives/edgar/data/1408710/000119312517164153/d366835d10q.htm"
    },
    {
        "date": "2016-12-30",
        "symbol": "FN",
        "reportedCurrency": "USD",
        "cik": "0001408710",
        "fillingDate": "2017-02-07",
        "acceptedDate": "2017-02-07 17:03:08",
        "calendarYear": "2017",
        "period": "Q2",
        "revenue": 351156000,
        "costOfRevenue": 308110000,
        "grossProfit": 43046000,
        "grossProfitRatio": 0.122583695,
        "researchAndDevelopmentExpenses": 0,
        "generalAndAdministrativeExpenses": 0,
        "sellingAndMarketingExpenses": 0,
        "sellingGeneralAndAdministrativeExpenses": 17651000,
        "otherExpenses": 0,
        "operatingExpenses": 17651000,
        "costAndExpenses": 325761000,
        "interestIncome": 320000,
        "interestExpense": 555000,
        "depreciationAndAmortization": 5645000,
        "ebitda": 33452000,
        "ebitdaratio": 0.0952625044,
        "operatingIncome": 25395000,
        "operatingIncomeRatio": 0.0723182859,
        "totalOtherIncomeExpensesNet": 1857000,
        "incomeBeforeTax": 27252000,
        "incomeBeforeTaxRatio": 0.0776065338,
        "incomeTaxExpense": 1960000,
        "netIncome": 25292000,
        "netIncomeRatio": 0.072024969,
        "eps": 0.69,
        "epsdiluted": 0.67,
        "weightedAverageShsOut": 36848000,
        "weightedAverageShsOutDil": 37805000,
        "link": "https://www.sec.gov/Archives/edgar/data/1408710/000119312517033383/0001193125-17-033383-index.htm",
        "finalLink": "https://www.sec.gov/Archives/edgar/data/1408710/000119312517033383/d271124d10q.htm"
    },
    {
        "date": "2016-09-30",
        "symbol": "FN",
        "reportedCurrency": "USD",
        "cik": "0001408710",
        "fillingDate": "2016-11-09",
        "acceptedDate": "2016-11-09 16:03:15",
        "calendarYear": "2017",
        "period": "Q1",
        "revenue": 332043000,
        "costOfRevenue": 292435000,
        "grossProfit": 39608000,
        "grossProfitRatio": 0.1192857552,
        "researchAndDevelopmentExpenses": 0,
        "generalAndAdministrativeExpenses": 0,
        "sellingAndMarketingExpenses": 0,
        "sellingGeneralAndAdministrativeExpenses": 15832000,
        "otherExpenses": 0,
        "operatingExpenses": 15832000,
        "costAndExpenses": 308267000,
        "interestIncome": 437000,
        "interestExpense": 1322000,
        "depreciationAndAmortization": 5113000,
        "ebitda": 31126000,
        "ebitdaratio": 0.0937408709,
        "operatingIncome": 23776000,
        "operatingIncomeRatio": 0.0716051837,
        "totalOtherIncomeExpensesNet": 915000,
        "incomeBeforeTax": 24691000,
        "incomeBeforeTaxRatio": 0.0743608509,
        "incomeTaxExpense": 1925000,
        "netIncome": 22766000,
        "netIncomeRatio": 0.068563409,
        "eps": 0.63,
        "epsdiluted": 0.61,
        "weightedAverageShsOut": 36404000,
        "weightedAverageShsOutDil": 37330000,
        "link": "https://www.sec.gov/Archives/edgar/data/1408710/000119312516764312/0001193125-16-764312-index.htm",
        "finalLink": "https://www.sec.gov/Archives/edgar/data/1408710/000119312516764312/d193780d10q.htm"
    },
    {
        "date": "2016-06-30",
        "symbol": "FN",
        "reportedCurrency": "USD",
        "cik": "0001408710",
        "fillingDate": "2016-08-17",
        "acceptedDate": "2016-08-17 16:03:27",
        "calendarYear": "2016",
        "period": "Q4",
        "revenue": 276388000,
        "costOfRevenue": 242546000,
        "grossProfit": 33842000,
        "grossProfitRatio": 0.1224438109,
        "researchAndDevelopmentExpenses": 0,
        "generalAndAdministrativeExpenses": 1100000,
        "sellingAndMarketingExpenses": 10739000,
        "sellingGeneralAndAdministrativeExpenses": 11839000,
        "otherExpenses": 0,
        "operatingExpenses": 11839000,
        "costAndExpenses": 254385000,
        "interestIncome": 425000,
        "interestExpense": 413000,
        "depreciationAndAmortization": 4564000,
        "ebitda": 26432000,
        "ebitdaratio": 0.0956336744,
        "operatingIncome": 22003000,
        "operatingIncomeRatio": 0.0796091003,
        "totalOtherIncomeExpensesNet": -548000,
        "incomeBeforeTax": 21455000,
        "incomeBeforeTaxRatio": 0.0776263803,
        "incomeTaxExpense": 1786000,
        "netIncome": 19669000,
        "netIncomeRatio": 0.07116445,
        "eps": 0.55,
        "epsdiluted": 0.53,
        "weightedAverageShsOut": 36075000,
        "weightedAverageShsOutDil": 37259000,
        "link": "https://www.sec.gov/Archives/edgar/data/1408710/000119312516684108/0001193125-16-684108-index.htm",
        "finalLink": "https://www.sec.gov/Archives/edgar/data/1408710/000119312516684108/d209618d10k.htm"
    },
    {
        "date": "2016-03-25",
        "symbol": "FN",
        "reportedCurrency": "USD",
        "cik": "0001408710",
        "fillingDate": "2016-05-03",
        "acceptedDate": "2016-05-03 16:20:09",
        "calendarYear": "2016",
        "period": "Q3",
        "revenue": 250888000,
        "costOfRevenue": 219711000,
        "grossProfit": 31177000,
        "grossProfitRatio": 0.124266605,
        "researchAndDevelopmentExpenses": 0,
        "generalAndAdministrativeExpenses": 1400000,
        "sellingAndMarketingExpenses": 10899000,
        "sellingGeneralAndAdministrativeExpenses": 12299000,
        "otherExpenses": -900000,
        "operatingExpenses": 11399000,
        "costAndExpenses": 231110000,
        "interestIncome": 213000,
        "interestExpense": 335000,
        "depreciationAndAmortization": 4499000,
        "ebitda": 27627000,
        "ebitdaratio": 0.1101168649,
        "operatingIncome": 19778000,
        "operatingIncomeRatio": 0.0788319888,
        "totalOtherIncomeExpensesNet": 3015000,
        "incomeBeforeTax": 22793000,
        "incomeBeforeTaxRatio": 0.0908493033,
        "incomeTaxExpense": 1971000,
        "netIncome": 20822000,
        "netIncomeRatio": 0.0829932081,
        "eps": 0.58,
        "epsdiluted": 0.56,
        "weightedAverageShsOut": 35964000,
        "weightedAverageShsOutDil": 37089000,
        "link": "https://www.sec.gov/Archives/edgar/data/1408710/000119312516574999/0001193125-16-574999-index.htm",
        "finalLink": "https://www.sec.gov/Archives/edgar/data/1408710/000119312516574999/d317428d10q.htm"
    },
    {
        "date": "2015-12-25",
        "symbol": "FN",
        "reportedCurrency": "USD",
        "cik": "0001408710",
        "fillingDate": "2016-02-02",
        "acceptedDate": "2016-02-02 16:10:03",
        "calendarYear": "2016",
        "period": "Q2",
        "revenue": 233038000,
        "costOfRevenue": 204545000,
        "grossProfit": 28493000,
        "grossProfitRatio": 0.122267613,
        "researchAndDevelopmentExpenses": 0,
        "generalAndAdministrativeExpenses": 1600000,
        "sellingAndMarketingExpenses": 12115000,
        "sellingGeneralAndAdministrativeExpenses": 13715000,
        "otherExpenses": 0,
        "operatingExpenses": 13715000,
        "costAndExpenses": 218260000,
        "interestIncome": 455000,
        "interestExpense": 419000,
        "depreciationAndAmortization": 4231000,
        "ebitda": 25736000,
        "ebitdaratio": 0.1104369245,
        "operatingIncome": 14778000,
        "operatingIncomeRatio": 0.0634145504,
        "totalOtherIncomeExpensesNet": 6308000,
        "incomeBeforeTax": 21086000,
        "incomeBeforeTaxRatio": 0.0904830972,
        "incomeTaxExpense": 1283000,
        "netIncome": 19803000,
        "netIncomeRatio": 0.0849775573,
        "eps": 0.55,
        "epsdiluted": 0.54,
        "weightedAverageShsOut": 35812000,
        "weightedAverageShsOutDil": 36826000,
        "link": "https://www.sec.gov/Archives/edgar/data/1408710/000119312516447643/0001193125-16-447643-index.htm",
        "finalLink": "https://www.sec.gov/Archives/edgar/data/1408710/000119312516447643/d56139d10q.htm"
    },
    {
        "date": "2015-09-25",
        "symbol": "FN",
        "reportedCurrency": "USD",
        "cik": "0001408710",
        "fillingDate": "2015-11-03",
        "acceptedDate": "2015-11-03 16:08:37",
        "calendarYear": "2016",
        "period": "Q1",
        "revenue": 216433000,
        "costOfRevenue": 190422000,
        "grossProfit": 26011000,
        "grossProfitRatio": 0.1201803791,
        "researchAndDevelopmentExpenses": 0,
        "generalAndAdministrativeExpenses": 600000,
        "sellingAndMarketingExpenses": 11300000,
        "sellingGeneralAndAdministrativeExpenses": 11900000,
        "otherExpenses": 864000,
        "operatingExpenses": 12764000,
        "costAndExpenses": 203186000,
        "interestIncome": 442000,
        "interestExpense": 402000,
        "depreciationAndAmortization": 4063000,
        "ebitda": 7363000,
        "ebitdaratio": 0.0340197659,
        "operatingIncome": 13247000,
        "operatingIncomeRatio": 0.0612060083,
        "totalOtherIncomeExpensesNet": -10349000,
        "incomeBeforeTax": 2898000,
        "incomeBeforeTaxRatio": 0.013389825,
        "incomeTaxExpense": 1295000,
        "netIncome": 1603000,
        "netIncomeRatio": 0.0074064491,
        "eps": 0.0451,
        "epsdiluted": 0.0441,
        "weightedAverageShsOut": 35579000,
        "weightedAverageShsOutDil": 36315000,
        "link": "https://www.sec.gov/Archives/edgar/data/1408710/000119312515364290/0001193125-15-364290-index.htm",
        "finalLink": "https://www.sec.gov/Archives/edgar/data/1408710/000119312515364290/d50382d10q.htm"
    },
    {
        "date": "2015-06-30",
        "symbol": "FN",
        "reportedCurrency": "USD",
        "cik": "0001408710",
        "fillingDate": "2015-08-19",
        "acceptedDate": "2015-08-19 16:10:35",
        "calendarYear": "2015",
        "period": "Q4",
        "revenue": 206456000,
        "costOfRevenue": 181907000,
        "grossProfit": 24549000,
        "grossProfitRatio": 0.118906692,
        "researchAndDevelopmentExpenses": 0,
        "generalAndAdministrativeExpenses": 1000000,
        "sellingAndMarketingExpenses": 9739000,
        "sellingGeneralAndAdministrativeExpenses": 10739000,
        "otherExpenses": 0,
        "operatingExpenses": 10739000,
        "costAndExpenses": 192646000,
        "interestIncome": 297000,
        "interestExpense": 241000,
        "depreciationAndAmortization": 3625000,
        "ebitda": 17777000,
        "ebitdaratio": 0.086105514,
        "operatingIncome": 13810000,
        "operatingIncomeRatio": 0.0668907661,
        "totalOtherIncomeExpensesNet": 101000,
        "incomeBeforeTax": 13911000,
        "incomeBeforeTaxRatio": 0.0673799744,
        "incomeTaxExpense": 876000,
        "netIncome": 13035000,
        "netIncomeRatio": 0.0631369396,
        "eps": 0.37,
        "epsdiluted": 0.36,
        "weightedAverageShsOut": 35431000,
        "weightedAverageShsOutDil": 36320000,
        "link": "https://www.sec.gov/Archives/edgar/data/1408710/000119312515296113/0001193125-15-296113-index.htm",
        "finalLink": "https://www.sec.gov/Archives/edgar/data/1408710/000119312515296113/d945273d10k.htm"
    },
    {
        "date": "2015-03-27",
        "symbol": "FN",
        "reportedCurrency": "USD",
        "cik": "0001408710",
        "fillingDate": "2015-05-05",
        "acceptedDate": "2015-05-05 16:07:39",
        "calendarYear": "2015",
        "period": "Q3",
        "revenue": 189453000,
        "costOfRevenue": 167796000,
        "grossProfit": 21657000,
        "grossProfitRatio": 0.1143133125,
        "researchAndDevelopmentExpenses": 0,
        "generalAndAdministrativeExpenses": 1400000,
        "sellingAndMarketingExpenses": 8270000,
        "sellingGeneralAndAdministrativeExpenses": 9670000,
        "otherExpenses": 0,
        "operatingExpenses": 9670000,
        "costAndExpenses": 177466000,
        "interestIncome": 258000,
        "interestExpense": 125000,
        "depreciationAndAmortization": 3373000,
        "ebitda": 15456000,
        "ebitdaratio": 0.0815822394,
        "operatingIncome": 11987000,
        "operatingIncomeRatio": 0.0632716294,
        "totalOtherIncomeExpensesNet": -29000,
        "incomeBeforeTax": 11958000,
        "incomeBeforeTaxRatio": 0.0631185571,
        "incomeTaxExpense": 1113000,
        "netIncome": 10845000,
        "netIncomeRatio": 0.0572437491,
        "eps": 0.31,
        "epsdiluted": 0.3,
        "weightedAverageShsOut": 35406000,
        "weightedAverageShsOutDil": 36110000,
        "link": "https://www.sec.gov/Archives/edgar/data/1408710/000119312515172043/0001193125-15-172043-index.htm",
        "finalLink": "https://www.sec.gov/Archives/edgar/data/1408710/000119312515172043/d894746d10q.htm"
    },
    {
        "date": "2014-12-26",
        "symbol": "FN",
        "reportedCurrency": "USD",
        "cik": "0001408710",
        "fillingDate": "2015-02-03",
        "acceptedDate": "2015-02-03 16:08:27",
        "calendarYear": "2015",
        "period": "Q2",
        "revenue": 188353000,
        "costOfRevenue": 167292000,
        "grossProfit": 21061000,
        "grossProfitRatio": 0.1118166422,
        "researchAndDevelopmentExpenses": 0,
        "generalAndAdministrativeExpenses": 0,
        "sellingAndMarketingExpenses": 0,
        "sellingGeneralAndAdministrativeExpenses": 10314000,
        "otherExpenses": 1153000,
        "operatingExpenses": 11467000,
        "costAndExpenses": 178759000,
        "interestIncome": 324000,
        "interestExpense": 117000,
        "depreciationAndAmortization": 3041000,
        "ebitda": 12908000,
        "ebitdaratio": 0.0685308968,
        "operatingIncome": 9594000,
        "operatingIncomeRatio": 0.0509362739,
        "totalOtherIncomeExpensesNet": 156000,
        "incomeBeforeTax": 9750000,
        "incomeBeforeTaxRatio": 0.051764506,
        "incomeTaxExpense": 1024000,
        "netIncome": 8726000,
        "netIncomeRatio": 0.0463279056,
        "eps": 0.25,
        "epsdiluted": 0.24,
        "weightedAverageShsOut": 35349000,
        "weightedAverageShsOutDil": 35917000,
        "link": "https://www.sec.gov/Archives/edgar/data/1408710/000119312515031475/0001193125-15-031475-index.htm",
        "finalLink": "https://www.sec.gov/Archives/edgar/data/1408710/000119312515031475/d840234d10q.htm"
    },
    {
        "date": "2014-09-26",
        "symbol": "FN",
        "reportedCurrency": "USD",
        "cik": "0001408710",
        "fillingDate": "2014-11-05",
        "acceptedDate": "2014-11-05 16:06:27",
        "calendarYear": "2015",
        "period": "Q1",
        "revenue": 189325000,
        "costOfRevenue": 168819000,
        "grossProfit": 20506000,
        "grossProfitRatio": 0.1083111052,
        "researchAndDevelopmentExpenses": 0,
        "generalAndAdministrativeExpenses": 700000,
        "sellingAndMarketingExpenses": 8037000,
        "sellingGeneralAndAdministrativeExpenses": 8737000,
        "otherExpenses": 0,
        "operatingExpenses": 8737000,
        "costAndExpenses": 177556000,
        "interestIncome": 374000,
        "interestExpense": 133000,
        "depreciationAndAmortization": 2908000,
        "ebitda": 15048000,
        "ebitdaratio": 0.0794823716,
        "operatingIncome": 11769000,
        "operatingIncomeRatio": 0.0621629473,
        "totalOtherIncomeExpensesNet": 238000,
        "incomeBeforeTax": 12007000,
        "incomeBeforeTaxRatio": 0.0634200449,
        "incomeTaxExpense": 971000,
        "netIncome": 11036000,
        "netIncomeRatio": 0.058291298,
        "eps": 0.31,
        "epsdiluted": 0.31,
        "weightedAverageShsOut": 35230000,
        "weightedAverageShsOutDil": 35587000,
        "link": "https://www.sec.gov/Archives/edgar/data/1408710/000119312514398478/0001193125-14-398478-index.htm",
        "finalLink": "https://www.sec.gov/Archives/edgar/data/1408710/000119312514398478/d796346d10q.htm"
    },
    {
        "date": "2014-06-30",
        "symbol": "FN",
        "reportedCurrency": "USD",
        "cik": "0001408710",
        "fillingDate": "2014-10-16",
        "acceptedDate": "2014-10-16 16:01:48",
        "calendarYear": "2014",
        "period": "Q4",
        "revenue": 160084000,
        "costOfRevenue": 142309000,
        "grossProfit": 17775000,
        "grossProfitRatio": 0.1110354564,
        "researchAndDevelopmentExpenses": 0,
        "generalAndAdministrativeExpenses": 0,
        "sellingAndMarketingExpenses": 0,
        "sellingGeneralAndAdministrativeExpenses": 6705000,
        "otherExpenses": 0,
        "operatingExpenses": 6705000,
        "costAndExpenses": 149014000,
        "interestIncome": 531000,
        "interestExpense": 147000,
        "depreciationAndAmortization": 2901000,
        "ebitda": 14685000,
        "ebitdaratio": 0.0917330901,
        "operatingIncome": 11070000,
        "operatingIncomeRatio": 0.0691511956,
        "totalOtherIncomeExpensesNet": 567000,
        "incomeBeforeTax": 11637000,
        "incomeBeforeTaxRatio": 0.0726930861,
        "incomeTaxExpense": 1304000,
        "netIncome": 10333000,
        "netIncomeRatio": 0.0645473626,
        "eps": 0.29,
        "epsdiluted": 0.29,
        "weightedAverageShsOut": 35118000,
        "weightedAverageShsOutDil": 35800000,
        "link": "https://www.sec.gov/Archives/edgar/data/1408710/000119312514373828/0001193125-14-373828-index.htm",
        "finalLink": "https://www.sec.gov/Archives/edgar/data/1408710/000119312514373828/d744961d10k.htm"
    },
    {
        "date": "2014-03-28",
        "symbol": "FN",
        "reportedCurrency": "USD",
        "cik": "0001408710",
        "fillingDate": "2014-05-06",
        "acceptedDate": "2014-05-06 16:06:34",
        "calendarYear": "2014",
        "period": "Q3",
        "revenue": 167657000,
        "costOfRevenue": 150374000,
        "grossProfit": 17283000,
        "grossProfitRatio": 0.1030854662,
        "researchAndDevelopmentExpenses": 0,
        "generalAndAdministrativeExpenses": 0,
        "sellingAndMarketingExpenses": 0,
        "sellingGeneralAndAdministrativeExpenses": 7352000,
        "otherExpenses": -38151000,
        "operatingExpenses": -30799000,
        "costAndExpenses": 119575000,
        "interestIncome": 560000,
        "interestExpense": 172000,
        "depreciationAndAmortization": 2676000,
        "ebitda": 51237000,
        "ebitdaratio": 0.3056060886,
        "operatingIncome": 48082000,
        "operatingIncomeRatio": 0.2867879063,
        "totalOtherIncomeExpensesNet": 307000,
        "incomeBeforeTax": 48389000,
        "incomeBeforeTaxRatio": 0.2886190257,
        "incomeTaxExpense": 727000,
        "netIncome": 47662000,
        "netIncomeRatio": 0.2842827917,
        "eps": 1.36,
        "epsdiluted": 1.33,
        "weightedAverageShsOut": 35078000,
        "weightedAverageShsOutDil": 35790000,
        "link": "https://www.sec.gov/Archives/edgar/data/1408710/000119312514184830/0001193125-14-184830-index.htm",
        "finalLink": "https://www.sec.gov/Archives/edgar/data/1408710/000119312514184830/d688543d10q.htm"
    },
    {
        "date": "2013-12-27",
        "symbol": "FN",
        "reportedCurrency": "USD",
        "cik": "0001408710",
        "fillingDate": "2014-02-04",
        "acceptedDate": "2014-02-04 16:06:18",
        "calendarYear": "2014",
        "period": "Q2",
        "revenue": 178562000,
        "costOfRevenue": 158032000,
        "grossProfit": 20530000,
        "grossProfitRatio": 0.1149740706,
        "researchAndDevelopmentExpenses": 0,
        "generalAndAdministrativeExpenses": 0,
        "sellingAndMarketingExpenses": 0,
        "sellingGeneralAndAdministrativeExpenses": 6913000,
        "otherExpenses": 0,
        "operatingExpenses": 6913000,
        "costAndExpenses": 164945000,
        "interestIncome": 338000,
        "interestExpense": 188000,
        "depreciationAndAmortization": 2544000,
        "ebitda": 15898000,
        "ebitdaratio": 0.089033501,
        "operatingIncome": 13617000,
        "operatingIncomeRatio": 0.0762592265,
        "totalOtherIncomeExpensesNet": -451000,
        "incomeBeforeTax": 13166000,
        "incomeBeforeTaxRatio": 0.0737334931,
        "incomeTaxExpense": -1373000,
        "netIncome": 14539000,
        "netIncomeRatio": 0.0814226991,
        "eps": 0.42,
        "epsdiluted": 0.41,
        "weightedAverageShsOut": 34882000,
        "weightedAverageShsOutDil": 35583000,
        "link": "https://www.sec.gov/Archives/edgar/data/1408710/000119312514034881/0001193125-14-034881-index.htm",
        "finalLink": "https://www.sec.gov/Archives/edgar/data/1408710/000119312514034881/d638253d10q.htm"
    },
    {
        "date": "2013-09-27",
        "symbol": "FN",
        "reportedCurrency": "USD",
        "cik": "0001408710",
        "fillingDate": "2013-11-05",
        "acceptedDate": "2013-11-05 16:19:19",
        "calendarYear": "2014",
        "period": "Q1",
        "revenue": 171551000,
        "costOfRevenue": 152906000,
        "grossProfit": 18645000,
        "grossProfitRatio": 0.1086848809,
        "researchAndDevelopmentExpenses": 0,
        "generalAndAdministrativeExpenses": 0,
        "sellingAndMarketingExpenses": 0,
        "sellingGeneralAndAdministrativeExpenses": 6694000,
        "otherExpenses": -6597000,
        "operatingExpenses": 97000,
        "costAndExpenses": 153003000,
        "interestIncome": 364000,
        "interestExpense": 206000,
        "depreciationAndAmortization": 2537000,
        "ebitda": 22721000,
        "ebitdaratio": 0.1324445792,
        "operatingIncome": 18548000,
        "operatingIncomeRatio": 0.1081194514,
        "totalOtherIncomeExpensesNet": 1430000,
        "incomeBeforeTax": 19978000,
        "incomeBeforeTaxRatio": 0.1164551649,
        "incomeTaxExpense": 781000,
        "netIncome": 19197000,
        "netIncomeRatio": 0.1119025829,
        "eps": 0.55,
        "epsdiluted": 0.55,
        "weightedAverageShsOut": 34674000,
        "weightedAverageShsOutDil": 35138000,
        "link": "https://www.sec.gov/Archives/edgar/data/1408710/000119312513427716/0001193125-13-427716-index.htm",
        "finalLink": "https://www.sec.gov/Archives/edgar/data/1408710/000119312513427716/d595244d10q.htm"
    },
    {
        "date": "2013-06-30",
        "symbol": "FN",
        "reportedCurrency": "USD",
        "cik": "0001408710",
        "fillingDate": "2013-08-16",
        "acceptedDate": "2013-08-16 16:07:32",
        "calendarYear": "2013",
        "period": "Q4",
        "revenue": 159934000,
        "costOfRevenue": 142863000,
        "grossProfit": 17071000,
        "grossProfitRatio": 0.1067377793,
        "researchAndDevelopmentExpenses": 0,
        "generalAndAdministrativeExpenses": 0,
        "sellingAndMarketingExpenses": 0,
        "sellingGeneralAndAdministrativeExpenses": 5340000,
        "otherExpenses": -4095000,
        "operatingExpenses": 1245000,
        "costAndExpenses": 144108000,
        "interestIncome": 322000,
        "interestExpense": 222000,
        "depreciationAndAmortization": 2514000,
        "ebitda": 18111000,
        "ebitdaratio": 0.1132404617,
        "operatingIncome": 15826000,
        "operatingIncomeRatio": 0.0989533182,
        "totalOtherIncomeExpensesNet": -451000,
        "incomeBeforeTax": 15375000,
        "incomeBeforeTaxRatio": 0.096133405,
        "incomeTaxExpense": 233000,
        "netIncome": 15142000,
        "netIncomeRatio": 0.0946765541,
        "eps": 0.44,
        "epsdiluted": 0.43,
        "weightedAverageShsOut": 34629000,
        "weightedAverageShsOutDil": 35000000,
        "link": "https://www.sec.gov/Archives/edgar/data/1408710/000119312513338274/0001193125-13-338274-index.htm",
        "finalLink": "https://www.sec.gov/Archives/edgar/data/1408710/000119312513338274/d552325d10k.htm"
    },
    {
        "date": "2013-03-29",
        "symbol": "FN",
        "reportedCurrency": "USD",
        "cik": "0001408710",
        "fillingDate": "2013-05-03",
        "acceptedDate": "2013-05-03 06:15:49",
        "calendarYear": "2013",
        "period": "Q3",
        "revenue": 155557000,
        "costOfRevenue": 139302000,
        "grossProfit": 16255000,
        "grossProfitRatio": 0.1044954583,
        "researchAndDevelopmentExpenses": 0,
        "generalAndAdministrativeExpenses": 0,
        "sellingAndMarketingExpenses": 0,
        "sellingGeneralAndAdministrativeExpenses": 6801000,
        "otherExpenses": -11419000,
        "operatingExpenses": -4618000,
        "costAndExpenses": 134684000,
        "interestIncome": 302000,
        "interestExpense": 239000,
        "depreciationAndAmortization": 2553000,
        "ebitda": 24845000,
        "ebitdaratio": 0.1597163741,
        "operatingIncome": 20873000,
        "operatingIncomeRatio": 0.1341823254,
        "totalOtherIncomeExpensesNet": 1180000,
        "incomeBeforeTax": 22053000,
        "incomeBeforeTaxRatio": 0.1417679693,
        "incomeTaxExpense": 927000,
        "netIncome": 21126000,
        "netIncomeRatio": 0.1358087389,
        "eps": 0.61,
        "epsdiluted": 0.61,
        "weightedAverageShsOut": 34596000,
        "weightedAverageShsOutDil": 34909000,
        "link": "https://www.sec.gov/Archives/edgar/data/1408710/000119312513197381/0001193125-13-197381-index.htm",
        "finalLink": "https://www.sec.gov/Archives/edgar/data/1408710/000119312513197381/d490365d10q.htm"
    },
    {
        "date": "2012-12-28",
        "symbol": "FN",
        "reportedCurrency": "USD",
        "cik": "0001408710",
        "fillingDate": "2013-02-05",
        "acceptedDate": "2013-02-05 16:10:40",
        "calendarYear": "2013",
        "period": "Q2",
        "revenue": 167426000,
        "costOfRevenue": 149056000,
        "grossProfit": 18370000,
        "grossProfitRatio": 0.1097201152,
        "researchAndDevelopmentExpenses": 0,
        "generalAndAdministrativeExpenses": 0,
        "sellingAndMarketingExpenses": 0,
        "sellingGeneralAndAdministrativeExpenses": 5787000,
        "otherExpenses": -4825000,
        "operatingExpenses": 962000,
        "costAndExpenses": 150018000,
        "interestIncome": 271000,
        "interestExpense": 263000,
        "depreciationAndAmortization": 2547000,
        "ebitda": 20239000,
        "ebitdaratio": 0.1208832559,
        "operatingIncome": 17408000,
        "operatingIncomeRatio": 0.1039742931,
        "totalOtherIncomeExpensesNet": 21000,
        "incomeBeforeTax": 17429000,
        "incomeBeforeTaxRatio": 0.1040997217,
        "incomeTaxExpense": 747000,
        "netIncome": 16682000,
        "netIncomeRatio": 0.099638049,
        "eps": 0.48,
        "epsdiluted": 0.48,
        "weightedAverageShsOut": 34517000,
        "weightedAverageShsOutDil": 34804000,
        "link": "https://www.sec.gov/Archives/edgar/data/1408710/000119312513038767/0001193125-13-038767-index.htm",
        "finalLink": "https://www.sec.gov/Archives/edgar/data/1408710/000119312513038767/d455799d10q.htm"
    },
    {
        "date": "2012-09-30",
        "symbol": "FN",
        "reportedCurrency": "USD",
        "cik": "0001408710",
        "fillingDate": "2012-11-06",
        "acceptedDate": "2012-11-06 16:12:16",
        "calendarYear": "2013",
        "period": "Q1",
        "revenue": 158625000,
        "costOfRevenue": 140903000,
        "grossProfit": 17722000,
        "grossProfitRatio": 0.1117226162,
        "researchAndDevelopmentExpenses": 0,
        "generalAndAdministrativeExpenses": 0,
        "sellingAndMarketingExpenses": 0,
        "sellingGeneralAndAdministrativeExpenses": 5859000,
        "otherExpenses": -4820000,
        "operatingExpenses": 1039000,
        "costAndExpenses": 141942000,
        "interestIncome": 188000,
        "interestExpense": 286000,
        "depreciationAndAmortization": 2597000,
        "ebitda": 19935000,
        "ebitdaratio": 0.1256737589,
        "operatingIncome": 16683000,
        "operatingIncomeRatio": 0.1051725768,
        "totalOtherIncomeExpensesNet": 369000,
        "incomeBeforeTax": 17052000,
        "incomeBeforeTaxRatio": 0.107498818,
        "incomeTaxExpense": 1033000,
        "netIncome": 16019000,
        "netIncomeRatio": 0.1009866036,
        "eps": 0.46,
        "epsdiluted": 0.46,
        "weightedAverageShsOut": 34485000,
        "weightedAverageShsOutDil": 34670000,
        "link": "https://www.sec.gov/Archives/edgar/data/1408710/000119312512454510/0001193125-12-454510-index.html",
        "finalLink": "https://www.sec.gov/Archives/edgar/data/1408710/000119312512454510/d410590d10q.htm"
    },
    {
        "date": "2012-06-30",
        "symbol": "FN",
        "reportedCurrency": "USD",
        "cik": "0001408710",
        "fillingDate": "2012-08-28",
        "acceptedDate": "2012-08-28 16:05:44",
        "calendarYear": "2012",
        "period": "Q4",
        "revenue": 142757000,
        "costOfRevenue": 127537000,
        "grossProfit": 15220000,
        "grossProfitRatio": 0.1066147369,
        "researchAndDevelopmentExpenses": 0,
        "generalAndAdministrativeExpenses": 0,
        "sellingAndMarketingExpenses": 0,
        "sellingGeneralAndAdministrativeExpenses": 4923000,
        "otherExpenses": 3376000,
        "operatingExpenses": 8299000,
        "costAndExpenses": 135836000,
        "interestIncome": 216000,
        "interestExpense": 221000,
        "depreciationAndAmortization": 2430000,
        "ebitda": 10004000,
        "ebitdaratio": 0.0700771241,
        "operatingIncome": 6921000,
        "operatingIncomeRatio": 0.0484809852,
        "totalOtherIncomeExpensesNet": 432000,
        "incomeBeforeTax": 7353000,
        "incomeBeforeTaxRatio": 0.0515071065,
        "incomeTaxExpense": -104000,
        "netIncome": 7457000,
        "netIncomeRatio": 0.0522356172,
        "eps": 0.22,
        "epsdiluted": 0.22,
        "weightedAverageShsOut": 34469000,
        "weightedAverageShsOutDil": 34624000,
        "link": "https://www.sec.gov/Archives/edgar/data/1408710/000119312512371844/0001193125-12-371844-index.htm",
        "finalLink": "https://www.sec.gov/Archives/edgar/data/1408710/000119312512371844/d360256d10k.htm"
    },
    {
        "date": "2012-03-30",
        "symbol": "FN",
        "reportedCurrency": "USD",
        "cik": "0001408710",
        "fillingDate": "2012-05-09",
        "acceptedDate": "2012-05-09 16:56:09",
        "calendarYear": "2012",
        "period": "Q3",
        "revenue": 139019000,
        "costOfRevenue": 124138000,
        "grossProfit": 14881000,
        "grossProfitRatio": 0.1070429222,
        "researchAndDevelopmentExpenses": 0,
        "generalAndAdministrativeExpenses": 0,
        "sellingAndMarketingExpenses": 0,
        "sellingGeneralAndAdministrativeExpenses": 6586000,
        "otherExpenses": 55623000,
        "operatingExpenses": 62209000,
        "costAndExpenses": 186347000,
        "interestIncome": 209000,
        "interestExpense": 64000,
        "depreciationAndAmortization": 2147000,
        "ebitda": -44201000,
        "ebitdaratio": -0.3179493451,
        "operatingIncome": -47328000,
        "operatingIncomeRatio": -0.3404426733,
        "totalOtherIncomeExpensesNet": 916000,
        "incomeBeforeTax": -46412000,
        "incomeBeforeTaxRatio": -0.3338536459,
        "incomeTaxExpense": -87000,
        "netIncome": -46325000,
        "netIncomeRatio": -0.3332278322,
        "eps": -1.35,
        "epsdiluted": -1.35,
        "weightedAverageShsOut": 34440000,
        "weightedAverageShsOutDil": 34440000,
        "link": "https://www.sec.gov/Archives/edgar/data/1408710/000119312512222326/0001193125-12-222326-index.htm",
        "finalLink": "https://www.sec.gov/Archives/edgar/data/1408710/000119312512222326/d340426d10q.htm"
    },
    {
        "date": "2011-12-30",
        "symbol": "FN",
        "reportedCurrency": "USD",
        "cik": "0001408710",
        "fillingDate": "2012-02-08",
        "acceptedDate": "2012-02-08 17:11:02",
        "calendarYear": "2012",
        "period": "Q2",
        "revenue": 96609000,
        "costOfRevenue": 87680000,
        "grossProfit": 8929000,
        "grossProfitRatio": 0.0924241013,
        "researchAndDevelopmentExpenses": 0,
        "generalAndAdministrativeExpenses": 0,
        "sellingAndMarketingExpenses": 0,
        "sellingGeneralAndAdministrativeExpenses": 5319000,
        "otherExpenses": 40265000,
        "operatingExpenses": 45584000,
        "costAndExpenses": 133264000,
        "interestIncome": 224000,
        "interestExpense": 68000,
        "depreciationAndAmortization": 2537000,
        "ebitda": -33048000,
        "ebitdaratio": -0.3420799304,
        "operatingIncome": -36655000,
        "operatingIncomeRatio": -0.3794159964,
        "totalOtherIncomeExpensesNet": 1002000,
        "incomeBeforeTax": -35653000,
        "incomeBeforeTaxRatio": -0.3690442919,
        "incomeTaxExpense": -2399000,
        "netIncome": -33254000,
        "netIncomeRatio": -0.344212237,
        "eps": -0.97,
        "epsdiluted": -0.97,
        "weightedAverageShsOut": 34396000,
        "weightedAverageShsOutDil": 34396000,
        "link": "https://www.sec.gov/Archives/edgar/data/1408710/000119312512046834/0001193125-12-046834-index.htm",
        "finalLink": "https://www.sec.gov/Archives/edgar/data/1408710/000119312512046834/d280314d10q.htm"
    },
    {
        "date": "2011-09-28",
        "symbol": "FN",
        "reportedCurrency": "USD",
        "cik": "0001408710",
        "fillingDate": "2012-11-06",
        "acceptedDate": "2012-11-06 16:12:16",
        "calendarYear": "2012",
        "period": "Q1",
        "revenue": 186347000,
        "costOfRevenue": 163463000,
        "grossProfit": 22884000,
        "grossProfitRatio": 0.1228031576,
        "researchAndDevelopmentExpenses": 0,
        "generalAndAdministrativeExpenses": 0,
        "sellingAndMarketingExpenses": 0,
        "sellingGeneralAndAdministrativeExpenses": 6638000,
        "otherExpenses": 0,
        "operatingExpenses": 6638000,
        "costAndExpenses": 170101000,
        "interestIncome": 195000,
        "interestExpense": 74000,
        "depreciationAndAmortization": 2599000,
        "ebitda": 18950000,
        "ebitdaratio": 0.1016920047,
        "operatingIncome": 16246000,
        "operatingIncomeRatio": 0.0871814411,
        "totalOtherIncomeExpensesNet": 31000,
        "incomeBeforeTax": 16277000,
        "incomeBeforeTaxRatio": 0.0873477974,
        "incomeTaxExpense": 622000,
        "netIncome": 15655000,
        "netIncomeRatio": 0.0840099384,
        "eps": 0.46,
        "epsdiluted": 0.45,
        "weightedAverageShsOut": 34223000,
        "weightedAverageShsOutDil": 34502000,
        "link": "https://www.sec.gov/Archives/edgar/data/1408710/000119312512454510/0001193125-12-454510-index.htm",
        "finalLink": "https://www.sec.gov/Archives/edgar/data/1408710/000119312512454510/d410590d10q.htm"
    },
    {
        "date": "2011-06-30",
        "symbol": "FN",
        "reportedCurrency": "USD",
        "cik": "0001408710",
        "fillingDate": "2011-08-31",
        "acceptedDate": "2011-08-31 16:16:06",
        "calendarYear": "2011",
        "period": "Q4",
        "revenue": 190348000,
        "costOfRevenue": 166363000,
        "grossProfit": 23985000,
        "grossProfitRatio": 0.1260060521,
        "researchAndDevelopmentExpenses": 0,
        "generalAndAdministrativeExpenses": 0,
        "sellingAndMarketingExpenses": 0,
        "sellingGeneralAndAdministrativeExpenses": 6512000,
        "otherExpenses": 0,
        "operatingExpenses": 6512000,
        "costAndExpenses": 172875000,
        "interestIncome": 139000,
        "interestExpense": 75000,
        "depreciationAndAmortization": 2368000,
        "ebitda": 19392000,
        "ebitdaratio": 0.1018765629,
        "operatingIncome": 17473000,
        "operatingIncomeRatio": 0.0917950281,
        "totalOtherIncomeExpensesNet": -524000,
        "incomeBeforeTax": 16949000,
        "incomeBeforeTaxRatio": 0.0890421754,
        "incomeTaxExpense": 294000,
        "netIncome": 16655000,
        "netIncomeRatio": 0.0874976359,
        "eps": 0.48,
        "epsdiluted": 0.48,
        "weightedAverageShsOut": 34189000,
        "weightedAverageShsOutDil": 34600000,
        "link": "https://www.sec.gov/Archives/edgar/data/1408710/000119312511237974/0001193125-11-237974-index.htm",
        "finalLink": "https://www.sec.gov/Archives/edgar/data/1408710/000119312511237974/d10k.htm"
    },
    {
        "date": "2011-03-25",
        "symbol": "FN",
        "reportedCurrency": "USD",
        "cik": "0001408710",
        "fillingDate": "2011-05-04",
        "acceptedDate": "2011-05-04 16:24:23",
        "calendarYear": "2011",
        "period": "Q3",
        "revenue": 194851000,
        "costOfRevenue": 169528000,
        "grossProfit": 25323000,
        "grossProfitRatio": 0.1299608419,
        "researchAndDevelopmentExpenses": 0,
        "generalAndAdministrativeExpenses": 0,
        "sellingAndMarketingExpenses": 0,
        "sellingGeneralAndAdministrativeExpenses": 7516000,
        "otherExpenses": 0,
        "operatingExpenses": 7516000,
        "costAndExpenses": 177044000,
        "interestIncome": 143000,
        "interestExpense": 81000,
        "depreciationAndAmortization": 2325000,
        "ebitda": 20682000,
        "ebitdaratio": 0.1061426423,
        "operatingIncome": 17807000,
        "operatingIncomeRatio": 0.0913877784,
        "totalOtherIncomeExpensesNet": 469000,
        "incomeBeforeTax": 18276000,
        "incomeBeforeTaxRatio": 0.0937947457,
        "incomeTaxExpense": 1613000,
        "netIncome": 16663000,
        "netIncomeRatio": 0.0855166255,
        "eps": 0.49,
        "epsdiluted": 0.49,
        "weightedAverageShsOut": 33969000,
        "weightedAverageShsOutDil": 34232000,
        "link": "https://www.sec.gov/Archives/edgar/data/1408710/000119312511126124/0001193125-11-126124-index.htm",
        "finalLink": "https://www.sec.gov/Archives/edgar/data/1408710/000119312511126124/d10q.htm"
    },
    {
        "date": "2010-12-24",
        "symbol": "FN",
        "reportedCurrency": "USD",
        "cik": "0001408710",
        "fillingDate": "2011-02-02",
        "acceptedDate": "2011-02-02 17:25:07",
        "calendarYear": "2011",
        "period": "Q2",
        "revenue": 184631000,
        "costOfRevenue": 160968000,
        "grossProfit": 23663000,
        "grossProfitRatio": 0.1281637428,
        "researchAndDevelopmentExpenses": 0,
        "generalAndAdministrativeExpenses": 0,
        "sellingAndMarketingExpenses": 0,
        "sellingGeneralAndAdministrativeExpenses": 5951000,
        "otherExpenses": 0,
        "operatingExpenses": 5951000,
        "costAndExpenses": 166919000,
        "interestIncome": 114000,
        "interestExpense": 90000,
        "depreciationAndAmortization": 2270000,
        "ebitda": 19437000,
        "ebitdaratio": 0.1052748455,
        "operatingIncome": 17712000,
        "operatingIncomeRatio": 0.0959318858,
        "totalOtherIncomeExpensesNet": -635000,
        "incomeBeforeTax": 17077000,
        "incomeBeforeTaxRatio": 0.0924925933,
        "incomeTaxExpense": 1271000,
        "netIncome": 15806000,
        "netIncomeRatio": 0.0856085923,
        "eps": 0.47,
        "epsdiluted": 0.46,
        "weightedAverageShsOut": 33768000,
        "weightedAverageShsOutDil": 34450000,
        "link": "https://www.sec.gov/Archives/edgar/data/1408710/000119312511022039/0001193125-11-022039-index.htm",
        "finalLink": "https://www.sec.gov/Archives/edgar/data/1408710/000119312511022039/d10q.htm"
    },
    {
        "date": "2010-09-24",
        "symbol": "FN",
        "reportedCurrency": "USD",
        "cik": "0001408710",
        "fillingDate": "2010-11-03",
        "acceptedDate": "2010-11-03 16:08:16",
        "calendarYear": "2011",
        "period": "Q1",
        "revenue": 173740000,
        "costOfRevenue": 151964000,
        "grossProfit": 21776000,
        "grossProfitRatio": 0.12533671,
        "researchAndDevelopmentExpenses": 0,
        "generalAndAdministrativeExpenses": 0,
        "sellingAndMarketingExpenses": 0,
        "sellingGeneralAndAdministrativeExpenses": 4827000,
        "otherExpenses": 0,
        "operatingExpenses": 4827000,
        "costAndExpenses": 156791000,
        "interestIncome": 98000,
        "interestExpense": 111000,
        "depreciationAndAmortization": 2232000,
        "ebitda": 18905000,
        "ebitdaratio": 0.108812018,
        "operatingIncome": 16949000,
        "operatingIncomeRatio": 0.097553816,
        "totalOtherIncomeExpensesNet": -387000,
        "incomeBeforeTax": 16562000,
        "incomeBeforeTaxRatio": 0.0953263497,
        "incomeTaxExpense": 1357000,
        "netIncome": 15205000,
        "netIncomeRatio": 0.0875158282,
        "eps": 0.45,
        "epsdiluted": 0.44,
        "weightedAverageShsOut": 33761000,
        "weightedAverageShsOutDil": 34351000,
        "link": "https://www.sec.gov/Archives/edgar/data/1408710/000119312510246113/0001193125-10-246113-index.htm",
        "finalLink": "https://www.sec.gov/Archives/edgar/data/1408710/000119312510246113/d10q.htm"
    },
    {
        "date": "2010-06-30",
        "symbol": "FN",
        "reportedCurrency": "USD",
        "cik": "0001408710",
        "fillingDate": "2010-09-08",
        "acceptedDate": "2010-09-08 16:29:22",
        "calendarYear": "2010",
        "period": "Q4",
        "revenue": 157411000,
        "costOfRevenue": 138031000,
        "grossProfit": 19380000,
        "grossProfitRatio": 0.12311719,
        "researchAndDevelopmentExpenses": 0,
        "generalAndAdministrativeExpenses": 0,
        "sellingAndMarketingExpenses": 0,
        "sellingGeneralAndAdministrativeExpenses": 4227000,
        "otherExpenses": 0,
        "operatingExpenses": 4227000,
        "costAndExpenses": 142258000,
        "interestIncome": 73000,
        "interestExpense": 103000,
        "depreciationAndAmortization": 2168000,
        "ebitda": 17638000,
        "ebitdaratio": 0.1120506191,
        "operatingIncome": 15153000,
        "operatingIncomeRatio": 0.0962639206,
        "totalOtherIncomeExpensesNet": 214000,
        "incomeBeforeTax": 15367000,
        "incomeBeforeTaxRatio": 0.0976234189,
        "incomeTaxExpense": 1793000,
        "netIncome": 13574000,
        "netIncomeRatio": 0.0862328554,
        "eps": 0.44,
        "epsdiluted": 0.44,
        "weightedAverageShsOut": 30901000,
        "weightedAverageShsOutDil": 30901000,
        "link": "https://www.sec.gov/Archives/edgar/data/1408710/000119312510206710/0001193125-10-206710-index.htm",
        "finalLink": "https://www.sec.gov/Archives/edgar/data/1408710/000119312510206710/d10k.htm"
    },
    {
        "date": "2010-03-31",
        "symbol": "FN",
        "reportedCurrency": "USD",
        "cik": "0001408710",
        "fillingDate": "2010-03-31",
        "acceptedDate": "2010-03-30 20:00:00",
        "calendarYear": "2010",
        "period": "Q3",
        "revenue": 136890000,
        "costOfRevenue": 117761000,
        "grossProfit": 19129000,
        "grossProfitRatio": 0.1397399372,
        "researchAndDevelopmentExpenses": 0,
        "generalAndAdministrativeExpenses": 0,
        "sellingAndMarketingExpenses": 0,
        "sellingGeneralAndAdministrativeExpenses": 4356000,
        "otherExpenses": 0,
        "operatingExpenses": 4356000,
        "costAndExpenses": 122117000,
        "interestIncome": 62000,
        "interestExpense": 108000,
        "depreciationAndAmortization": 2006000,
        "ebitda": 16744000,
        "ebitdaratio": 0.122317189,
        "operatingIncome": 14773000,
        "operatingIncomeRatio": 0.1079187669,
        "totalOtherIncomeExpensesNet": -143000,
        "incomeBeforeTax": 14630000,
        "incomeBeforeTaxRatio": 0.1068741325,
        "incomeTaxExpense": 1119000,
        "netIncome": 13511000,
        "netIncomeRatio": 0.0986996859,
        "eps": 0.44,
        "epsdiluted": 0.43,
        "weightedAverageShsOut": 30901000,
        "weightedAverageShsOutDil": 31365000,
        "link": "",
        "finalLink": ""
    },
    {
        "date": "2009-12-31",
        "symbol": "FN",
        "reportedCurrency": "USD",
        "cik": "0001408710",
        "fillingDate": "2009-12-31",
        "acceptedDate": "2009-12-30 19:00:00",
        "calendarYear": "2010",
        "period": "Q2",
        "revenue": 114393000,
        "costOfRevenue": 99520000,
        "grossProfit": 14873000,
        "grossProfitRatio": 0.1300166968,
        "researchAndDevelopmentExpenses": 0,
        "generalAndAdministrativeExpenses": 0,
        "sellingAndMarketingExpenses": 0,
        "sellingGeneralAndAdministrativeExpenses": 3800000,
        "otherExpenses": 0,
        "operatingExpenses": 3800000,
        "costAndExpenses": 103320000,
        "interestIncome": 81000,
        "interestExpense": 128000,
        "depreciationAndAmortization": 1967000,
        "ebitda": 13147000,
        "ebitdaratio": 0.114928361,
        "operatingIncome": 11073000,
        "operatingIncomeRatio": 0.096797881,
        "totalOtherIncomeExpensesNet": -21000,
        "incomeBeforeTax": 11052000,
        "incomeBeforeTaxRatio": 0.0966143033,
        "incomeTaxExpense": 0,
        "netIncome": 11052000,
        "netIncomeRatio": 0.0966143033,
        "eps": 0.36,
        "epsdiluted": 0.35,
        "weightedAverageShsOut": 30856000,
        "weightedAverageShsOutDil": 31387000,
        "link": "",
        "finalLink": ""
    },
    {
        "date": "2009-09-30",
        "symbol": "FN",
        "reportedCurrency": "USD",
        "cik": "0001408710",
        "fillingDate": "2009-09-30",
        "acceptedDate": "2009-09-29 20:00:00",
        "calendarYear": "2010",
        "period": "Q1",
        "revenue": 97018000,
        "costOfRevenue": 86058000,
        "grossProfit": 10960000,
        "grossProfitRatio": 0.1129687275,
        "researchAndDevelopmentExpenses": 0,
        "generalAndAdministrativeExpenses": 0,
        "sellingAndMarketingExpenses": 0,
        "sellingGeneralAndAdministrativeExpenses": 3809000,
        "otherExpenses": 0,
        "operatingExpenses": 3809000,
        "costAndExpenses": 89867000,
        "interestIncome": 111000,
        "interestExpense": 161000,
        "depreciationAndAmortization": 2068000,
        "ebitda": 9270000,
        "ebitdaratio": 0.0955492795,
        "operatingIncome": 7151000,
        "operatingIncomeRatio": 0.0737079717,
        "totalOtherIncomeExpensesNet": -110000,
        "incomeBeforeTax": 7041000,
        "incomeBeforeTaxRatio": 0.0725741615,
        "incomeTaxExpense": 855000,
        "netIncome": 6186000,
        "netIncomeRatio": 0.0637613639,
        "eps": 0.2,
        "epsdiluted": 0.2,
        "weightedAverageShsOut": 30707000,
        "weightedAverageShsOutDil": 31269000,
        "link": "",
        "finalLink": ""
    },
    {
        "date": "2009-06-30",
        "symbol": "FN",
        "reportedCurrency": "USD",
        "cik": "0001408710",
        "fillingDate": "2009-06-30",
        "acceptedDate": "2009-06-29 20:00:00",
        "calendarYear": "2009",
        "period": "Q4",
        "revenue": 82400000,
        "costOfRevenue": 74049000,
        "grossProfit": 8351000,
        "grossProfitRatio": 0.1013470874,
        "researchAndDevelopmentExpenses": 0,
        "generalAndAdministrativeExpenses": 0,
        "sellingAndMarketingExpenses": 0,
        "sellingGeneralAndAdministrativeExpenses": 3336000,
        "otherExpenses": 0,
        "operatingExpenses": 3336000,
        "costAndExpenses": 77385000,
        "interestIncome": 134000,
        "interestExpense": 220000,
        "depreciationAndAmortization": 2088000,
        "ebitda": 6948000,
        "ebitdaratio": 0.0843203883,
        "operatingIncome": 5015000,
        "operatingIncomeRatio": 0.0608616505,
        "totalOtherIncomeExpensesNet": -375000,
        "incomeBeforeTax": 4640000,
        "incomeBeforeTaxRatio": 0.0563106796,
        "incomeTaxExpense": 703000,
        "netIncome": 3937000,
        "netIncomeRatio": 0.0477791262,
        "eps": 0.13,
        "epsdiluted": 0.13,
        "weightedAverageShsOut": 30472000,
        "weightedAverageShsOutDil": 30472000,
        "link": "",
        "finalLink": ""
    },
    {
        "date": "2009-03-31",
        "symbol": "FN",
        "reportedCurrency": "USD",
        "cik": "0001408710",
        "fillingDate": "2009-03-31",
        "acceptedDate": "2009-03-30 20:00:00",
        "calendarYear": "2009",
        "period": "Q3",
        "revenue": 84834000,
        "costOfRevenue": 75299000,
        "grossProfit": 9535000,
        "grossProfitRatio": 0.1123959733,
        "researchAndDevelopmentExpenses": 0,
        "generalAndAdministrativeExpenses": 0,
        "sellingAndMarketingExpenses": 0,
        "sellingGeneralAndAdministrativeExpenses": 3992000,
        "otherExpenses": 2389000,
        "operatingExpenses": 6381000,
        "costAndExpenses": 81680000,
        "interestIncome": 165000,
        "interestExpense": 288000,
        "depreciationAndAmortization": 2178000,
        "ebitda": 5481000,
        "ebitdaratio": 0.0646085296,
        "operatingIncome": 3154000,
        "operatingIncomeRatio": 0.0371784898,
        "totalOtherIncomeExpensesNet": -139000,
        "incomeBeforeTax": 3015000,
        "incomeBeforeTaxRatio": 0.0355399958,
        "incomeTaxExpense": -385000,
        "netIncome": 3400000,
        "netIncomeRatio": 0.0400782705,
        "eps": 0.11,
        "epsdiluted": 0.11,
        "weightedAverageShsOut": 30472000,
        "weightedAverageShsOutDil": 30932000,
        "link": "",
        "finalLink": ""
    },
    {
        "date": "2008-12-31",
        "symbol": "FN",
        "reportedCurrency": "USD",
        "cik": "0001408710",
        "fillingDate": "2008-12-31",
        "acceptedDate": "2008-12-30 19:00:00",
        "calendarYear": "2009",
        "period": "Q2",
        "revenue": 128044000,
        "costOfRevenue": 111173000,
        "grossProfit": 16831000,
        "grossProfitRatio": 0.1314470026,
        "researchAndDevelopmentExpenses": 0,
        "generalAndAdministrativeExpenses": 0,
        "sellingAndMarketingExpenses": 0,
        "sellingGeneralAndAdministrativeExpenses": 4988000,
        "otherExpenses": 40000,
        "operatingExpenses": 5028000,
        "costAndExpenses": 116201000,
        "interestIncome": 149000,
        "interestExpense": 374000,
        "depreciationAndAmortization": 2251000,
        "ebitda": 14662000,
        "ebitdaratio": 0.114507513,
        "operatingIncome": 11843000,
        "operatingIncomeRatio": 0.0924916435,
        "totalOtherIncomeExpensesNet": 194000,
        "incomeBeforeTax": 12037000,
        "incomeBeforeTaxRatio": 0.0940067477,
        "incomeTaxExpense": 282000,
        "netIncome": 11755000,
        "netIncomeRatio": 0.0918043797,
        "eps": 0.38,
        "epsdiluted": 0.37,
        "weightedAverageShsOut": 30953000,
        "weightedAverageShsOutDil": 31456000,
        "link": "",
        "finalLink": ""
    },
    {
        "date": "2008-09-30",
        "symbol": "FN",
        "reportedCurrency": "USD",
        "cik": "0001408710",
        "fillingDate": "2008-09-30",
        "acceptedDate": "2008-09-29 20:00:00",
        "calendarYear": "2009",
        "period": "Q1",
        "revenue": 145861000,
        "costOfRevenue": 122537000,
        "grossProfit": 23324000,
        "grossProfitRatio": 0.1599056636,
        "researchAndDevelopmentExpenses": 0,
        "generalAndAdministrativeExpenses": 0,
        "sellingAndMarketingExpenses": 0,
        "sellingGeneralAndAdministrativeExpenses": 9644000,
        "otherExpenses": 0,
        "operatingExpenses": 9644000,
        "costAndExpenses": 132181000,
        "interestIncome": 308000,
        "interestExpense": 384000,
        "depreciationAndAmortization": 2210000,
        "ebitda": 16444000,
        "ebitdaratio": 0.1127374692,
        "operatingIncome": 13680000,
        "operatingIncomeRatio": 0.0937879214,
        "totalOtherIncomeExpensesNet": 170000,
        "incomeBeforeTax": 13850000,
        "incomeBeforeTaxRatio": 0.0949534146,
        "incomeTaxExpense": 1638000,
        "netIncome": 12212000,
        "netIncomeRatio": 0.083723545,
        "eps": 0.39,
        "epsdiluted": 0.39,
        "weightedAverageShsOut": 30953000,
        "weightedAverageShsOutDil": 31456000,
        "link": "",
        "finalLink": ""
    },
    {
        "date": "2007-09-30",
        "symbol": "FN",
        "reportedCurrency": "USD",
        "cik": "0001408710",
        "fillingDate": "2007-09-30",
        "acceptedDate": "2007-09-29 20:00:00",
        "calendarYear": "2008",
        "period": "Q1",
        "revenue": 118220000,
        "costOfRevenue": 102460000,
        "grossProfit": 15760000,
        "grossProfitRatio": 0.1333107765,
        "researchAndDevelopmentExpenses": 0,
        "generalAndAdministrativeExpenses": 0,
        "sellingAndMarketingExpenses": 0,
        "sellingGeneralAndAdministrativeExpenses": 4983000,
        "otherExpenses": 0,
        "operatingExpenses": 4983000,
        "costAndExpenses": 107443000,
        "interestIncome": 379000,
        "interestExpense": 666000,
        "depreciationAndAmortization": 1764000,
        "ebitda": 12678000,
        "ebitdaratio": 0.1072407376,
        "operatingIncome": 10777000,
        "operatingIncomeRatio": 0.0911605481,
        "totalOtherIncomeExpensesNet": -529000,
        "incomeBeforeTax": 10248000,
        "incomeBeforeTaxRatio": 0.08668584,
        "incomeTaxExpense": 769000,
        "netIncome": 9479000,
        "netIncomeRatio": 0.0801810184,
        "eps": 0.31,
        "epsdiluted": 0.3,
        "weightedAverageShsOut": 30953000,
        "weightedAverageShsOutDil": 31456000,
        "link": "",
        "finalLink": ""
    },
    {
        "date": "2006-09-30",
        "symbol": "FN",
        "reportedCurrency": "USD",
        "cik": "0001408710",
        "fillingDate": "2006-09-30",
        "acceptedDate": "2006-09-29 20:00:00",
        "calendarYear": "2007",
        "period": "Q1",
        "revenue": 122866000,
        "costOfRevenue": 105598000,
        "grossProfit": 17268000,
        "grossProfitRatio": 0.1405433562,
        "researchAndDevelopmentExpenses": 0,
        "generalAndAdministrativeExpenses": 0,
        "sellingAndMarketingExpenses": 0,
        "sellingGeneralAndAdministrativeExpenses": 4027000,
        "otherExpenses": 0,
        "operatingExpenses": 4027000,
        "costAndExpenses": 109625000,
        "interestIncome": 332000,
        "interestExpense": 715000,
        "depreciationAndAmortization": 1530000,
        "ebitda": 15098000,
        "ebitdaratio": 0.1228818388,
        "operatingIncome": 13241000,
        "operatingIncomeRatio": 0.1077678121,
        "totalOtherIncomeExpensesNet": -388000,
        "incomeBeforeTax": 12853000,
        "incomeBeforeTaxRatio": 0.1046099002,
        "incomeTaxExpense": 891000,
        "netIncome": 11962000,
        "netIncomeRatio": 0.0973580974,
        "eps": 0.39,
        "epsdiluted": 0.38,
        "weightedAverageShsOut": 30953000,
        "weightedAverageShsOutDil": 31456000,
        "link": "",
        "finalLink": ""
    }
]