[
    {
        "date": "2025-09-30",
        "symbol": "FNMA",
        "reportedCurrency": "USD",
        "cik": "0000310522",
        "fillingDate": "2025-10-29",
        "acceptedDate": "2025-10-29 07:21:27",
        "calendarYear": "2025",
        "period": "Q3",
        "revenue": 39977000000,
        "costOfRevenue": 0,
        "grossProfit": 0,
        "grossProfitRatio": 0,
        "researchAndDevelopmentExpenses": 0,
        "generalAndAdministrativeExpenses": 0,
        "sellingAndMarketingExpenses": 0,
        "sellingGeneralAndAdministrativeExpenses": 0,
        "otherExpenses": 0,
        "operatingExpenses": 0,
        "costAndExpenses": 0,
        "interestIncome": 0,
        "interestExpense": 32793000000,
        "depreciationAndAmortization": 0,
        "ebitda": 0,
        "ebitdaratio": 0,
        "operatingIncome": 0,
        "operatingIncomeRatio": 0,
        "totalOtherIncomeExpensesNet": 0,
        "incomeBeforeTax": 4835000000,
        "incomeBeforeTaxRatio": 0.1209445431,
        "incomeTaxExpense": -976000000,
        "netIncome": 5811000000,
        "netIncomeRatio": 0.1453585812,
        "eps": 0.99,
        "epsdiluted": 0.99,
        "weightedAverageShsOut": 5867000000,
        "weightedAverageShsOutDil": 5893000000,
        "link": "https://www.sec.gov/Archives/edgar/data/310522/000031052225000512/0000310522-25-000512-index.htm",
        "finalLink": "https://www.sec.gov/Archives/edgar/data/310522/000031052225000512/fnm-20250930.htm"
    },
    {
        "date": "2025-06-30",
        "symbol": "FNMA",
        "reportedCurrency": "USD",
        "cik": "0000310522",
        "fillingDate": "2025-07-30",
        "acceptedDate": "2025-07-30 07:16:42",
        "calendarYear": "2025",
        "period": "Q2",
        "revenue": 39700000000,
        "costOfRevenue": 33202000000,
        "grossProfit": 6498000000,
        "grossProfitRatio": 0.1636775819,
        "researchAndDevelopmentExpenses": 0,
        "generalAndAdministrativeExpenses": 492000000,
        "sellingAndMarketingExpenses": 0,
        "sellingGeneralAndAdministrativeExpenses": 492000000,
        "otherExpenses": 1852000000,
        "operatingExpenses": 2344000000,
        "costAndExpenses": 35546000000,
        "interestIncome": 39411000000,
        "interestExpense": 32256000000,
        "depreciationAndAmortization": 0,
        "ebitda": 4154000000,
        "ebitdaratio": 0.1046347607,
        "operatingIncome": 4154000000,
        "operatingIncomeRatio": 0.1046347607,
        "totalOtherIncomeExpensesNet": -535000000,
        "incomeBeforeTax": 4154000000,
        "incomeBeforeTaxRatio": 0.1046347607,
        "incomeTaxExpense": 837000000,
        "netIncome": 3317000000,
        "netIncomeRatio": 0.0835516373,
        "eps": -0.0012,
        "epsdiluted": -0.0012,
        "weightedAverageShsOut": 5867000000,
        "weightedAverageShsOutDil": 5867000000,
        "link": "https://www.sec.gov/Archives/edgar/data/310522/000031052225000466/0000310522-25-000466-index.htm",
        "finalLink": "https://www.sec.gov/Archives/edgar/data/310522/000031052225000466/fnm-20250630.htm"
    },
    {
        "date": "2025-03-31",
        "symbol": "FNMA",
        "reportedCurrency": "USD",
        "cik": "0000310522",
        "fillingDate": "2025-04-30",
        "acceptedDate": "2025-04-30 07:21:07",
        "calendarYear": "2025",
        "period": "Q1",
        "revenue": 39223000000,
        "costOfRevenue": 32039000000,
        "grossProfit": 7208000000,
        "grossProfitRatio": 0.1837697269,
        "researchAndDevelopmentExpenses": 0,
        "generalAndAdministrativeExpenses": 1312000000,
        "sellingAndMarketingExpenses": 611000000,
        "sellingGeneralAndAdministrativeExpenses": 1923000000,
        "otherExpenses": 677000000,
        "operatingExpenses": 2600000000,
        "costAndExpenses": 34639000000,
        "interestIncome": 39016000000,
        "interestExpense": 32015000000,
        "depreciationAndAmortization": 0,
        "ebitda": 4584000000,
        "ebitdaratio": 0.1168702037,
        "operatingIncome": 36599000000,
        "operatingIncomeRatio": 0.9331004768,
        "totalOtherIncomeExpensesNet": -32015000000,
        "incomeBeforeTax": 4584000000,
        "incomeBeforeTaxRatio": 0.1168702037,
        "incomeTaxExpense": -923000000,
        "netIncome": 3661000000,
        "netIncomeRatio": 0.0933380924,
        "eps": 0.001,
        "epsdiluted": 0.001,
        "weightedAverageShsOut": 5867000000,
        "weightedAverageShsOutDil": 5893000000,
        "link": "https://www.sec.gov/Archives/edgar/data/310522/000031052225000235/0000310522-25-000235-index.htm",
        "finalLink": "https://www.sec.gov/Archives/edgar/data/310522/000031052225000235/fnm-20250331.htm"
    },
    {
        "date": "2024-12-31",
        "symbol": "FNMA",
        "reportedCurrency": "USD",
        "cik": "0000310522",
        "fillingDate": "2025-02-14",
        "acceptedDate": "2025-02-14 06:46:14",
        "calendarYear": "2024",
        "period": "Q4",
        "revenue": 39428000000,
        "costOfRevenue": 2581000000,
        "grossProfit": 7808000000,
        "grossProfitRatio": 0.1980318555,
        "researchAndDevelopmentExpenses": 0,
        "generalAndAdministrativeExpenses": -167000000,
        "sellingAndMarketingExpenses": 0,
        "sellingGeneralAndAdministrativeExpenses": -167000000,
        "otherExpenses": 2338000000,
        "operatingExpenses": 2171000000,
        "costAndExpenses": 1551000000,
        "interestIncome": 38481000000,
        "interestExpense": 31299000000,
        "depreciationAndAmortization": 0,
        "ebitda": 36478000000,
        "ebitdaratio": 0.9251800751,
        "operatingIncome": -100564000000,
        "operatingIncomeRatio": -2.5505731967,
        "totalOtherIncomeExpensesNet": 105743000000,
        "incomeBeforeTax": 5179000000,
        "incomeBeforeTaxRatio": 0.1313533529,
        "incomeTaxExpense": 1049000000,
        "netIncome": 4130000000,
        "netIncomeRatio": 0.1047478949,
        "eps": 0.0005,
        "epsdiluted": 0.0005,
        "weightedAverageShsOut": 5867000000,
        "weightedAverageShsOutDil": 5893000000,
        "link": "https://www.sec.gov/Archives/edgar/data/310522/000031052225000199/0000310522-25-000199-index.htm",
        "finalLink": "https://www.sec.gov/Archives/edgar/data/310522/000031052225000199/fnm-20241231.htm"
    },
    {
        "date": "2024-09-30",
        "symbol": "FNMA",
        "reportedCurrency": "USD",
        "cik": "0000310522",
        "fillingDate": "2024-10-31",
        "acceptedDate": "2024-10-31 07:23:59",
        "calendarYear": "2024",
        "period": "Q3",
        "revenue": 38012000000,
        "costOfRevenue": 30710000000,
        "grossProfit": 7432000000,
        "grossProfitRatio": 0.1955172051,
        "researchAndDevelopmentExpenses": 0,
        "generalAndAdministrativeExpenses": 722000000,
        "sellingAndMarketingExpenses": 0,
        "sellingGeneralAndAdministrativeExpenses": 722000000,
        "otherExpenses": 1657000000,
        "operatingExpenses": 2379000000,
        "costAndExpenses": 8267000000,
        "interestIncome": 38012000000,
        "interestExpense": 30737000000,
        "depreciationAndAmortization": 0,
        "ebitda": 35790000000,
        "ebitdaratio": 0.9415447753,
        "operatingIncome": 35790000000,
        "operatingIncomeRatio": 0.9415447753,
        "totalOtherIncomeExpensesNet": -30737000000,
        "incomeBeforeTax": 5053000000,
        "incomeBeforeTaxRatio": 0.1329317058,
        "incomeTaxExpense": 1009000000,
        "netIncome": 4044000000,
        "netIncomeRatio": 0.1063874566,
        "eps": 1.03,
        "epsdiluted": 1.03,
        "weightedAverageShsOut": 5867000000,
        "weightedAverageShsOutDil": 5867000000,
        "link": "https://www.sec.gov/Archives/edgar/data/310522/000031052224000632/0000310522-24-000632-index.htm",
        "finalLink": "https://www.sec.gov/Archives/edgar/data/310522/000031052224000632/fnm-20240930.htm"
    },
    {
        "date": "2024-06-30",
        "symbol": "FNMA",
        "reportedCurrency": "USD",
        "cik": "0000310522",
        "fillingDate": "2024-07-30",
        "acceptedDate": "2024-07-30 07:22:04",
        "calendarYear": "2024",
        "period": "Q2",
        "revenue": 37402000000,
        "costOfRevenue": 859000000,
        "grossProfit": 8021000000,
        "grossProfitRatio": 0.2144537725,
        "researchAndDevelopmentExpenses": 0,
        "generalAndAdministrativeExpenses": 721000000,
        "sellingAndMarketingExpenses": 0,
        "sellingGeneralAndAdministrativeExpenses": 721000000,
        "otherExpenses": 218000000,
        "operatingExpenses": 939000000,
        "costAndExpenses": 1791000000,
        "interestIncome": 37275000000,
        "interestExpense": 30007000000,
        "depreciationAndAmortization": 0,
        "ebitda": 35611000000,
        "ebitdaratio": 0.9521148602,
        "operatingIncome": 35611000000,
        "operatingIncomeRatio": 0.9521148602,
        "totalOtherIncomeExpensesNet": -1481000000,
        "incomeBeforeTax": 5604000000,
        "incomeBeforeTaxRatio": 0.1498315598,
        "incomeTaxExpense": 1120000000,
        "netIncome": 4484000000,
        "netIncomeRatio": 0.1198866371,
        "eps": 0.0012,
        "epsdiluted": 0.0012,
        "weightedAverageShsOut": 5867000000,
        "weightedAverageShsOutDil": 5893000000,
        "link": "https://www.sec.gov/Archives/edgar/data/310522/000031052224000442/0000310522-24-000442-index.htm",
        "finalLink": "https://www.sec.gov/Archives/edgar/data/310522/000031052224000442/fnm-20240630.htm"
    },
    {
        "date": "2024-03-31",
        "symbol": "FNMA",
        "reportedCurrency": "USD",
        "cik": "0000310522",
        "fillingDate": "2024-04-30",
        "acceptedDate": "2024-04-30 07:19:19",
        "calendarYear": "2024",
        "period": "Q1",
        "revenue": 36631000000,
        "costOfRevenue": 860000000,
        "grossProfit": 7777000000,
        "grossProfitRatio": 0.2123065163,
        "researchAndDevelopmentExpenses": 0,
        "generalAndAdministrativeExpenses": 728000000,
        "sellingAndMarketingExpenses": 0,
        "sellingGeneralAndAdministrativeExpenses": 728000000,
        "otherExpenses": 1091000000,
        "operatingExpenses": 1819000000,
        "costAndExpenses": 1423000000,
        "interestIncome": 36798000000,
        "interestExpense": 29775000000,
        "depreciationAndAmortization": -5797000000,
        "ebitda": 5433000000,
        "ebitdaratio": 0.1483169993,
        "operatingIncome": 5433000000,
        "operatingIncomeRatio": 0.1483169993,
        "totalOtherIncomeExpensesNet": -1423000000,
        "incomeBeforeTax": 5433000000,
        "incomeBeforeTaxRatio": 0.1483169993,
        "incomeTaxExpense": 1113000000,
        "netIncome": 4320000000,
        "netIncomeRatio": 0.1179328984,
        "eps": -0.0007,
        "epsdiluted": -0.0007,
        "weightedAverageShsOut": 5867000000,
        "weightedAverageShsOutDil": 5867000000,
        "link": "https://www.sec.gov/Archives/edgar/data/310522/000031052224000239/0000310522-24-000239-index.htm",
        "finalLink": "https://www.sec.gov/Archives/edgar/data/310522/000031052224000239/fnm-20240331.htm"
    },
    {
        "date": "2023-12-31",
        "symbol": "FNMA",
        "reportedCurrency": "USD",
        "cik": "0000310522",
        "fillingDate": "2024-02-15",
        "acceptedDate": "2024-02-15 07:22:56",
        "calendarYear": "2023",
        "period": "Q4",
        "revenue": 37737000000,
        "costOfRevenue": 860000000,
        "grossProfit": 36877000000,
        "grossProfitRatio": 0.9772106951,
        "researchAndDevelopmentExpenses": 0,
        "generalAndAdministrativeExpenses": 712000000,
        "sellingAndMarketingExpenses": 0,
        "sellingGeneralAndAdministrativeExpenses": 712000000,
        "otherExpenses": 3849000000,
        "operatingExpenses": 4561000000,
        "costAndExpenses": 4561000000,
        "interestIncome": 36389000000,
        "interestExpense": 28657000000,
        "depreciationAndAmortization": -5344000000,
        "ebitda": 0,
        "ebitdaratio": 0,
        "operatingIncome": 4956000000,
        "operatingIncomeRatio": 0.1313299944,
        "totalOtherIncomeExpensesNet": 5816000000,
        "incomeBeforeTax": 4956000000,
        "incomeBeforeTaxRatio": 0.1313299944,
        "incomeTaxExpense": 1013000000,
        "netIncome": 3943000000,
        "netIncomeRatio": 0.1044863132,
        "eps": 0.67,
        "epsdiluted": 0.67,
        "weightedAverageShsOut": 5867000000,
        "weightedAverageShsOutDil": 5893000000,
        "link": "https://www.sec.gov/Archives/edgar/data/310522/000031052224000184/0000310522-24-000184-index.htm",
        "finalLink": "https://www.sec.gov/Archives/edgar/data/310522/000031052224000184/fnm-20231231.htm"
    },
    {
        "date": "2023-09-30",
        "symbol": "FNMA",
        "reportedCurrency": "USD",
        "cik": "0000310522",
        "fillingDate": "2023-10-31",
        "acceptedDate": "2023-10-31 07:21:14",
        "calendarYear": "2023",
        "period": "Q3",
        "revenue": 35181000000,
        "costOfRevenue": 860000000,
        "grossProfit": 34321000000,
        "grossProfitRatio": 0.9755549871,
        "researchAndDevelopmentExpenses": 0,
        "generalAndAdministrativeExpenses": 686000000,
        "sellingAndMarketingExpenses": 0,
        "sellingGeneralAndAdministrativeExpenses": 686000000,
        "otherExpenses": 211000000,
        "operatingExpenses": 897000000,
        "costAndExpenses": 897000000,
        "interestIncome": 35415000000,
        "interestExpense": 28195000000,
        "depreciationAndAmortization": -6471000000,
        "ebitda": 5941000000,
        "ebitdaratio": 0.1688695603,
        "operatingIncome": 5941000000,
        "operatingIncomeRatio": 0.1688695603,
        "totalOtherIncomeExpensesNet": -1925000000,
        "incomeBeforeTax": 5941000000,
        "incomeBeforeTaxRatio": 0.1688695603,
        "incomeTaxExpense": 1242000000,
        "netIncome": 4699000000,
        "netIncomeRatio": 0.1335664137,
        "eps": 0.0031,
        "epsdiluted": 0.0031,
        "weightedAverageShsOut": 5867000000,
        "weightedAverageShsOutDil": 5893000000,
        "link": "https://www.sec.gov/Archives/edgar/data/310522/000031052223000589/0000310522-23-000589-index.htm",
        "finalLink": "https://www.sec.gov/Archives/edgar/data/310522/000031052223000589/fnm-20230930.htm"
    },
    {
        "date": "2023-06-30",
        "symbol": "FNMA",
        "reportedCurrency": "USD",
        "cik": "0000310522",
        "fillingDate": "2023-08-01",
        "acceptedDate": "2023-08-01 07:21:41",
        "calendarYear": "2023",
        "period": "Q2",
        "revenue": 33712000000,
        "costOfRevenue": 856000000,
        "grossProfit": 32856000000,
        "grossProfitRatio": 0.974608448,
        "researchAndDevelopmentExpenses": 0,
        "generalAndAdministrativeExpenses": 672000000,
        "sellingAndMarketingExpenses": 0,
        "sellingGeneralAndAdministrativeExpenses": 672000000,
        "otherExpenses": 192000000,
        "operatingExpenses": 864000000,
        "costAndExpenses": 864000000,
        "interestIncome": 34340000000,
        "interestExpense": 27305000000,
        "depreciationAndAmortization": -6821000000,
        "ebitda": 0,
        "ebitdaratio": 0,
        "operatingIncome": 6279000000,
        "operatingIncomeRatio": 0.1862541528,
        "totalOtherIncomeExpensesNet": -1655000000,
        "incomeBeforeTax": 6279000000,
        "incomeBeforeTaxRatio": 0.1862541528,
        "incomeTaxExpense": 1285000000,
        "netIncome": 4994000000,
        "netIncomeRatio": 0.1481371618,
        "eps": -0.0002,
        "epsdiluted": -0.0002,
        "weightedAverageShsOut": 5867000000,
        "weightedAverageShsOutDil": 5867000000,
        "link": "https://www.sec.gov/Archives/edgar/data/310522/000031052223000396/0000310522-23-000396-index.htm",
        "finalLink": "https://www.sec.gov/Archives/edgar/data/310522/000031052223000396/fnm-20230630.htm"
    },
    {
        "date": "2023-03-31",
        "symbol": "FNMA",
        "reportedCurrency": "USD",
        "cik": "0000310522",
        "fillingDate": "2023-05-02",
        "acceptedDate": "2023-05-02 07:23:00",
        "calendarYear": "2023",
        "period": "Q1",
        "revenue": 34312000000,
        "costOfRevenue": 855000000,
        "grossProfit": 33457000000,
        "grossProfitRatio": 0.9750816041,
        "researchAndDevelopmentExpenses": 0,
        "generalAndAdministrativeExpenses": 684000000,
        "sellingAndMarketingExpenses": 0,
        "sellingGeneralAndAdministrativeExpenses": 684000000,
        "otherExpenses": 184000000,
        "operatingExpenses": 868000000,
        "costAndExpenses": 6986000000,
        "interestIncome": 33570000000,
        "interestExpense": 26784000000,
        "depreciationAndAmortization": -4993000000,
        "ebitda": 31564000000,
        "ebitdaratio": 0.9199114013,
        "operatingIncome": 31564000000,
        "operatingIncomeRatio": 0.9199114013,
        "totalOtherIncomeExpensesNet": -1198000000,
        "incomeBeforeTax": 4780000000,
        "incomeBeforeTaxRatio": 0.1393098624,
        "incomeTaxExpense": 1008000000,
        "netIncome": 3772000000,
        "netIncomeRatio": 0.1099323852,
        "eps": 0.64,
        "epsdiluted": 0.64,
        "weightedAverageShsOut": 5867000000,
        "weightedAverageShsOutDil": 5867000000,
        "link": "https://www.sec.gov/Archives/edgar/data/310522/000031052223000210/0000310522-23-000210-index.htm",
        "finalLink": "https://www.sec.gov/Archives/edgar/data/310522/000031052223000210/fnm-20230331.htm"
    },
    {
        "date": "2022-12-31",
        "symbol": "FNMA",
        "reportedCurrency": "USD",
        "cik": "0000310522",
        "fillingDate": "2023-02-14",
        "acceptedDate": "2023-02-14 07:24:41",
        "calendarYear": "2022",
        "period": "Q4",
        "revenue": 32971000000,
        "costOfRevenue": 854000000,
        "grossProfit": 32117000000,
        "grossProfitRatio": 0.9740984502,
        "researchAndDevelopmentExpenses": 0,
        "generalAndAdministrativeExpenses": 642000000,
        "sellingAndMarketingExpenses": 0,
        "sellingGeneralAndAdministrativeExpenses": 642000000,
        "otherExpenses": -4866000000,
        "operatingExpenses": -4224000000,
        "costAndExpenses": 7144000000,
        "interestIncome": 32652000000,
        "interestExpense": 25560000000,
        "depreciationAndAmortization": -1810000000,
        "ebitda": -5731000000,
        "ebitdaratio": -0.1738194171,
        "operatingIncome": -25231000000,
        "operatingIncomeRatio": -0.7652482485,
        "totalOtherIncomeExpensesNet": -594000000,
        "incomeBeforeTax": 1920000000,
        "incomeBeforeTaxRatio": 0.0582329926,
        "incomeTaxExpense": 494000000,
        "netIncome": 1426000000,
        "netIncomeRatio": 0.0432501289,
        "eps": -0.0095,
        "epsdiluted": -0.0095,
        "weightedAverageShsOut": 5867000000,
        "weightedAverageShsOutDil": 5893000000,
        "link": "https://www.sec.gov/Archives/edgar/data/310522/000031052223000184/0000310522-23-000184-index.htm",
        "finalLink": "https://www.sec.gov/Archives/edgar/data/310522/000031052223000184/fnm-20221231.htm"
    },
    {
        "date": "2022-09-30",
        "symbol": "FNMA",
        "reportedCurrency": "USD",
        "cik": "0000310522",
        "fillingDate": "2022-11-08",
        "acceptedDate": "2022-11-08 07:23:19",
        "calendarYear": "2022",
        "period": "Q3",
        "revenue": 29464000000,
        "costOfRevenue": 850000000,
        "grossProfit": 28614000000,
        "grossProfitRatio": 0.9711512354,
        "researchAndDevelopmentExpenses": 0,
        "generalAndAdministrativeExpenses": 641000000,
        "sellingAndMarketingExpenses": 0,
        "sellingGeneralAndAdministrativeExpenses": 641000000,
        "otherExpenses": 229000000,
        "operatingExpenses": 870000000,
        "costAndExpenses": 1948000000,
        "interestIncome": 30850000000,
        "interestExpense": 23726000000,
        "depreciationAndAmortization": -3001000000,
        "ebitda": 24158000000,
        "ebitdaratio": 0.8199158295,
        "operatingIncome": 26591000000,
        "operatingIncomeRatio": 0.9024911757,
        "totalOtherIncomeExpensesNet": -1140000000,
        "incomeBeforeTax": 2865000000,
        "incomeBeforeTaxRatio": 0.0972373065,
        "incomeTaxExpense": 429000000,
        "netIncome": 2436000000,
        "netIncomeRatio": 0.0826771654,
        "eps": 0.42,
        "epsdiluted": 0.41,
        "weightedAverageShsOut": 5867000000,
        "weightedAverageShsOutDil": 5893000000,
        "link": "https://www.sec.gov/Archives/edgar/data/310522/000031052222000578/0000310522-22-000578-index.htm",
        "finalLink": "https://www.sec.gov/Archives/edgar/data/310522/000031052222000578/fnm-20220930.htm"
    },
    {
        "date": "2022-06-30",
        "symbol": "FNMA",
        "reportedCurrency": "USD",
        "cik": "0000310522",
        "fillingDate": "2022-07-29",
        "acceptedDate": "2022-07-29 07:21:45",
        "calendarYear": "2022",
        "period": "Q2",
        "revenue": 28822000000,
        "costOfRevenue": 841000000,
        "grossProfit": 27981000000,
        "grossProfitRatio": 0.9708209007,
        "researchAndDevelopmentExpenses": 0,
        "generalAndAdministrativeExpenses": 597000000,
        "sellingAndMarketingExpenses": 0,
        "sellingGeneralAndAdministrativeExpenses": 597000000,
        "otherExpenses": 198000000,
        "operatingExpenses": 795000000,
        "costAndExpenses": 2276000000,
        "interestIncome": 29455000000,
        "interestExpense": 21647000000,
        "depreciationAndAmortization": -6290000000,
        "ebitda": 22873000000,
        "ebitdaratio": 0.7935951704,
        "operatingIncome": 27522000000,
        "operatingIncomeRatio": 0.9548955659,
        "totalOtherIncomeExpensesNet": -1517000000,
        "incomeBeforeTax": 5875000000,
        "incomeBeforeTaxRatio": 0.2038373465,
        "incomeTaxExpense": 1222000000,
        "netIncome": 4653000000,
        "netIncomeRatio": 0.1614391784,
        "eps": 0.79,
        "epsdiluted": 0.79,
        "weightedAverageShsOut": 5867000000,
        "weightedAverageShsOutDil": 5893000000,
        "link": "https://www.sec.gov/Archives/edgar/data/310522/000031052222000394/0000310522-22-000394-index.htm",
        "finalLink": "https://www.sec.gov/Archives/edgar/data/310522/000031052222000394/fnm-20220630.htm"
    },
    {
        "date": "2022-03-31",
        "symbol": "FNMA",
        "reportedCurrency": "USD",
        "cik": "0000310522",
        "fillingDate": "2022-05-03",
        "acceptedDate": "2022-05-03 07:24:28",
        "calendarYear": "2022",
        "period": "Q1",
        "revenue": 25551000000,
        "costOfRevenue": 824000000,
        "grossProfit": 24727000000,
        "grossProfitRatio": 0.967750773,
        "researchAndDevelopmentExpenses": 0,
        "generalAndAdministrativeExpenses": 599000000,
        "sellingAndMarketingExpenses": 0,
        "sellingGeneralAndAdministrativeExpenses": 599000000,
        "otherExpenses": 209000000,
        "operatingExpenses": 808000000,
        "costAndExpenses": 7860000000,
        "interestIncome": 27340000000,
        "interestExpense": 19941000000,
        "depreciationAndAmortization": -5815000000,
        "ebitda": 21113000000,
        "ebitdaratio": 0.826308168,
        "operatingIncome": 25514000000,
        "operatingIncomeRatio": 0.9985519158,
        "totalOtherIncomeExpensesNet": -1263000000,
        "incomeBeforeTax": 5573000000,
        "incomeBeforeTaxRatio": 0.218112794,
        "incomeTaxExpense": 1165000000,
        "netIncome": 4408000000,
        "netIncomeRatio": 0.1725177097,
        "eps": 0.75,
        "epsdiluted": 0.75,
        "weightedAverageShsOut": 5867000000,
        "weightedAverageShsOutDil": 5893000000,
        "link": "https://www.sec.gov/Archives/edgar/data/310522/000031052222000201/0000310522-22-000201-index.htm",
        "finalLink": "https://www.sec.gov/Archives/edgar/data/310522/000031052222000201/fnm-20220331.htm"
    },
    {
        "date": "2021-12-31",
        "symbol": "FNMA",
        "reportedCurrency": "USD",
        "cik": "0000310522",
        "fillingDate": "2022-02-15",
        "acceptedDate": "2022-02-15 07:26:51",
        "calendarYear": "2021",
        "period": "Q4",
        "revenue": 7899000000,
        "costOfRevenue": 801000000,
        "grossProfit": 7098000000,
        "grossProfitRatio": 0.8985947588,
        "researchAndDevelopmentExpenses": 0,
        "generalAndAdministrativeExpenses": 591000000,
        "sellingAndMarketingExpenses": 0,
        "sellingGeneralAndAdministrativeExpenses": 591000000,
        "otherExpenses": 235000000,
        "operatingExpenses": 826000000,
        "costAndExpenses": -1657000000,
        "interestIncome": 26025000000,
        "interestExpense": 18438000000,
        "depreciationAndAmortization": -6832000000,
        "ebitda": 24930000000,
        "ebitdaratio": 3.1560957083,
        "operatingIncome": 24930000000,
        "operatingIncomeRatio": 3.1560957083,
        "totalOtherIncomeExpensesNet": -1424000000,
        "incomeBeforeTax": 6492000000,
        "incomeBeforeTaxRatio": 0.8218761869,
        "incomeTaxExpense": 1303000000,
        "netIncome": 5189000000,
        "netIncomeRatio": 0.6569185973,
        "eps": 0.88,
        "epsdiluted": 0.88,
        "weightedAverageShsOut": 5867000000,
        "weightedAverageShsOutDil": 5893000000,
        "link": "https://www.sec.gov/Archives/edgar/data/310522/000031052222000174/0000310522-22-000174-index.htm",
        "finalLink": "https://www.sec.gov/Archives/edgar/data/310522/000031052222000174/fnm-20211231.htm"
    },
    {
        "date": "2021-09-30",
        "symbol": "FNMA",
        "reportedCurrency": "USD",
        "cik": "0000310522",
        "fillingDate": "2021-10-29",
        "acceptedDate": "2021-10-29 07:22:02",
        "calendarYear": "2021",
        "period": "Q3",
        "revenue": 7309000000,
        "costOfRevenue": 781000000,
        "grossProfit": 6528000000,
        "grossProfitRatio": 0.8931454371,
        "researchAndDevelopmentExpenses": 0,
        "generalAndAdministrativeExpenses": 561000000,
        "sellingAndMarketingExpenses": 0,
        "sellingGeneralAndAdministrativeExpenses": 561000000,
        "otherExpenses": 184000000,
        "operatingExpenses": 745000000,
        "costAndExpenses": 7309000000,
        "interestIncome": 24981000000,
        "interestExpense": 18009000000,
        "depreciationAndAmortization": -6402000000,
        "ebitda": 24117000000,
        "ebitdaratio": 3.2996305924,
        "operatingIncome": 24117000000,
        "operatingIncomeRatio": 3.2996305924,
        "totalOtherIncomeExpensesNet": -1412000000,
        "incomeBeforeTax": 6108000000,
        "incomeBeforeTaxRatio": 0.8356820358,
        "incomeTaxExpense": 1266000000,
        "netIncome": 4842000000,
        "netIncomeRatio": 0.6624709263,
        "eps": 0.83,
        "epsdiluted": 0.82,
        "weightedAverageShsOut": 5867000000,
        "weightedAverageShsOutDil": 5893000000,
        "link": "https://www.sec.gov/Archives/edgar/data/310522/000031052221000557/0000310522-21-000557-index.htm",
        "finalLink": "https://www.sec.gov/Archives/edgar/data/310522/000031052221000557/fnm-20210930.htm"
    },
    {
        "date": "2021-06-30",
        "symbol": "FNMA",
        "reportedCurrency": "USD",
        "cik": "0000310522",
        "fillingDate": "2021-08-03",
        "acceptedDate": "2021-08-03 07:24:14",
        "calendarYear": "2021",
        "period": "Q2",
        "revenue": 8589000000,
        "costOfRevenue": 758000000,
        "grossProfit": 7831000000,
        "grossProfitRatio": 0.9117475841,
        "researchAndDevelopmentExpenses": 0,
        "generalAndAdministrativeExpenses": 562000000,
        "sellingAndMarketingExpenses": 0,
        "sellingGeneralAndAdministrativeExpenses": 562000000,
        "otherExpenses": 184000000,
        "operatingExpenses": 746000000,
        "costAndExpenses": 8589000000,
        "interestIncome": 25107000000,
        "interestExpense": 16821000000,
        "depreciationAndAmortization": -9348000000,
        "ebitda": 25855000000,
        "ebitdaratio": 3.0102456631,
        "operatingIncome": 25855000000,
        "operatingIncomeRatio": 3.0102456631,
        "totalOtherIncomeExpensesNet": -1393000000,
        "incomeBeforeTax": 9034000000,
        "incomeBeforeTaxRatio": 1.0518104552,
        "incomeTaxExpense": 1882000000,
        "netIncome": 7152000000,
        "netIncomeRatio": 0.8326929794,
        "eps": 0.01,
        "epsdiluted": 0.01,
        "weightedAverageShsOut": 5867000000,
        "weightedAverageShsOutDil": 5893000000,
        "link": "https://www.sec.gov/Archives/edgar/data/310522/000031052221000387/0000310522-21-000387-index.htm",
        "finalLink": "https://www.sec.gov/Archives/edgar/data/310522/000031052221000387/fnm-20210630.htm"
    },
    {
        "date": "2021-03-31",
        "symbol": "FNMA",
        "reportedCurrency": "USD",
        "cik": "0000310522",
        "fillingDate": "2021-04-30",
        "acceptedDate": "2021-04-30 07:21:32",
        "calendarYear": "2021",
        "period": "Q1",
        "revenue": 7658000000,
        "costOfRevenue": 0,
        "grossProfit": 6927000000,
        "grossProfitRatio": 0.9045442674,
        "researchAndDevelopmentExpenses": 0,
        "generalAndAdministrativeExpenses": 534000000,
        "sellingAndMarketingExpenses": 0,
        "sellingGeneralAndAdministrativeExpenses": 534000000,
        "otherExpenses": 214000000,
        "operatingExpenses": 748000000,
        "costAndExpenses": 7658000000,
        "interestIncome": 23562000000,
        "interestExpense": 16820000000,
        "depreciationAndAmortization": -6638000000,
        "ebitda": 23135000000,
        "ebitdaratio": 3.021023766,
        "operatingIncome": 23135000000,
        "operatingIncomeRatio": 3.021023766,
        "totalOtherIncomeExpensesNet": -1368000000,
        "incomeBeforeTax": 6315000000,
        "incomeBeforeTaxRatio": 0.8246278402,
        "incomeTaxExpense": 1322000000,
        "netIncome": 4993000000,
        "netIncomeRatio": 0.6519979107,
        "eps": 0.0046,
        "epsdiluted": 0.0046,
        "weightedAverageShsOut": 5867000000,
        "weightedAverageShsOutDil": 5893000000,
        "link": "https://www.sec.gov/Archives/edgar/data/310522/000031052221000192/0000310522-21-000192-index.htm",
        "finalLink": "https://www.sec.gov/Archives/edgar/data/310522/000031052221000192/fnm-20210331.htm"
    },
    {
        "date": "2020-12-31",
        "symbol": "FNMA",
        "reportedCurrency": "USD",
        "cik": "0000310522",
        "fillingDate": "2021-02-12",
        "acceptedDate": "2021-02-12 07:17:34",
        "calendarYear": "2020",
        "period": "Q4",
        "revenue": 6628000000,
        "costOfRevenue": 0,
        "grossProfit": 24346000000,
        "grossProfitRatio": 3.6732045866,
        "researchAndDevelopmentExpenses": 0,
        "generalAndAdministrativeExpenses": 555000000,
        "sellingAndMarketingExpenses": 0,
        "sellingGeneralAndAdministrativeExpenses": 555000000,
        "otherExpenses": 248000000,
        "operatingExpenses": 803000000,
        "costAndExpenses": -1592000000,
        "interestIncome": 24799000000,
        "interestExpense": 17713000000,
        "depreciationAndAmortization": -6155000000,
        "ebitda": 23422000000,
        "ebitdaratio": 3.5337960169,
        "operatingIncome": 23422000000,
        "operatingIncomeRatio": 3.5337960169,
        "totalOtherIncomeExpensesNet": -1498000000,
        "incomeBeforeTax": 5709000000,
        "incomeBeforeTaxRatio": 0.8613458057,
        "incomeTaxExpense": 1139000000,
        "netIncome": 4570000000,
        "netIncomeRatio": 0.6894990947,
        "eps": 0.78,
        "epsdiluted": 0.78,
        "weightedAverageShsOut": 5867000000,
        "weightedAverageShsOutDil": 5867000000,
        "link": "https://www.sec.gov/Archives/edgar/data/310522/000031052221000156/0000310522-21-000156-index.htm",
        "finalLink": "https://www.sec.gov/Archives/edgar/data/310522/000031052221000156/fnm-20201231.htm"
    },
    {
        "date": "2020-09-30",
        "symbol": "FNMA",
        "reportedCurrency": "USD",
        "cik": "0000310522",
        "fillingDate": "2020-10-29",
        "acceptedDate": "2020-10-29 07:21:14",
        "calendarYear": "2020",
        "period": "Q3",
        "revenue": 7075000000,
        "costOfRevenue": 0,
        "grossProfit": 26029000000,
        "grossProfitRatio": 3.6790106007,
        "researchAndDevelopmentExpenses": 0,
        "generalAndAdministrativeExpenses": 532000000,
        "sellingAndMarketingExpenses": 0,
        "sellingGeneralAndAdministrativeExpenses": 532000000,
        "otherExpenses": 230000000,
        "operatingExpenses": 762000000,
        "costAndExpenses": 17700000000,
        "interestIncome": 26053000000,
        "interestExpense": 19397000000,
        "depreciationAndAmortization": -5728000000,
        "ebitda": 24775000000,
        "ebitdaratio": 3.5017667845,
        "operatingIncome": 24775000000,
        "operatingIncomeRatio": 3.5017667845,
        "totalOtherIncomeExpensesNet": -1413000000,
        "incomeBeforeTax": 5378000000,
        "incomeBeforeTaxRatio": 0.7601413428,
        "incomeTaxExpense": 1149000000,
        "netIncome": 4229000000,
        "netIncomeRatio": 0.5977385159,
        "eps": 0.0022,
        "epsdiluted": 0.0022,
        "weightedAverageShsOut": 5867000000,
        "weightedAverageShsOutDil": 5893000000,
        "link": "https://www.sec.gov/Archives/edgar/data/310522/000031052220000418/0000310522-20-000418-index.htm",
        "finalLink": "https://www.sec.gov/Archives/edgar/data/310522/000031052220000418/fnm-20200930.htm"
    },
    {
        "date": "2020-06-30",
        "symbol": "FNMA",
        "reportedCurrency": "USD",
        "cik": "0000310522",
        "fillingDate": "2020-07-30",
        "acceptedDate": "2020-07-30 07:21:33",
        "calendarYear": "2020",
        "period": "Q2",
        "revenue": 4998000000,
        "costOfRevenue": 0,
        "grossProfit": 4998000000,
        "grossProfitRatio": 1,
        "researchAndDevelopmentExpenses": 0,
        "generalAndAdministrativeExpenses": 523000000,
        "sellingAndMarketingExpenses": 0,
        "sellingGeneralAndAdministrativeExpenses": 523000000,
        "otherExpenses": 231000000,
        "operatingExpenses": 754000000,
        "costAndExpenses": 19730000000,
        "interestIncome": 27291000000,
        "interestExpense": 21514000000,
        "depreciationAndAmortization": -3297000000,
        "ebitda": 24728000000,
        "ebitdaratio": 4.9475790316,
        "operatingIncome": 24728000000,
        "operatingIncomeRatio": 4.9475790316,
        "totalOtherIncomeExpensesNet": -1014000000,
        "incomeBeforeTax": 3214000000,
        "incomeBeforeTaxRatio": 0.6430572229,
        "incomeTaxExpense": 669000000,
        "netIncome": 2545000000,
        "netIncomeRatio": 0.5092036815,
        "eps": 0.0022,
        "epsdiluted": 0.0022,
        "weightedAverageShsOut": 5867000000,
        "weightedAverageShsOutDil": 5893000000,
        "link": "https://www.sec.gov/Archives/edgar/data/310522/000031052220000278/0000310522-20-000278-index.htm",
        "finalLink": "https://www.sec.gov/Archives/edgar/data/310522/000031052220000278/fnm-20200630.htm"
    },
    {
        "date": "2020-03-31",
        "symbol": "FNMA",
        "reportedCurrency": "USD",
        "cik": "0000310522",
        "fillingDate": "2020-05-01",
        "acceptedDate": "2020-05-01 07:03:45",
        "calendarYear": "2020",
        "period": "Q1",
        "revenue": 30035000000,
        "costOfRevenue": 0,
        "grossProfit": 29398000000,
        "grossProfitRatio": 0.97879141,
        "researchAndDevelopmentExpenses": 0,
        "generalAndAdministrativeExpenses": 537000000,
        "sellingAndMarketingExpenses": 0,
        "sellingGeneralAndAdministrativeExpenses": 537000000,
        "otherExpenses": 212000000,
        "operatingExpenses": 749000000,
        "costAndExpenses": 5033000000,
        "interestIncome": 29426000000,
        "interestExpense": 24079000000,
        "depreciationAndAmortization": -804000000,
        "ebitda": 24657000000,
        "ebitdaratio": 0.8209422341,
        "operatingIncome": 1739000000,
        "operatingIncomeRatio": 0.0578991177,
        "totalOtherIncomeExpensesNet": -1161000000,
        "incomeBeforeTax": 578000000,
        "incomeBeforeTaxRatio": 0.0192442151,
        "incomeTaxExpense": 117000000,
        "netIncome": 461000000,
        "netIncomeRatio": 0.0153487598,
        "eps": -0.0026,
        "epsdiluted": -0.0026,
        "weightedAverageShsOut": 5867000000,
        "weightedAverageShsOutDil": 5867000000,
        "link": "https://www.sec.gov/Archives/edgar/data/310522/000031052220000138/0000310522-20-000138-index.htm",
        "finalLink": "https://www.sec.gov/Archives/edgar/data/310522/000031052220000138/fnm-20200331.htm"
    },
    {
        "date": "2019-12-31",
        "symbol": "FNMA",
        "reportedCurrency": "USD",
        "cik": "0000310522",
        "fillingDate": "2020-02-13",
        "acceptedDate": "2020-02-13 07:29:27",
        "calendarYear": "2019",
        "period": "Q4",
        "revenue": 7158000000,
        "costOfRevenue": 0,
        "grossProfit": 29884000000,
        "grossProfitRatio": 4.1749091925,
        "researchAndDevelopmentExpenses": 0,
        "generalAndAdministrativeExpenses": 518000000,
        "sellingAndMarketingExpenses": 0,
        "sellingGeneralAndAdministrativeExpenses": 518000000,
        "otherExpenses": 268000000,
        "operatingExpenses": 786000000,
        "costAndExpenses": -25280000000,
        "interestIncome": 29334000000,
        "interestExpense": 23484000000,
        "depreciationAndAmortization": -5549000000,
        "ebitda": 23165000000,
        "ebitdaratio": 3.236239173,
        "operatingIncome": 28714000000,
        "operatingIncomeRatio": 4.0114557139,
        "totalOtherIncomeExpensesNet": -1290000000,
        "incomeBeforeTax": 5230000000,
        "incomeBeforeTaxRatio": 0.7306510198,
        "incomeTaxExpense": 865000000,
        "netIncome": 4365000000,
        "netIncomeRatio": 0.6098072087,
        "eps": 0.76,
        "epsdiluted": 0.74,
        "weightedAverageShsOut": 5762000000,
        "weightedAverageShsOutDil": 5867000000,
        "link": "https://www.sec.gov/Archives/edgar/data/310522/000031052220000121/0000310522-20-000121-index.htm",
        "finalLink": "https://www.sec.gov/Archives/edgar/data/310522/000031052220000121/fnma201910kv1.htm"
    },
    {
        "date": "2019-09-30",
        "symbol": "FNMA",
        "reportedCurrency": "USD",
        "cik": "0000310522",
        "fillingDate": "2019-10-31",
        "acceptedDate": "2019-10-31 07:25:02",
        "calendarYear": "2019",
        "period": "Q3",
        "revenue": 30291000000,
        "costOfRevenue": 0,
        "grossProfit": 29678000000,
        "grossProfitRatio": 0.9797629659,
        "researchAndDevelopmentExpenses": 0,
        "generalAndAdministrativeExpenses": 508000000,
        "sellingAndMarketingExpenses": 0,
        "sellingGeneralAndAdministrativeExpenses": 508000000,
        "otherExpenses": 241000000,
        "operatingExpenses": 749000000,
        "costAndExpenses": -25292000000,
        "interestIncome": 29541000000,
        "interestExpense": 24312000000,
        "depreciationAndAmortization": -5300000000,
        "ebitda": 29311000000,
        "ebitdaratio": 0.9676471559,
        "operatingIncome": 29311000000,
        "operatingIncomeRatio": 0.9676471559,
        "totalOtherIncomeExpensesNet": -1196000000,
        "incomeBeforeTax": 4999000000,
        "incomeBeforeTaxRatio": 0.1650325179,
        "incomeTaxExpense": 1036000000,
        "netIncome": 3963000000,
        "netIncomeRatio": 0.1308309399,
        "eps": 0.69,
        "epsdiluted": 0.69,
        "weightedAverageShsOut": 5762000000,
        "weightedAverageShsOutDil": 5762000000,
        "link": "https://www.sec.gov/Archives/edgar/data/310522/000031052219000385/0000310522-19-000385-index.htm",
        "finalLink": "https://www.sec.gov/Archives/edgar/data/310522/000031052219000385/fanniemaeq30930201910q.htm"
    },
    {
        "date": "2019-06-30",
        "symbol": "FNMA",
        "reportedCurrency": "USD",
        "cik": "0000310522",
        "fillingDate": "2019-08-01",
        "acceptedDate": "2019-08-01 07:29:21",
        "calendarYear": "2019",
        "period": "Q2",
        "revenue": 31044000000,
        "costOfRevenue": 0,
        "grossProfit": 30444000000,
        "grossProfitRatio": 0.9806725937,
        "researchAndDevelopmentExpenses": 0,
        "generalAndAdministrativeExpenses": 511000000,
        "sellingAndMarketingExpenses": 0,
        "sellingGeneralAndAdministrativeExpenses": 511000000,
        "otherExpenses": 233000000,
        "operatingExpenses": 744000000,
        "costAndExpenses": -26723000000,
        "interestIncome": 30154000000,
        "interestExpense": 25004000000,
        "depreciationAndAmortization": -4614000000,
        "ebitda": 29325000000,
        "ebitdaratio": 0.9446269811,
        "operatingIncome": 29325000000,
        "operatingIncomeRatio": 0.9446269811,
        "totalOtherIncomeExpensesNet": -1224000000,
        "incomeBeforeTax": 4321000000,
        "incomeBeforeTaxRatio": 0.1391895374,
        "incomeTaxExpense": 889000000,
        "netIncome": 3432000000,
        "netIncomeRatio": 0.1105527638,
        "eps": 0.6,
        "epsdiluted": 0.58,
        "weightedAverageShsOut": 5762000000,
        "weightedAverageShsOutDil": 5893000000,
        "link": "https://www.sec.gov/Archives/edgar/data/310522/000031052219000254/0000310522-19-000254-index.htm",
        "finalLink": "https://www.sec.gov/Archives/edgar/data/310522/000031052219000254/fanniemaeq20630201910q.htm"
    },
    {
        "date": "2019-03-31",
        "symbol": "FNMA",
        "reportedCurrency": "USD",
        "cik": "0000310522",
        "fillingDate": "2019-05-01",
        "acceptedDate": "2019-05-01 07:29:32",
        "calendarYear": "2019",
        "period": "Q1",
        "revenue": 30996000000,
        "costOfRevenue": 0,
        "grossProfit": 30403000000,
        "grossProfitRatio": 0.9808684992,
        "researchAndDevelopmentExpenses": 0,
        "generalAndAdministrativeExpenses": 519000000,
        "sellingAndMarketingExpenses": 0,
        "sellingGeneralAndAdministrativeExpenses": 519000000,
        "otherExpenses": 225000000,
        "operatingExpenses": 744000000,
        "costAndExpenses": -27968000000,
        "interestIncome": 30543000000,
        "interestExpense": 25810000000,
        "depreciationAndAmortization": -3179000000,
        "ebitda": 28837000000,
        "ebitdaratio": 0.9303458511,
        "operatingIncome": 28837000000,
        "operatingIncomeRatio": 0.9303458511,
        "totalOtherIncomeExpensesNet": -1092000000,
        "incomeBeforeTax": 3027000000,
        "incomeBeforeTaxRatio": 0.0976577623,
        "incomeTaxExpense": 627000000,
        "netIncome": 2400000000,
        "netIncomeRatio": 0.0774293457,
        "eps": 0.01,
        "epsdiluted": 0.01,
        "weightedAverageShsOut": 5762000000,
        "weightedAverageShsOutDil": 5893000000,
        "link": "https://www.sec.gov/Archives/edgar/data/310522/000031052219000136/0000310522-19-000136-index.htm",
        "finalLink": "https://www.sec.gov/Archives/edgar/data/310522/000031052219000136/fanniemaeq10331201910q.htm"
    },
    {
        "date": "2018-12-31",
        "symbol": "FNMA",
        "reportedCurrency": "USD",
        "cik": "0000310522",
        "fillingDate": "2019-02-14",
        "acceptedDate": "2019-02-14 07:29:40",
        "calendarYear": "2018",
        "period": "Q4",
        "revenue": 4824000000,
        "costOfRevenue": 0,
        "grossProfit": 30203000000,
        "grossProfitRatio": 6.260986733,
        "researchAndDevelopmentExpenses": 0,
        "generalAndAdministrativeExpenses": 526000000,
        "sellingAndMarketingExpenses": 0,
        "sellingGeneralAndAdministrativeExpenses": 526000000,
        "otherExpenses": 288000000,
        "operatingExpenses": 814000000,
        "costAndExpenses": -26731000000,
        "interestIncome": 30334000000,
        "interestExpense": 25361000000,
        "depreciationAndAmortization": -4074000000,
        "ebitda": 29419000000,
        "ebitdaratio": 6.0984660033,
        "operatingIncome": 29419000000,
        "operatingIncomeRatio": 6.0984660033,
        "totalOtherIncomeExpensesNet": -1066000000,
        "incomeBeforeTax": 4058000000,
        "incomeBeforeTaxRatio": 0.8412106136,
        "incomeTaxExpense": 828000000,
        "netIncome": 3230000000,
        "netIncomeRatio": 0.6695688226,
        "eps": 0.56,
        "epsdiluted": 0.56,
        "weightedAverageShsOut": 5762000000,
        "weightedAverageShsOutDil": 5893000000,
        "link": "https://www.sec.gov/Archives/edgar/data/310522/000031052219000116/0000310522-19-000116-index.htm",
        "finalLink": "https://www.sec.gov/Archives/edgar/data/310522/000031052219000116/fanniemae201810k.htm"
    },
    {
        "date": "2018-09-30",
        "symbol": "FNMA",
        "reportedCurrency": "USD",
        "cik": "0000310522",
        "fillingDate": "2018-11-02",
        "acceptedDate": "2018-11-02 07:31:54",
        "calendarYear": "2018",
        "period": "Q3",
        "revenue": 6192000000,
        "costOfRevenue": 0,
        "grossProfit": 29165000000,
        "grossProfitRatio": 4.7101098191,
        "researchAndDevelopmentExpenses": 0,
        "generalAndAdministrativeExpenses": 493000000,
        "sellingAndMarketingExpenses": 0,
        "sellingGeneralAndAdministrativeExpenses": 493000000,
        "otherExpenses": 247000000,
        "operatingExpenses": 740000000,
        "costAndExpenses": -24685000000,
        "interestIncome": 29344000000,
        "interestExpense": 23975000000,
        "depreciationAndAmortization": -5066000000,
        "ebitda": 29031000000,
        "ebitdaratio": 4.6884689922,
        "operatingIncome": 29031000000,
        "operatingIncomeRatio": 4.6884689922,
        "totalOtherIncomeExpensesNet": -1122000000,
        "incomeBeforeTax": 5056000000,
        "incomeBeforeTaxRatio": 0.8165374677,
        "incomeTaxExpense": 1045000000,
        "netIncome": 4011000000,
        "netIncomeRatio": 0.6477713178,
        "eps": 0.01,
        "epsdiluted": 0.01,
        "weightedAverageShsOut": 5762000000,
        "weightedAverageShsOutDil": 5893000000,
        "link": "https://www.sec.gov/Archives/edgar/data/310522/000031052218000363/0000310522-18-000363-index.htm",
        "finalLink": "https://www.sec.gov/Archives/edgar/data/310522/000031052218000363/fanniemaeq30930201810q.htm"
    },
    {
        "date": "2018-06-30",
        "symbol": "FNMA",
        "reportedCurrency": "USD",
        "cik": "0000310522",
        "fillingDate": "2018-08-02",
        "acceptedDate": "2018-08-02 07:29:32",
        "calendarYear": "2018",
        "period": "Q2",
        "revenue": 6122000000,
        "costOfRevenue": 0,
        "grossProfit": 28829000000,
        "grossProfitRatio": 4.7090819993,
        "researchAndDevelopmentExpenses": 0,
        "generalAndAdministrativeExpenses": 501000000,
        "sellingAndMarketingExpenses": 0,
        "sellingGeneralAndAdministrativeExpenses": 501000000,
        "otherExpenses": 254000000,
        "operatingExpenses": 755000000,
        "costAndExpenses": -23801000000,
        "interestIncome": 28857000000,
        "interestExpense": 23480000000,
        "depreciationAndAmortization": -5634000000,
        "ebitda": 29073000000,
        "ebitdaratio": 4.7489382555,
        "operatingIncome": 29073000000,
        "operatingIncomeRatio": 4.7489382555,
        "totalOtherIncomeExpensesNet": -1111000000,
        "incomeBeforeTax": 5593000000,
        "incomeBeforeTaxRatio": 0.91359033,
        "incomeTaxExpense": 1136000000,
        "netIncome": 4457000000,
        "netIncomeRatio": 0.7280300555,
        "eps": -0.0003,
        "epsdiluted": -0.0003,
        "weightedAverageShsOut": 5762000000,
        "weightedAverageShsOutDil": 5762000000,
        "link": "https://www.sec.gov/Archives/edgar/data/310522/000031052218000236/0000310522-18-000236-index.htm",
        "finalLink": "https://www.sec.gov/Archives/edgar/data/310522/000031052218000236/fanniemaeq20630201810q.htm"
    },
    {
        "date": "2018-03-31",
        "symbol": "FNMA",
        "reportedCurrency": "USD",
        "cik": "0000310522",
        "fillingDate": "2018-05-03",
        "acceptedDate": "2018-05-03 07:25:14",
        "calendarYear": "2018",
        "period": "Q1",
        "revenue": 6847000000,
        "costOfRevenue": 0,
        "grossProfit": 28625000000,
        "grossProfitRatio": 4.1806630641,
        "researchAndDevelopmentExpenses": 0,
        "generalAndAdministrativeExpenses": 507000000,
        "sellingAndMarketingExpenses": 0,
        "sellingGeneralAndAdministrativeExpenses": 507000000,
        "otherExpenses": 243000000,
        "operatingExpenses": 750000000,
        "costAndExpenses": -23790000000,
        "interestIncome": 28514000000,
        "interestExpense": 23282000000,
        "depreciationAndAmortization": -5376000000,
        "ebitda": 28674000000,
        "ebitdaratio": 4.187819483,
        "operatingIncome": 28674000000,
        "operatingIncomeRatio": 4.187819483,
        "totalOtherIncomeExpensesNet": -906000000,
        "incomeBeforeTax": 5392000000,
        "incomeBeforeTaxRatio": 0.7874981744,
        "incomeTaxExpense": 1131000000,
        "netIncome": 4261000000,
        "netIncomeRatio": 0.6223163429,
        "eps": 0.58,
        "epsdiluted": 0.56,
        "weightedAverageShsOut": 5762000000,
        "weightedAverageShsOutDil": 5893000000,
        "link": "https://www.sec.gov/Archives/edgar/data/310522/000031052218000117/0000310522-18-000117-index.htm",
        "finalLink": "https://www.sec.gov/Archives/edgar/data/310522/000031052218000117/fanniemaeq10331201810q.htm"
    },
    {
        "date": "2017-12-31",
        "symbol": "FNMA",
        "reportedCurrency": "USD",
        "cik": "0000310522",
        "fillingDate": "2018-02-14",
        "acceptedDate": "2018-02-14 07:30:55",
        "calendarYear": "2017",
        "period": "Q4",
        "revenue": 5209000000,
        "costOfRevenue": 0,
        "grossProfit": 27188000000,
        "grossProfitRatio": 5.2194279132,
        "researchAndDevelopmentExpenses": 0,
        "generalAndAdministrativeExpenses": 382000000,
        "sellingAndMarketingExpenses": 321000000,
        "sellingGeneralAndAdministrativeExpenses": 703000000,
        "otherExpenses": 0,
        "operatingExpenses": 703000000,
        "costAndExpenses": -23971000000,
        "interestIncome": 27618000000,
        "interestExpense": 22507000000,
        "depreciationAndAmortization": -3843000000,
        "ebitda": 27463000000,
        "ebitdaratio": 5.2722211557,
        "operatingIncome": 27463000000,
        "operatingIncomeRatio": 5.2722211557,
        "totalOtherIncomeExpensesNet": -1072000000,
        "incomeBeforeTax": 4956000000,
        "incomeBeforeTaxRatio": 0.9514302169,
        "incomeTaxExpense": 11489000000,
        "netIncome": -6533000000,
        "netIncomeRatio": -1.2541754655,
        "eps": -1.13,
        "epsdiluted": -1.13,
        "weightedAverageShsOut": 5762000000,
        "weightedAverageShsOutDil": 5762000000,
        "link": "https://www.sec.gov/Archives/edgar/data/310522/000031052218000107/0000310522-18-000107-index.htm",
        "finalLink": "https://www.sec.gov/Archives/edgar/data/310522/000031052218000107/fanniemae201710k.htm"
    },
    {
        "date": "2017-09-30",
        "symbol": "FNMA",
        "reportedCurrency": "USD",
        "cik": "0000310522",
        "fillingDate": "2017-11-02",
        "acceptedDate": "2017-11-02 07:30:19",
        "calendarYear": "2017",
        "period": "Q3",
        "revenue": 6492000000,
        "costOfRevenue": 0,
        "grossProfit": 28496000000,
        "grossProfitRatio": 4.3894023413,
        "researchAndDevelopmentExpenses": 0,
        "generalAndAdministrativeExpenses": 395000000,
        "sellingAndMarketingExpenses": 0,
        "sellingGeneralAndAdministrativeExpenses": 395000000,
        "otherExpenses": 269000000,
        "operatingExpenses": 664000000,
        "costAndExpenses": -24479000000,
        "interestIncome": 27461000000,
        "interestExpense": 22187000000,
        "depreciationAndAmortization": -4962000000,
        "ebitda": 26735000000,
        "ebitdaratio": 4.1181454097,
        "operatingIncome": 26735000000,
        "operatingIncomeRatio": 4.1181454097,
        "totalOtherIncomeExpensesNet": -1085000000,
        "incomeBeforeTax": 4548000000,
        "incomeBeforeTaxRatio": 0.7005545287,
        "incomeTaxExpense": 1525000000,
        "netIncome": 3023000000,
        "netIncomeRatio": 0.4656500308,
        "eps": 0.52,
        "epsdiluted": 0.52,
        "weightedAverageShsOut": 5762000000,
        "weightedAverageShsOutDil": 5762000000,
        "link": "https://www.sec.gov/Archives/edgar/data/310522/000031052217000332/0000310522-17-000332-index.htm",
        "finalLink": "https://www.sec.gov/Archives/edgar/data/310522/000031052217000332/fanniemaeq30930201710q.htm"
    },
    {
        "date": "2017-06-30",
        "symbol": "FNMA",
        "reportedCurrency": "USD",
        "cik": "0000310522",
        "fillingDate": "2017-08-03",
        "acceptedDate": "2017-08-03 07:32:41",
        "calendarYear": "2017",
        "period": "Q2",
        "revenue": 5049000000,
        "costOfRevenue": 0,
        "grossProfit": 27631000000,
        "grossProfitRatio": 5.4725688255,
        "researchAndDevelopmentExpenses": 0,
        "generalAndAdministrativeExpenses": 452000000,
        "sellingAndMarketingExpenses": 0,
        "sellingGeneralAndAdministrativeExpenses": 452000000,
        "otherExpenses": 234000000,
        "operatingExpenses": 686000000,
        "costAndExpenses": 686000000,
        "interestIncome": 27393000000,
        "interestExpense": 22391000000,
        "depreciationAndAmortization": -5067000000,
        "ebitda": 27178000000,
        "ebitdaratio": 5.3828480887,
        "operatingIncome": 27178000000,
        "operatingIncomeRatio": 5.3828480887,
        "totalOtherIncomeExpensesNet": -832000000,
        "incomeBeforeTax": 4787000000,
        "incomeBeforeTaxRatio": 0.9481085363,
        "incomeTaxExpense": 1587000000,
        "netIncome": 3200000000,
        "netIncomeRatio": 0.6337888691,
        "eps": 0.01,
        "epsdiluted": 0.01,
        "weightedAverageShsOut": 5762000000,
        "weightedAverageShsOutDil": 5893000000,
        "link": "https://www.sec.gov/Archives/edgar/data/310522/000031052217000217/0000310522-17-000217-index.htm",
        "finalLink": "https://www.sec.gov/Archives/edgar/data/310522/000031052217000217/fanniemaeq20630201710q.htm"
    },
    {
        "date": "2017-03-31",
        "symbol": "FNMA",
        "reportedCurrency": "USD",
        "cik": "0000310522",
        "fillingDate": "2017-05-05",
        "acceptedDate": "2017-05-05 07:27:49",
        "calendarYear": "2017",
        "period": "Q1",
        "revenue": 5546000000,
        "costOfRevenue": 0,
        "grossProfit": 27190000000,
        "grossProfitRatio": 4.9026325279,
        "researchAndDevelopmentExpenses": 0,
        "generalAndAdministrativeExpenses": 455000000,
        "sellingAndMarketingExpenses": 0,
        "sellingGeneralAndAdministrativeExpenses": 455000000,
        "otherExpenses": 229000000,
        "operatingExpenses": 684000000,
        "costAndExpenses": 684000000,
        "interestIncome": 27384000000,
        "interestExpense": 22038000000,
        "depreciationAndAmortization": -4526000000,
        "ebitda": 26194000000,
        "ebitdaratio": 4.7230436351,
        "operatingIncome": 26194000000,
        "operatingIncomeRatio": 4.7230436351,
        "totalOtherIncomeExpensesNet": -1090000000,
        "incomeBeforeTax": 4156000000,
        "incomeBeforeTaxRatio": 0.7493689145,
        "incomeTaxExpense": 1383000000,
        "netIncome": 2773000000,
        "netIncomeRatio": 0.5,
        "eps": -0.001,
        "epsdiluted": -0.001,
        "weightedAverageShsOut": 5762000000,
        "weightedAverageShsOutDil": 5762000000,
        "link": "https://www.sec.gov/Archives/edgar/data/310522/000031052217000111/0000310522-17-000111-index.htm",
        "finalLink": "https://www.sec.gov/Archives/edgar/data/310522/000031052217000111/fanniemaeq10331201710q.htm"
    },
    {
        "date": "2016-12-31",
        "symbol": "FNMA",
        "reportedCurrency": "USD",
        "cik": "0000310522",
        "fillingDate": "2017-02-17",
        "acceptedDate": "2017-02-17 07:28:13",
        "calendarYear": "2016",
        "period": "Q4",
        "revenue": 26815000000,
        "costOfRevenue": 0,
        "grossProfit": 26328000000,
        "grossProfitRatio": 0.9818385232,
        "researchAndDevelopmentExpenses": 0,
        "generalAndAdministrativeExpenses": 531000000,
        "sellingAndMarketingExpenses": 183000000,
        "sellingGeneralAndAdministrativeExpenses": 714000000,
        "otherExpenses": 0,
        "operatingExpenses": 714000000,
        "costAndExpenses": -1207000000,
        "interestIncome": 26138000000,
        "interestExpense": 20333000000,
        "depreciationAndAmortization": -6784000000,
        "ebitda": 27913000000,
        "ebitdaratio": 1.040947231,
        "operatingIncome": 8453000000,
        "operatingIncomeRatio": 0.3152340108,
        "totalOtherIncomeExpensesNet": -873000000,
        "incomeBeforeTax": 7580000000,
        "incomeBeforeTaxRatio": 0.2826776058,
        "incomeTaxExpense": 2545000000,
        "netIncome": 5035000000,
        "netIncomeRatio": 0.1877680403,
        "eps": 0.87,
        "epsdiluted": 0.87,
        "weightedAverageShsOut": 5762000000,
        "weightedAverageShsOutDil": 5893000000,
        "link": "https://www.sec.gov/Archives/edgar/data/310522/000031052217000096/0000310522-17-000096-index.htm",
        "finalLink": "https://www.sec.gov/Archives/edgar/data/310522/000031052217000096/fanniemae201610k.htm"
    },
    {
        "date": "2016-09-30",
        "symbol": "FNMA",
        "reportedCurrency": "USD",
        "cik": "0000310522",
        "fillingDate": "2016-11-03",
        "acceptedDate": "2016-11-03 07:24:59",
        "calendarYear": "2016",
        "period": "Q3",
        "revenue": 26634000000,
        "costOfRevenue": 0,
        "grossProfit": 26169000000,
        "grossProfitRatio": 0.9825411129,
        "researchAndDevelopmentExpenses": 0,
        "generalAndAdministrativeExpenses": 379000000,
        "sellingAndMarketingExpenses": 0,
        "sellingGeneralAndAdministrativeExpenses": 379000000,
        "otherExpenses": 282000000,
        "operatingExpenses": 661000000,
        "costAndExpenses": 661000000,
        "interestIncome": 25951000000,
        "interestExpense": 20516000000,
        "depreciationAndAmortization": -5029000000,
        "ebitda": 25239000000,
        "ebitdaratio": 0.9476233386,
        "operatingIncome": 25239000000,
        "operatingIncomeRatio": 0.9476233386,
        "totalOtherIncomeExpensesNet": -881000000,
        "incomeBeforeTax": 4723000000,
        "incomeBeforeTaxRatio": 0.1773297289,
        "incomeTaxExpense": 1527000000,
        "netIncome": 3196000000,
        "netIncomeRatio": 0.1199969963,
        "eps": 0.04,
        "epsdiluted": 0.04,
        "weightedAverageShsOut": 5762000000,
        "weightedAverageShsOutDil": 5893000000,
        "link": "https://www.sec.gov/Archives/edgar/data/310522/000031052216000672/0000310522-16-000672-index.htm",
        "finalLink": "https://www.sec.gov/Archives/edgar/data/310522/000031052216000672/fanniemaeq30930201610q.htm"
    },
    {
        "date": "2016-06-30",
        "symbol": "FNMA",
        "reportedCurrency": "USD",
        "cik": "0000310522",
        "fillingDate": "2016-08-04",
        "acceptedDate": "2016-08-04 07:24:16",
        "calendarYear": "2016",
        "period": "Q2",
        "revenue": 5826000000,
        "costOfRevenue": 0,
        "grossProfit": 5826000000,
        "grossProfitRatio": 1,
        "researchAndDevelopmentExpenses": 0,
        "generalAndAdministrativeExpenses": 400000000,
        "sellingAndMarketingExpenses": 0,
        "sellingGeneralAndAdministrativeExpenses": 400000000,
        "otherExpenses": 278000000,
        "operatingExpenses": 678000000,
        "costAndExpenses": 678000000,
        "interestIncome": 26600000000,
        "interestExpense": 21314000000,
        "depreciationAndAmortization": -4632000000,
        "ebitda": 25658000000,
        "ebitdaratio": 4.4040508067,
        "operatingIncome": 25658000000,
        "operatingIncomeRatio": 4.4040508067,
        "totalOtherIncomeExpensesNet": -804000000,
        "incomeBeforeTax": 4344000000,
        "incomeBeforeTaxRatio": 0.745623069,
        "incomeTaxExpense": 1398000000,
        "netIncome": 2946000000,
        "netIncomeRatio": 0.5056642636,
        "eps": 0.01,
        "epsdiluted": 0.01,
        "weightedAverageShsOut": 5762000000,
        "weightedAverageShsOutDil": 5893000000,
        "link": "https://www.sec.gov/Archives/edgar/data/310522/000031052216000569/0000310522-16-000569-index.htm",
        "finalLink": "https://www.sec.gov/Archives/edgar/data/310522/000031052216000569/fanniemaeq20630201610q.htm"
    },
    {
        "date": "2016-03-31",
        "symbol": "FNMA",
        "reportedCurrency": "USD",
        "cik": "0000310522",
        "fillingDate": "2016-05-05",
        "acceptedDate": "2016-05-05 07:23:23",
        "calendarYear": "2016",
        "period": "Q1",
        "revenue": 3409000000,
        "costOfRevenue": 0,
        "grossProfit": 3409000000,
        "grossProfitRatio": 1,
        "researchAndDevelopmentExpenses": 0,
        "generalAndAdministrativeExpenses": 428000000,
        "sellingAndMarketingExpenses": 0,
        "sellingGeneralAndAdministrativeExpenses": 428000000,
        "otherExpenses": 260000000,
        "operatingExpenses": 688000000,
        "costAndExpenses": 2228000000,
        "interestIncome": 27332000000,
        "interestExpense": 22563000000,
        "depreciationAndAmortization": -1947000000,
        "ebitda": 24249000000,
        "ebitdaratio": 7.1132296861,
        "operatingIncome": 24249000000,
        "operatingIncomeRatio": 7.1132296861,
        "totalOtherIncomeExpensesNet": -1035000000,
        "incomeBeforeTax": 1686000000,
        "incomeBeforeTaxRatio": 0.4945731886,
        "incomeTaxExpense": 550000000,
        "netIncome": 1136000000,
        "netIncomeRatio": 0.3332355529,
        "eps": 0.04,
        "epsdiluted": 0.04,
        "weightedAverageShsOut": 5762000000,
        "weightedAverageShsOutDil": 5893000000,
        "link": "https://www.sec.gov/Archives/edgar/data/310522/000031052216000467/0000310522-16-000467-index.htm",
        "finalLink": "https://www.sec.gov/Archives/edgar/data/310522/000031052216000467/fanniemaeq10331201610q.htm"
    },
    {
        "date": "2015-12-31",
        "symbol": "FNMA",
        "reportedCurrency": "USD",
        "cik": "0000310522",
        "fillingDate": "2016-02-19",
        "acceptedDate": "2016-02-19 07:23:43",
        "calendarYear": "2015",
        "period": "Q4",
        "revenue": 5390000000,
        "costOfRevenue": 0,
        "grossProfit": 5390000000,
        "grossProfitRatio": 1,
        "researchAndDevelopmentExpenses": 0,
        "generalAndAdministrativeExpenses": 390000000,
        "sellingAndMarketingExpenses": 0,
        "sellingGeneralAndAdministrativeExpenses": 390000000,
        "otherExpenses": 296000000,
        "operatingExpenses": 686000000,
        "costAndExpenses": -1494000000,
        "interestIncome": 27371000000,
        "interestExpense": 22294000000,
        "depreciationAndAmortization": -3798000000,
        "ebitda": 25863000000,
        "ebitdaratio": 4.7983302412,
        "operatingIncome": 25863000000,
        "operatingIncomeRatio": 4.7983302412,
        "totalOtherIncomeExpensesNet": -1134000000,
        "incomeBeforeTax": 3570000000,
        "incomeBeforeTaxRatio": 0.6623376623,
        "incomeTaxExpense": 1103000000,
        "netIncome": 2466000000,
        "netIncomeRatio": 0.4575139147,
        "eps": 0.44,
        "epsdiluted": 0.43,
        "weightedAverageShsOut": 5762000000,
        "weightedAverageShsOutDil": 5762000000,
        "link": "https://www.sec.gov/Archives/edgar/data/310522/000031052216000453/0000310522-16-000453-index.htm",
        "finalLink": "https://www.sec.gov/Archives/edgar/data/310522/000031052216000453/fanniemae201510k.htm"
    },
    {
        "date": "2015-09-30",
        "symbol": "FNMA",
        "reportedCurrency": "USD",
        "cik": "0000310522",
        "fillingDate": "2015-11-05",
        "acceptedDate": "2015-11-05 07:23:31",
        "calendarYear": "2015",
        "period": "Q3",
        "revenue": 3557000000,
        "costOfRevenue": 0,
        "grossProfit": 3557000000,
        "grossProfitRatio": 1,
        "researchAndDevelopmentExpenses": 0,
        "generalAndAdministrativeExpenses": 690000000,
        "sellingAndMarketingExpenses": 0,
        "sellingGeneralAndAdministrativeExpenses": 690000000,
        "otherExpenses": 262000000,
        "operatingExpenses": 952000000,
        "costAndExpenses": 3557000000,
        "interestIncome": 27377000000,
        "interestExpense": 21789000000,
        "depreciationAndAmortization": -3265000000,
        "ebitda": 24819000000,
        "ebitdaratio": 6.9775091369,
        "operatingIncome": 24819000000,
        "operatingIncomeRatio": 6.9775091369,
        "totalOtherIncomeExpensesNet": -1145000000,
        "incomeBeforeTax": 3030000000,
        "incomeBeforeTaxRatio": 0.8518414394,
        "incomeTaxExpense": 1070000000,
        "netIncome": 1960000000,
        "netIncomeRatio": 0.5510261456,
        "eps": -0.04,
        "epsdiluted": -0.04,
        "weightedAverageShsOut": 5762000000,
        "weightedAverageShsOutDil": 5762000000,
        "link": "https://www.sec.gov/Archives/edgar/data/310522/000031052215000269/0000310522-15-000269-index.htm",
        "finalLink": "https://www.sec.gov/Archives/edgar/data/310522/000031052215000269/fanniemaeq30930201510q.htm"
    },
    {
        "date": "2015-06-30",
        "symbol": "FNMA",
        "reportedCurrency": "USD",
        "cik": "0000310522",
        "fillingDate": "2015-08-06",
        "acceptedDate": "2015-08-06 07:23:13",
        "calendarYear": "2015",
        "period": "Q2",
        "revenue": 8304000000,
        "costOfRevenue": 0,
        "grossProfit": 8304000000,
        "grossProfitRatio": 1,
        "researchAndDevelopmentExpenses": 0,
        "generalAndAdministrativeExpenses": 395000000,
        "sellingAndMarketingExpenses": 0,
        "sellingGeneralAndAdministrativeExpenses": 395000000,
        "otherExpenses": 294000000,
        "operatingExpenses": 689000000,
        "costAndExpenses": 9353000000,
        "interestIncome": 27126000000,
        "interestExpense": 21449000000,
        "depreciationAndAmortization": -7036000000,
        "ebitda": 28299000000,
        "ebitdaratio": 3.4078757225,
        "operatingIncome": 28299000000,
        "operatingIncomeRatio": 3.4078757225,
        "totalOtherIncomeExpensesNet": -765000000,
        "incomeBeforeTax": 6850000000,
        "incomeBeforeTaxRatio": 0.8249036609,
        "incomeTaxExpense": 2210000000,
        "netIncome": 4640000000,
        "netIncomeRatio": 0.5587668593,
        "eps": 0.05,
        "epsdiluted": 0.05,
        "weightedAverageShsOut": 5762000000,
        "weightedAverageShsOutDil": 5893000000,
        "link": "https://www.sec.gov/Archives/edgar/data/310522/000031052215000179/0000310522-15-000179-index.htm",
        "finalLink": "https://www.sec.gov/Archives/edgar/data/310522/000031052215000179/fanniemaeq20630201510q.htm"
    },
    {
        "date": "2015-03-31",
        "symbol": "FNMA",
        "reportedCurrency": "USD",
        "cik": "0000310522",
        "fillingDate": "2015-05-07",
        "acceptedDate": "2015-05-07 07:23:04",
        "calendarYear": "2015",
        "period": "Q1",
        "revenue": 4360000000,
        "costOfRevenue": 0,
        "grossProfit": 4360000000,
        "grossProfitRatio": 1,
        "researchAndDevelopmentExpenses": 0,
        "generalAndAdministrativeExpenses": 409000000,
        "sellingAndMarketingExpenses": 0,
        "sellingGeneralAndAdministrativeExpenses": 409000000,
        "otherExpenses": 314000000,
        "operatingExpenses": 723000000,
        "costAndExpenses": 3798000000,
        "interestIncome": 27568000000,
        "interestExpense": 22501000000,
        "depreciationAndAmortization": -2782000000,
        "ebitda": 25259000000,
        "ebitdaratio": 5.7933486239,
        "operatingIncome": 25259000000,
        "operatingIncomeRatio": 5.7933486239,
        "totalOtherIncomeExpensesNet": -879000000,
        "incomeBeforeTax": 2758000000,
        "incomeBeforeTaxRatio": 0.6325688073,
        "incomeTaxExpense": 870000000,
        "netIncome": 1888000000,
        "netIncomeRatio": 0.4330275229,
        "eps": 0.02,
        "epsdiluted": 0.02,
        "weightedAverageShsOut": 5762000000,
        "weightedAverageShsOutDil": 5893000000,
        "link": "https://www.sec.gov/Archives/edgar/data/310522/000031052215000095/0000310522-15-000095-index.htm",
        "finalLink": "https://www.sec.gov/Archives/edgar/data/310522/000031052215000095/fanniemaeq10331201510q.htm"
    },
    {
        "date": "2014-12-31",
        "symbol": "FNMA",
        "reportedCurrency": "USD",
        "cik": "0000310522",
        "fillingDate": "2015-02-20",
        "acceptedDate": "2015-02-20 07:22:16",
        "calendarYear": "2014",
        "period": "Q4",
        "revenue": 3610000000,
        "costOfRevenue": 0,
        "grossProfit": 3610000000,
        "grossProfitRatio": 1,
        "researchAndDevelopmentExpenses": 0,
        "generalAndAdministrativeExpenses": 347000000,
        "sellingAndMarketingExpenses": 0,
        "sellingGeneralAndAdministrativeExpenses": 347000000,
        "otherExpenses": 355000000,
        "operatingExpenses": 702000000,
        "costAndExpenses": -1151000000,
        "interestIncome": 28126000000,
        "interestExpense": 22984000000,
        "depreciationAndAmortization": -2172000000,
        "ebitda": 25114000000,
        "ebitdaratio": 6.9567867036,
        "operatingIncome": 25114000000,
        "operatingIncomeRatio": 6.9567867036,
        "totalOtherIncomeExpensesNet": -778000000,
        "incomeBeforeTax": 2130000000,
        "incomeBeforeTaxRatio": 0.5900277008,
        "incomeTaxExpense": 818000000,
        "netIncome": 1312000000,
        "netIncomeRatio": 0.363434903,
        "eps": 0.23,
        "epsdiluted": 0.23,
        "weightedAverageShsOut": 5762000000,
        "weightedAverageShsOutDil": 5762000000,
        "link": "https://www.sec.gov/Archives/edgar/data/310522/000031052215000081/0000310522-15-000081-index.htm",
        "finalLink": "https://www.sec.gov/Archives/edgar/data/310522/000031052215000081/fanniemae201410k.htm"
    },
    {
        "date": "2014-09-30",
        "symbol": "FNMA",
        "reportedCurrency": "USD",
        "cik": "0000310522",
        "fillingDate": "2014-11-06",
        "acceptedDate": "2014-11-06 07:02:34",
        "calendarYear": "2014",
        "period": "Q3",
        "revenue": 7076000000,
        "costOfRevenue": 0,
        "grossProfit": 7076000000,
        "grossProfitRatio": 1,
        "researchAndDevelopmentExpenses": 0,
        "generalAndAdministrativeExpenses": 396000000,
        "sellingAndMarketingExpenses": 0,
        "sellingGeneralAndAdministrativeExpenses": 396000000,
        "otherExpenses": 310000000,
        "operatingExpenses": 706000000,
        "costAndExpenses": 5974000000,
        "interestIncome": 28354000000,
        "interestExpense": 23170000000,
        "depreciationAndAmortization": -5770000000,
        "ebitda": 28862000000,
        "ebitdaratio": 4.0788581119,
        "operatingIncome": 28862000000,
        "operatingIncomeRatio": 4.0788581119,
        "totalOtherIncomeExpensesNet": -678000000,
        "incomeBeforeTax": 5692000000,
        "incomeBeforeTaxRatio": 0.8044092708,
        "incomeTaxExpense": 1787000000,
        "netIncome": 3905000000,
        "netIncomeRatio": 0.5518654607,
        "eps": 0.68,
        "epsdiluted": 0.68,
        "weightedAverageShsOut": 5762000000,
        "weightedAverageShsOutDil": 5762000000,
        "link": "https://www.sec.gov/Archives/edgar/data/310522/000031052214000235/0000310522-14-000235-index.htm",
        "finalLink": "https://www.sec.gov/Archives/edgar/data/310522/000031052214000235/fanniemaeq30930201410q.htm"
    },
    {
        "date": "2014-06-30",
        "symbol": "FNMA",
        "reportedCurrency": "USD",
        "cik": "0000310522",
        "fillingDate": "2014-08-07",
        "acceptedDate": "2014-08-07 07:22:41",
        "calendarYear": "2014",
        "period": "Q2",
        "revenue": 4836000000,
        "costOfRevenue": 0,
        "grossProfit": 4836000000,
        "grossProfitRatio": 1,
        "researchAndDevelopmentExpenses": 0,
        "generalAndAdministrativeExpenses": 375000000,
        "sellingAndMarketingExpenses": 0,
        "sellingGeneralAndAdministrativeExpenses": 375000000,
        "otherExpenses": 322000000,
        "operatingExpenses": 697000000,
        "costAndExpenses": 4836000000,
        "interestIncome": 28746000000,
        "interestExpense": 23842000000,
        "depreciationAndAmortization": -5640000000,
        "ebitda": 29260000000,
        "ebitdaratio": 6.0504549214,
        "operatingIncome": 29260000000,
        "operatingIncomeRatio": 6.0504549214,
        "totalOtherIncomeExpensesNet": -342000000,
        "incomeBeforeTax": 5419000000,
        "incomeBeforeTaxRatio": 1.120554177,
        "incomeTaxExpense": 1752000000,
        "netIncome": 3666000000,
        "netIncomeRatio": 0.7580645161,
        "eps": -0.01,
        "epsdiluted": -0.01,
        "weightedAverageShsOut": 5762000000,
        "weightedAverageShsOutDil": 5762000000,
        "link": "https://www.sec.gov/Archives/edgar/data/310522/000031052214000158/0000310522-14-000158-index.htm",
        "finalLink": "https://www.sec.gov/Archives/edgar/data/310522/000031052214000158/fanniemaeq20630201410q.htm"
    },
    {
        "date": "2014-03-31",
        "symbol": "FNMA",
        "reportedCurrency": "USD",
        "cik": "0000310522",
        "fillingDate": "2014-05-08",
        "acceptedDate": "2014-05-08 07:21:54",
        "calendarYear": "2014",
        "period": "Q1",
        "revenue": 8751000000,
        "costOfRevenue": 0,
        "grossProfit": 7998000000,
        "grossProfitRatio": 0.9139526911,
        "researchAndDevelopmentExpenses": 0,
        "generalAndAdministrativeExpenses": 380000000,
        "sellingAndMarketingExpenses": 0,
        "sellingGeneralAndAdministrativeExpenses": 380000000,
        "otherExpenses": 292000000,
        "operatingExpenses": 672000000,
        "costAndExpenses": 7998000000,
        "interestIncome": 29179000000,
        "interestExpense": 24441000000,
        "depreciationAndAmortization": -8019000000,
        "ebitda": 32350000000,
        "ebitdaratio": 3.6967203748,
        "operatingIncome": 32350000000,
        "operatingIncomeRatio": 3.6967203748,
        "totalOtherIncomeExpensesNet": -170000000,
        "incomeBeforeTax": 7909000000,
        "incomeBeforeTaxRatio": 0.9037824249,
        "incomeTaxExpense": 2584000000,
        "netIncome": 5325000000,
        "netIncomeRatio": 0.6085018855,
        "eps": -0.06,
        "epsdiluted": -0.06,
        "weightedAverageShsOut": 5762000000,
        "weightedAverageShsOutDil": 5762000000,
        "link": "https://www.sec.gov/Archives/edgar/data/310522/000031052214000083/0000310522-14-000083-index.htm",
        "finalLink": "https://www.sec.gov/Archives/edgar/data/310522/000031052214000083/fanniemaeq10331201410q.htm"
    },
    {
        "date": "2013-12-31",
        "symbol": "FNMA",
        "reportedCurrency": "USD",
        "cik": "0000310522",
        "fillingDate": "2014-02-21",
        "acceptedDate": "2014-02-21 07:22:53",
        "calendarYear": "2013",
        "period": "Q4",
        "revenue": 8061000000,
        "costOfRevenue": 0,
        "grossProfit": 8061000000,
        "grossProfitRatio": 1,
        "researchAndDevelopmentExpenses": 0,
        "generalAndAdministrativeExpenses": 352000000,
        "sellingAndMarketingExpenses": 0,
        "sellingGeneralAndAdministrativeExpenses": 352000000,
        "otherExpenses": 280000000,
        "operatingExpenses": 632000000,
        "costAndExpenses": -1094000000,
        "interestIncome": 29324000000,
        "interestExpense": 24473000000,
        "depreciationAndAmortization": -8227000000,
        "ebitda": 32746000000,
        "ebitdaratio": 4.062275152,
        "operatingIncome": 32746000000,
        "operatingIncomeRatio": 4.062275152,
        "totalOtherIncomeExpensesNet": 823000000,
        "incomeBeforeTax": 8274000000,
        "incomeBeforeTaxRatio": 1.0264235207,
        "incomeTaxExpense": 1816000000,
        "netIncome": 6457000000,
        "netIncomeRatio": 0.8010172435,
        "eps": 1.12,
        "epsdiluted": 1.12,
        "weightedAverageShsOut": 5762000000,
        "weightedAverageShsOutDil": 5762000000,
        "link": "https://www.sec.gov/Archives/edgar/data/310522/000031052214000067/0000310522-14-000067-index.htm",
        "finalLink": "https://www.sec.gov/Archives/edgar/data/310522/000031052214000067/fanniemae201310k.htm"
    },
    {
        "date": "2013-09-30",
        "symbol": "FNMA",
        "reportedCurrency": "USD",
        "cik": "0000310522",
        "fillingDate": "2013-11-07",
        "acceptedDate": "2013-11-07 07:22:15",
        "calendarYear": "2013",
        "period": "Q3",
        "revenue": 9834000000,
        "costOfRevenue": 0,
        "grossProfit": 7279000000,
        "grossProfitRatio": 0.740187106,
        "researchAndDevelopmentExpenses": 0,
        "generalAndAdministrativeExpenses": 362000000,
        "sellingAndMarketingExpenses": 0,
        "sellingGeneralAndAdministrativeExpenses": 362000000,
        "otherExpenses": 284000000,
        "operatingExpenses": 646000000,
        "costAndExpenses": 7279000000,
        "interestIncome": 29067000000,
        "interestExpense": 23485000000,
        "depreciationAndAmortization": -10077000000,
        "ebitda": 33577000000,
        "ebitdaratio": 3.4143786862,
        "operatingIncome": 33577000000,
        "operatingIncomeRatio": 3.4143786862,
        "totalOtherIncomeExpensesNet": 911000000,
        "incomeBeforeTax": 10099000000,
        "incomeBeforeTaxRatio": 1.0269473256,
        "incomeTaxExpense": 1355000000,
        "netIncome": 8737000000,
        "netIncomeRatio": 0.8884482408,
        "eps": 0.02,
        "epsdiluted": 0.02,
        "weightedAverageShsOut": 5762000000,
        "weightedAverageShsOutDil": 5893000000,
        "link": "https://www.sec.gov/Archives/edgar/data/310522/000031052213000205/0000310522-13-000205-index.htm",
        "finalLink": "https://www.sec.gov/Archives/edgar/data/310522/000031052213000205/fanniemaeq30930201310q.htm"
    },
    {
        "date": "2013-06-30",
        "symbol": "FNMA",
        "reportedCurrency": "USD",
        "cik": "0000310522",
        "fillingDate": "2013-08-08",
        "acceptedDate": "2013-08-08 07:23:09",
        "calendarYear": "2013",
        "period": "Q2",
        "revenue": 0,
        "costOfRevenue": 0,
        "grossProfit": 7265000000,
        "grossProfitRatio": 0,
        "researchAndDevelopmentExpenses": 0,
        "generalAndAdministrativeExpenses": 360000000,
        "sellingAndMarketingExpenses": 0,
        "sellingGeneralAndAdministrativeExpenses": 360000000,
        "otherExpenses": 271000000,
        "operatingExpenses": 631000000,
        "costAndExpenses": 7265000000,
        "interestIncome": 28978000000,
        "interestExpense": 23311000000,
        "depreciationAndAmortization": -11852000000,
        "ebitda": 23539000000,
        "ebitdaratio": 0,
        "operatingIncome": 35380000000,
        "operatingIncomeRatio": 0,
        "totalOtherIncomeExpensesNet": 228000000,
        "incomeBeforeTax": 12080000000,
        "incomeBeforeTaxRatio": 0,
        "incomeTaxExpense": 1985000000,
        "netIncome": 10084000000,
        "netIncomeRatio": 0,
        "eps": -0.03,
        "epsdiluted": -0.03,
        "weightedAverageShsOut": 5762000000,
        "weightedAverageShsOutDil": 5762000000,
        "link": "https://www.sec.gov/Archives/edgar/data/310522/000031052213000137/0000310522-13-000137-index.htm",
        "finalLink": "https://www.sec.gov/Archives/edgar/data/310522/000031052213000137/fanniemaeq20630201310q.htm"
    },
    {
        "date": "2013-03-31",
        "symbol": "FNMA",
        "reportedCurrency": "USD",
        "cik": "0000310522",
        "fillingDate": "2013-05-09",
        "acceptedDate": "2013-05-09 07:16:40",
        "calendarYear": "2013",
        "period": "Q1",
        "revenue": 8842000000,
        "costOfRevenue": 0,
        "grossProfit": 7815000000,
        "grossProfitRatio": 0.8838498077,
        "researchAndDevelopmentExpenses": 0,
        "generalAndAdministrativeExpenses": 372000000,
        "sellingAndMarketingExpenses": 0,
        "sellingGeneralAndAdministrativeExpenses": 372000000,
        "otherExpenses": 356000000,
        "operatingExpenses": 728000000,
        "costAndExpenses": 7815000000,
        "interestIncome": 30180000000,
        "interestExpense": 23876000000,
        "depreciationAndAmortization": -8015000000,
        "ebitda": 23975000000,
        "ebitdaratio": 2.711490613,
        "operatingIncome": 31990000000,
        "operatingIncomeRatio": 3.6179597376,
        "totalOtherIncomeExpensesNet": 99000000,
        "incomeBeforeTax": 8114000000,
        "incomeBeforeTaxRatio": 0.9176656865,
        "incomeTaxExpense": -50571000000,
        "netIncome": 58685000000,
        "netIncomeRatio": 6.6370730604,
        "eps": -0.12,
        "epsdiluted": -0.12,
        "weightedAverageShsOut": 5762000000,
        "weightedAverageShsOutDil": 5762000000,
        "link": "https://www.sec.gov/Archives/edgar/data/310522/000031052213000077/0000310522-13-000077-index.htm",
        "finalLink": "https://www.sec.gov/Archives/edgar/data/310522/000031052213000077/fanniemaeq10331201310q.htm"
    },
    {
        "date": "2012-12-31",
        "symbol": "FNMA",
        "reportedCurrency": "USD",
        "cik": "0000310522",
        "fillingDate": "2013-04-02",
        "acceptedDate": "2013-04-02 08:29:13",
        "calendarYear": "2012",
        "period": "Q4",
        "revenue": 8086000000,
        "costOfRevenue": 0,
        "grossProfit": 5500000000,
        "grossProfitRatio": 0.6801879792,
        "researchAndDevelopmentExpenses": 0,
        "generalAndAdministrativeExpenses": 375000000,
        "sellingAndMarketingExpenses": 0,
        "sellingGeneralAndAdministrativeExpenses": 375000000,
        "otherExpenses": 141000000,
        "operatingExpenses": 516000000,
        "costAndExpenses": 1038000000,
        "interestIncome": 30566000000,
        "interestExpense": 25007000000,
        "depreciationAndAmortization": -7200000000,
        "ebitda": 25377000000,
        "ebitdaratio": 3.1383873361,
        "operatingIncome": 32577000000,
        "operatingIncomeRatio": 4.0288152362,
        "totalOtherIncomeExpensesNet": 370000000,
        "incomeBeforeTax": 7570000000,
        "incomeBeforeTaxRatio": 0.9361860005,
        "incomeTaxExpense": 15823000000,
        "netIncome": 7570000000,
        "netIncomeRatio": 0.9361860005,
        "eps": 1.31,
        "epsdiluted": 1.31,
        "weightedAverageShsOut": 5762000000,
        "weightedAverageShsOutDil": 5762000000,
        "link": "https://www.sec.gov/Archives/edgar/data/310522/000031052213000065/0000310522-13-000065-index.htm",
        "finalLink": "https://www.sec.gov/Archives/edgar/data/310522/000031052213000065/fanniemae201210k.htm"
    },
    {
        "date": "2012-09-30",
        "symbol": "FNMA",
        "reportedCurrency": "USD",
        "cik": "0000310522",
        "fillingDate": "2012-11-07",
        "acceptedDate": "2012-11-07 16:11:53",
        "calendarYear": "2012",
        "period": "Q3",
        "revenue": 4809000000,
        "costOfRevenue": 0,
        "grossProfit": 4809000000,
        "grossProfitRatio": 1,
        "researchAndDevelopmentExpenses": 0,
        "generalAndAdministrativeExpenses": 345000000,
        "sellingAndMarketingExpenses": 0,
        "sellingGeneralAndAdministrativeExpenses": 345000000,
        "otherExpenses": 92000000,
        "operatingExpenses": 437000000,
        "costAndExpenses": 437000000,
        "interestIncome": 31669000000,
        "interestExpense": 26352000000,
        "depreciationAndAmortization": 0,
        "ebitda": 28173000000,
        "ebitdaratio": 5.8583905178,
        "operatingIncome": 28173000000,
        "operatingIncomeRatio": 5.8583905178,
        "totalOtherIncomeExpensesNet": -2559000000,
        "incomeBeforeTax": 1813000000,
        "incomeBeforeTaxRatio": 0.3770014556,
        "incomeTaxExpense": -8000000,
        "netIncome": 1821000000,
        "netIncomeRatio": 0.3786650031,
        "eps": -0.19,
        "epsdiluted": -0.19,
        "weightedAverageShsOut": 5762000000,
        "weightedAverageShsOutDil": 5762000000,
        "link": "https://www.sec.gov/Archives/edgar/data/310522/000031052212000141/0000310522-12-000141-index.htm",
        "finalLink": "https://www.sec.gov/Archives/edgar/data/310522/000031052212000141/fanniemaeq30930201210q.htm"
    },
    {
        "date": "2012-06-30",
        "symbol": "FNMA",
        "reportedCurrency": "USD",
        "cik": "0000310522",
        "fillingDate": "2012-08-08",
        "acceptedDate": "2012-08-08 08:31:40",
        "calendarYear": "2012",
        "period": "Q2",
        "revenue": 3505000000,
        "costOfRevenue": 0,
        "grossProfit": 3505000000,
        "grossProfitRatio": 1,
        "researchAndDevelopmentExpenses": 0,
        "generalAndAdministrativeExpenses": 340000000,
        "sellingAndMarketingExpenses": 0,
        "sellingGeneralAndAdministrativeExpenses": 340000000,
        "otherExpenses": 692000000,
        "operatingExpenses": 1032000000,
        "costAndExpenses": 1032000000,
        "interestIncome": 33171000000,
        "interestExpense": 27743000000,
        "depreciationAndAmortization": 0,
        "ebitda": 32857000000,
        "ebitdaratio": 9.3743223966,
        "operatingIncome": 32857000000,
        "operatingIncomeRatio": 9.3743223966,
        "totalOtherIncomeExpensesNet": 2646000000,
        "incomeBeforeTax": 5119000000,
        "incomeBeforeTaxRatio": 1.4604850214,
        "incomeTaxExpense": 5000000,
        "netIncome": 5114000000,
        "netIncomeRatio": 1.4590584879,
        "eps": 0.38,
        "epsdiluted": 0.37,
        "weightedAverageShsOut": 5762000000,
        "weightedAverageShsOutDil": 5893000000,
        "link": "https://www.sec.gov/Archives/edgar/data/310522/000031052212000090/0000310522-12-000090-index.htm",
        "finalLink": "https://www.sec.gov/Archives/edgar/data/310522/000031052212000090/fanniemaeq206302012.htm"
    },
    {
        "date": "2012-03-31",
        "symbol": "FNMA",
        "reportedCurrency": "USD",
        "cik": "0000310522",
        "fillingDate": "2012-05-09",
        "acceptedDate": "2012-05-09 08:33:25",
        "calendarYear": "2012",
        "period": "Q1",
        "revenue": 5971000000,
        "costOfRevenue": 0,
        "grossProfit": 5971000000,
        "grossProfitRatio": 1,
        "researchAndDevelopmentExpenses": 0,
        "generalAndAdministrativeExpenses": 353000000,
        "sellingAndMarketingExpenses": 0,
        "sellingGeneralAndAdministrativeExpenses": 353000000,
        "otherExpenses": 5554000000,
        "operatingExpenses": 5907000000,
        "costAndExpenses": 451000000,
        "interestIncome": 33784000000,
        "interestExpense": 28587000000,
        "depreciationAndAmortization": 0,
        "ebitda": 31306000000,
        "ebitdaratio": 5.2430078714,
        "operatingIncome": 31306000000,
        "operatingIncomeRatio": 5.2430078714,
        "totalOtherIncomeExpensesNet": -2802000000,
        "incomeBeforeTax": 2718000000,
        "incomeBeforeTaxRatio": 0.455200134,
        "incomeTaxExpense": 2816000000,
        "netIncome": 2719000000,
        "netIncomeRatio": 0.4553676101,
        "eps": -0.02,
        "epsdiluted": -0.02,
        "weightedAverageShsOut": 5761000000,
        "weightedAverageShsOutDil": 5761000000,
        "link": "https://www.sec.gov/Archives/edgar/data/310522/000119312512220406/0001193125-12-220406-index.htm",
        "finalLink": "https://www.sec.gov/Archives/edgar/data/310522/000119312512220406/d348300d10q.htm"
    },
    {
        "date": "2011-12-31",
        "symbol": "FNMA",
        "reportedCurrency": "USD",
        "cik": "0000310522",
        "fillingDate": "2012-02-29",
        "acceptedDate": "2012-02-29 08:51:14",
        "calendarYear": "2011",
        "period": "Q4",
        "revenue": 3969000000,
        "costOfRevenue": 0,
        "grossProfit": 3969000000,
        "grossProfitRatio": 1,
        "researchAndDevelopmentExpenses": 0,
        "generalAndAdministrativeExpenses": 352000000,
        "sellingAndMarketingExpenses": 0,
        "sellingGeneralAndAdministrativeExpenses": 352000000,
        "otherExpenses": 3617000000,
        "operatingExpenses": 3969000000,
        "costAndExpenses": 381000000,
        "interestIncome": 33260000000,
        "interestExpense": 29097000000,
        "depreciationAndAmortization": 0,
        "ebitda": 26692000000,
        "ebitdaratio": 6.7251196775,
        "operatingIncome": 26692000000,
        "operatingIncomeRatio": 6.7251196775,
        "totalOtherIncomeExpensesNet": -5994000000,
        "incomeBeforeTax": -2406000000,
        "incomeBeforeTaxRatio": -0.6061980348,
        "incomeTaxExpense": 1000000,
        "netIncome": -2406000000,
        "netIncomeRatio": -0.6061980348,
        "eps": -0.42,
        "epsdiluted": -0.42,
        "weightedAverageShsOut": 5758000000,
        "weightedAverageShsOutDil": 5761000000,
        "link": "https://www.sec.gov/Archives/edgar/data/310522/000119312512105455/0001193125-12-105455-index.htm",
        "finalLink": "https://www.sec.gov/Archives/edgar/data/310522/000119312512105455/d307691d10ka.htm"
    },
    {
        "date": "2011-09-30",
        "symbol": "FNMA",
        "reportedCurrency": "USD",
        "cik": "0000310522",
        "fillingDate": "2011-11-08",
        "acceptedDate": "2011-11-08 16:38:24",
        "calendarYear": "2011",
        "period": "Q3",
        "revenue": 1025000000,
        "costOfRevenue": 0,
        "grossProfit": 1025000000,
        "grossProfitRatio": 1,
        "researchAndDevelopmentExpenses": 0,
        "generalAndAdministrativeExpenses": 372000000,
        "sellingAndMarketingExpenses": 0,
        "sellingGeneralAndAdministrativeExpenses": 372000000,
        "otherExpenses": 653000000,
        "operatingExpenses": 1025000000,
        "costAndExpenses": 753000000,
        "interestIncome": 35794000000,
        "interestExpense": 30608000000,
        "depreciationAndAmortization": 0,
        "ebitda": 25523000000,
        "ebitdaratio": 24.9004878049,
        "operatingIncome": 25523000000,
        "operatingIncomeRatio": 24.9004878049,
        "totalOtherIncomeExpensesNet": -5357000000,
        "incomeBeforeTax": -5085000000,
        "incomeBeforeTaxRatio": -4.9609756098,
        "incomeTaxExpense": -1000000,
        "netIncome": -5085000000,
        "netIncomeRatio": -4.9609756098,
        "eps": -1.32,
        "epsdiluted": -1.32,
        "weightedAverageShsOut": 5760000000,
        "weightedAverageShsOutDil": 5760000000,
        "link": "https://www.sec.gov/Archives/edgar/data/310522/000095012311096510/0000950123-11-096510-index.htm",
        "finalLink": "https://www.sec.gov/Archives/edgar/data/310522/000095012311096510/w84607e10vq.htm"
    },
    {
        "date": "2011-06-30",
        "symbol": "FNMA",
        "reportedCurrency": "USD",
        "cik": "0000310522",
        "fillingDate": "2011-08-05",
        "acceptedDate": "2011-08-05 07:16:41",
        "calendarYear": "2011",
        "period": "Q2",
        "revenue": 3774000000,
        "costOfRevenue": 0,
        "grossProfit": 3774000000,
        "grossProfitRatio": 1,
        "researchAndDevelopmentExpenses": 0,
        "generalAndAdministrativeExpenses": 357000000,
        "sellingAndMarketingExpenses": 0,
        "sellingGeneralAndAdministrativeExpenses": 357000000,
        "otherExpenses": 3417000000,
        "operatingExpenses": 3774000000,
        "costAndExpenses": 456000000,
        "interestIncome": 36774000000,
        "interestExpense": 31802000000,
        "depreciationAndAmortization": 0,
        "ebitda": 28816000000,
        "ebitdaratio": 7.635400106,
        "operatingIncome": 28816000000,
        "operatingIncomeRatio": 7.635400106,
        "totalOtherIncomeExpensesNet": -6303000000,
        "incomeBeforeTax": -2985000000,
        "incomeBeforeTaxRatio": -0.7909379968,
        "incomeTaxExpense": -93000000,
        "netIncome": -2893000000,
        "netIncomeRatio": -0.7665606783,
        "eps": -0.9,
        "epsdiluted": -0.9,
        "weightedAverageShsOut": 5730000000,
        "weightedAverageShsOutDil": 5730000000,
        "link": "https://www.sec.gov/Archives/edgar/data/310522/000095012311073250/0000950123-11-073250-index.htm",
        "finalLink": "https://www.sec.gov/Archives/edgar/data/310522/000095012311073250/w83893e10vq.htm"
    },
    {
        "date": "2011-03-31",
        "symbol": "FNMA",
        "reportedCurrency": "USD",
        "cik": "0000310522",
        "fillingDate": "2011-05-06",
        "acceptedDate": "2011-05-06 16:06:03",
        "calendarYear": "2011",
        "period": "Q1",
        "revenue": 5561000000,
        "costOfRevenue": 0,
        "grossProfit": 5561000000,
        "grossProfitRatio": 1,
        "researchAndDevelopmentExpenses": 0,
        "generalAndAdministrativeExpenses": 341000000,
        "sellingAndMarketingExpenses": 0,
        "sellingGeneralAndAdministrativeExpenses": 341000000,
        "otherExpenses": 5220000000,
        "operatingExpenses": 5561000000,
        "costAndExpenses": 372000000,
        "interestIncome": 37115000000,
        "interestExpense": 32155000000,
        "depreciationAndAmortization": 0,
        "ebitda": 25686000000,
        "ebitdaratio": 4.6189534256,
        "operatingIncome": 25686000000,
        "operatingIncomeRatio": 4.6189534256,
        "totalOtherIncomeExpensesNet": -11658000000,
        "incomeBeforeTax": -6469000000,
        "incomeBeforeTaxRatio": -1.1632799856,
        "incomeTaxExpense": 2000000,
        "netIncome": -6471000000,
        "netIncomeRatio": -1.1636396332,
        "eps": -1.52,
        "epsdiluted": -1.52,
        "weightedAverageShsOut": 5698000000,
        "weightedAverageShsOutDil": 5698000000,
        "link": "https://www.sec.gov/Archives/edgar/data/310522/000095012311046606/0000950123-11-046606-index.htm",
        "finalLink": "https://www.sec.gov/Archives/edgar/data/310522/000095012311046606/w82561e10vq.htm"
    },
    {
        "date": "2010-12-31",
        "symbol": "FNMA",
        "reportedCurrency": "USD",
        "cik": "0000310522",
        "fillingDate": "2011-02-24",
        "acceptedDate": "2011-02-24 17:25:12",
        "calendarYear": "2010",
        "period": "Q4",
        "revenue": 4572000000,
        "costOfRevenue": 0,
        "grossProfit": 4572000000,
        "grossProfitRatio": 1,
        "researchAndDevelopmentExpenses": 0,
        "generalAndAdministrativeExpenses": -520000000,
        "sellingAndMarketingExpenses": 0,
        "sellingGeneralAndAdministrativeExpenses": -520000000,
        "otherExpenses": 5092000000,
        "operatingExpenses": 4572000000,
        "costAndExpenses": -1148000000,
        "interestIncome": 37112000000,
        "interestExpense": 32475000000,
        "depreciationAndAmortization": 0,
        "ebitda": 32533000000,
        "ebitdaratio": 7.115704287,
        "operatingIncome": -91232000000,
        "operatingIncomeRatio": -19.9545056868,
        "totalOtherIncomeExpensesNet": 91282000000,
        "incomeBeforeTax": 50000000,
        "incomeBeforeTaxRatio": 0.010936133,
        "incomeTaxExpense": -15000000,
        "netIncome": 73000000,
        "netIncomeRatio": 0.0159667542,
        "eps": 0.0128,
        "epsdiluted": 0.0128,
        "weightedAverageShsOut": 5694000000,
        "weightedAverageShsOutDil": 5698000000,
        "link": "https://www.sec.gov/Archives/edgar/data/310522/000095012311017972/0000950123-11-017972-index.htm",
        "finalLink": "https://www.sec.gov/Archives/edgar/data/310522/000095012311017972/w81665e10vk.htm"
    },
    {
        "date": "2010-09-30",
        "symbol": "FNMA",
        "reportedCurrency": "USD",
        "cik": "0000310522",
        "fillingDate": "2010-11-05",
        "acceptedDate": "2010-11-05 16:35:57",
        "calendarYear": "2010",
        "period": "Q3",
        "revenue": 5687000000,
        "costOfRevenue": 0,
        "grossProfit": 5687000000,
        "grossProfitRatio": 1,
        "researchAndDevelopmentExpenses": 0,
        "generalAndAdministrativeExpenses": 382000000,
        "sellingAndMarketingExpenses": 0,
        "sellingGeneralAndAdministrativeExpenses": 382000000,
        "otherExpenses": 5305000000,
        "operatingExpenses": 5687000000,
        "costAndExpenses": 922000000,
        "interestIncome": 38320000000,
        "interestExpense": 33544000000,
        "depreciationAndAmortization": 0,
        "ebitda": 32196000000,
        "ebitdaratio": 5.6613328644,
        "operatingIncome": 32196000000,
        "operatingIncomeRatio": 5.6613328644,
        "totalOtherIncomeExpensesNet": -6105000000,
        "incomeBeforeTax": -1340000000,
        "incomeBeforeTaxRatio": -0.2356251099,
        "incomeTaxExpense": -9000000,
        "netIncome": -1339000000,
        "netIncomeRatio": -0.2354492703,
        "eps": -0.61,
        "epsdiluted": -0.61,
        "weightedAverageShsOut": 5695000000,
        "weightedAverageShsOutDil": 5695000000,
        "link": "https://www.sec.gov/Archives/edgar/data/310522/000095012310101740/0000950123-10-101740-index.htm",
        "finalLink": "https://www.sec.gov/Archives/edgar/data/310522/000095012310101740/w79955e10vq.htm"
    },
    {
        "date": "2010-06-30",
        "symbol": "FNMA",
        "reportedCurrency": "USD",
        "cik": "0000310522",
        "fillingDate": "2010-08-05",
        "acceptedDate": "2010-08-05 16:41:58",
        "calendarYear": "2010",
        "period": "Q2",
        "revenue": 4827000000,
        "costOfRevenue": 0,
        "grossProfit": 4848000000,
        "grossProfitRatio": 1.0043505283,
        "researchAndDevelopmentExpenses": 0,
        "generalAndAdministrativeExpenses": 439000000,
        "sellingAndMarketingExpenses": 0,
        "sellingGeneralAndAdministrativeExpenses": 370000000,
        "otherExpenses": 4457000000,
        "operatingExpenses": 4827000000,
        "costAndExpenses": 598000000,
        "interestIncome": 39392000000,
        "interestExpense": 35185000000,
        "depreciationAndAmortization": 0,
        "ebitda": 33976000000,
        "ebitdaratio": 7.0387404185,
        "operatingIncome": 33976000000,
        "operatingIncomeRatio": 7.0387404185,
        "totalOtherIncomeExpensesNet": -5280000000,
        "incomeBeforeTax": -1214000000,
        "incomeBeforeTaxRatio": -0.2515019681,
        "incomeTaxExpense": 9000000,
        "netIncome": -1218000000,
        "netIncomeRatio": -0.2523306401,
        "eps": -0.55,
        "epsdiluted": -0.55,
        "weightedAverageShsOut": 5694000000,
        "weightedAverageShsOutDil": 5694000000,
        "link": "https://www.sec.gov/Archives/edgar/data/310522/000095012310073427/0000950123-10-073427-index.htm",
        "finalLink": "https://www.sec.gov/Archives/edgar/data/310522/000095012310073427/w79360e10vq.htm"
    },
    {
        "date": "2010-03-31",
        "symbol": "FNMA",
        "reportedCurrency": "USD",
        "cik": "0000310522",
        "fillingDate": "2010-05-10",
        "acceptedDate": "2010-05-10 08:03:58",
        "calendarYear": "2010",
        "period": "Q1",
        "revenue": 1446000000,
        "costOfRevenue": 0,
        "grossProfit": 1425000000,
        "grossProfitRatio": 0.9854771784,
        "researchAndDevelopmentExpenses": 0,
        "generalAndAdministrativeExpenses": 564000000,
        "sellingAndMarketingExpenses": 0,
        "sellingGeneralAndAdministrativeExpenses": 334000000,
        "otherExpenses": 1149000000,
        "operatingExpenses": 1483000000,
        "costAndExpenses": 924000000,
        "interestIncome": 39446000000,
        "interestExpense": 36657000000,
        "depreciationAndAmortization": 0,
        "ebitda": 25060000000,
        "ebitdaratio": 17.3305670816,
        "operatingIncome": 25060000000,
        "operatingIncomeRatio": 17.3305670816,
        "totalOtherIncomeExpensesNet": -12097000000,
        "incomeBeforeTax": -11596000000,
        "incomeBeforeTaxRatio": -8.0193637621,
        "incomeTaxExpense": -67000000,
        "netIncome": -11530000000,
        "netIncomeRatio": -7.9737206086,
        "eps": -2.03,
        "epsdiluted": -2.03,
        "weightedAverageShsOut": 5692000000,
        "weightedAverageShsOutDil": 5692000000,
        "link": "https://www.sec.gov/Archives/edgar/data/310522/000095012310046823/0000950123-10-046823-index.htm",
        "finalLink": "https://www.sec.gov/Archives/edgar/data/310522/000095012310046823/w78333e10vq.htm"
    },
    {
        "date": "2009-12-31",
        "symbol": "FNMA",
        "reportedCurrency": "USD",
        "cik": "0000310522",
        "fillingDate": "2010-02-26",
        "acceptedDate": "2010-02-26 16:48:58",
        "calendarYear": "2009",
        "period": "Q4",
        "revenue": -1902000000,
        "costOfRevenue": 0,
        "grossProfit": -1902000000,
        "grossProfitRatio": 1,
        "researchAndDevelopmentExpenses": 0,
        "generalAndAdministrativeExpenses": -136000000,
        "sellingAndMarketingExpenses": 0,
        "sellingGeneralAndAdministrativeExpenses": -136000000,
        "otherExpenses": -1766000000,
        "operatingExpenses": -1902000000,
        "costAndExpenses": -2071000000,
        "interestIncome": 9264000000,
        "interestExpense": 5567000000,
        "depreciationAndAmortization": 0,
        "ebitda": -9850000000,
        "ebitdaratio": 5.1787592008,
        "operatingIncome": -9850000000,
        "operatingIncomeRatio": 5.1787592008,
        "totalOtherIncomeExpensesNet": -5565000000,
        "incomeBeforeTax": -15415000000,
        "incomeBeforeTaxRatio": 8.1046267087,
        "incomeTaxExpense": -242000000,
        "netIncome": -15175000000,
        "netIncomeRatio": 7.9784437434,
        "eps": -2.67,
        "epsdiluted": -2.67,
        "weightedAverageShsOut": 5689000000,
        "weightedAverageShsOutDil": 5692000000,
        "link": "https://www.sec.gov/Archives/edgar/data/310522/000095012310018235/0000950123-10-018235-index.htm",
        "finalLink": "https://www.sec.gov/Archives/edgar/data/310522/000095012310018235/w77413e10vk.htm"
    },
    {
        "date": "2009-09-30",
        "symbol": "FNMA",
        "reportedCurrency": "USD",
        "cik": "0000310522",
        "fillingDate": "2009-11-05",
        "acceptedDate": "2009-11-05 16:34:56",
        "calendarYear": "2009",
        "period": "Q3",
        "revenue": 4676000000,
        "costOfRevenue": 0,
        "grossProfit": 3726000000,
        "grossProfitRatio": 0.7968349016,
        "researchAndDevelopmentExpenses": 0,
        "generalAndAdministrativeExpenses": 515000000,
        "sellingAndMarketingExpenses": 47000000,
        "sellingGeneralAndAdministrativeExpenses": 562000000,
        "otherExpenses": 4114000000,
        "operatingExpenses": 4676000000,
        "costAndExpenses": 4676000000,
        "interestIncome": 9675000000,
        "interestExpense": 5845000000,
        "depreciationAndAmortization": 0,
        "ebitda": -13170000000,
        "ebitdaratio": -2.8165098375,
        "operatingIncome": -13170000000,
        "operatingIncomeRatio": -2.8165098375,
        "totalOtherIncomeExpensesNet": -19027000000,
        "incomeBeforeTax": -19027000000,
        "incomeBeforeTaxRatio": -4.0690761334,
        "incomeTaxExpense": -143000000,
        "netIncome": -18872000000,
        "netIncomeRatio": -4.0359281437,
        "eps": -3.47,
        "epsdiluted": -3.47,
        "weightedAverageShsOut": 5685000000,
        "weightedAverageShsOutDil": 5685000000,
        "link": "https://www.sec.gov/Archives/edgar/data/310522/000095012309058443/0000950123-09-058443-index.htm",
        "finalLink": "https://www.sec.gov/Archives/edgar/data/310522/000095012309058443/w75886e10vq.htm"
    },
    {
        "date": "2009-06-30",
        "symbol": "FNMA",
        "reportedCurrency": "USD",
        "cik": "0000310522",
        "fillingDate": "2009-08-06",
        "acceptedDate": "2009-08-06 17:29:08",
        "calendarYear": "2009",
        "period": "Q2",
        "revenue": 5045000000,
        "costOfRevenue": 0,
        "grossProfit": 4776000000,
        "grossProfitRatio": 0.9466798811,
        "researchAndDevelopmentExpenses": 0,
        "generalAndAdministrativeExpenses": 1033000000,
        "sellingAndMarketingExpenses": 14861000000,
        "sellingGeneralAndAdministrativeExpenses": 15894000000,
        "otherExpenses": -10849000000,
        "operatingExpenses": 5045000000,
        "costAndExpenses": 7708000000,
        "interestIncome": 9980000000,
        "interestExpense": 6245000000,
        "depreciationAndAmortization": 0,
        "ebitda": -25089000000,
        "ebitdaratio": -4.9730426165,
        "operatingIncome": -25089000000,
        "operatingIncomeRatio": -4.9730426165,
        "totalOtherIncomeExpensesNet": -14757000000,
        "incomeBeforeTax": -14757000000,
        "incomeBeforeTaxRatio": -2.925074331,
        "incomeTaxExpense": -600000000,
        "netIncome": -14754000000,
        "netIncomeRatio": -2.9244796829,
        "eps": -2.67,
        "epsdiluted": -2.67,
        "weightedAverageShsOut": 5681000000,
        "weightedAverageShsOutDil": 5681000000,
        "link": "https://www.sec.gov/Archives/edgar/data/310522/000095012309031364/0000950123-09-031364-index.htm",
        "finalLink": "https://www.sec.gov/Archives/edgar/data/310522/000095012309031364/w74938e10vq.htm"
    },
    {
        "date": "2009-03-31",
        "symbol": "FNMA",
        "reportedCurrency": "USD",
        "cik": "0000310522",
        "fillingDate": "2009-05-08",
        "acceptedDate": "2009-05-08 08:38:34",
        "calendarYear": "2009",
        "period": "Q1",
        "revenue": 3598000000,
        "costOfRevenue": 0,
        "grossProfit": -2055000000,
        "grossProfitRatio": -0.5711506392,
        "researchAndDevelopmentExpenses": 0,
        "generalAndAdministrativeExpenses": 523000000,
        "sellingAndMarketingExpenses": 0,
        "sellingGeneralAndAdministrativeExpenses": 475000000,
        "otherExpenses": 3123000000,
        "operatingExpenses": 3598000000,
        "costAndExpenses": 3598000000,
        "interestIncome": 10436000000,
        "interestExpense": 7188000000,
        "depreciationAndAmortization": 0,
        "ebitda": -16603000000,
        "ebitdaratio": -4.61450806,
        "operatingIncome": -16603000000,
        "operatingIncomeRatio": -4.61450806,
        "totalOtherIncomeExpensesNet": -21151000000,
        "incomeBeforeTax": -23808000000,
        "incomeBeforeTaxRatio": -6.6170094497,
        "incomeTaxExpense": -623000000,
        "netIncome": -23168000000,
        "netIncomeRatio": -6.4391328516,
        "eps": -4.09,
        "epsdiluted": -4.09,
        "weightedAverageShsOut": 5666000000,
        "weightedAverageShsOutDil": 5666000000,
        "link": "https://www.sec.gov/Archives/edgar/data/310522/000095013309001520/0000950133-09-001520-index.htm",
        "finalLink": "https://www.sec.gov/Archives/edgar/data/310522/000095013309001520/w73633e10vq.htm"
    },
    {
        "date": "2008-12-31",
        "symbol": "FNMA",
        "reportedCurrency": "USD",
        "cik": "0000310522",
        "fillingDate": "2009-02-26",
        "acceptedDate": "2009-02-26 17:24:51",
        "calendarYear": "2008",
        "period": "Q4",
        "revenue": 9764000000,
        "costOfRevenue": 0,
        "grossProfit": 9764000000,
        "grossProfitRatio": 1,
        "researchAndDevelopmentExpenses": 0,
        "generalAndAdministrativeExpenses": 275000000,
        "sellingAndMarketingExpenses": 0,
        "sellingGeneralAndAdministrativeExpenses": 275000000,
        "otherExpenses": 9489000000,
        "operatingExpenses": 9764000000,
        "costAndExpenses": -757000000,
        "interestIncome": 10954000000,
        "interestExpense": 8274000000,
        "depreciationAndAmortization": -4609000000,
        "ebitda": -10619000000,
        "ebitdaratio": -1.0875665711,
        "operatingIncome": -12202000000,
        "operatingIncomeRatio": -1.2496927489,
        "totalOtherIncomeExpensesNet": -24805000000,
        "incomeBeforeTax": -24805000000,
        "incomeBeforeTaxRatio": -2.5404547317,
        "incomeTaxExpense": 142000000,
        "netIncome": -25227000000,
        "netIncomeRatio": -2.5836747235,
        "eps": -10.62,
        "epsdiluted": -10.62,
        "weightedAverageShsOut": 2374500000,
        "weightedAverageShsOutDil": 2374500000,
        "link": "https://www.sec.gov/Archives/edgar/data/310522/000095013309000487/0000950133-09-000487-index.htm",
        "finalLink": "https://www.sec.gov/Archives/edgar/data/310522/000095013309000487/w72716e10vk.htm"
    },
    {
        "date": "2008-09-30",
        "symbol": "FNMA",
        "reportedCurrency": "USD",
        "cik": "0000310522",
        "fillingDate": "2008-11-10",
        "acceptedDate": "2008-11-10 08:24:32",
        "calendarYear": "2008",
        "period": "Q3",
        "revenue": -2099000000,
        "costOfRevenue": 0,
        "grossProfit": -2099000000,
        "grossProfitRatio": 1,
        "researchAndDevelopmentExpenses": 0,
        "generalAndAdministrativeExpenses": 167000000,
        "sellingAndMarketingExpenses": 0,
        "sellingGeneralAndAdministrativeExpenses": 167000000,
        "otherExpenses": -2266000000,
        "operatingExpenses": -2099000000,
        "costAndExpenses": -1476000000,
        "interestIncome": 10763000000,
        "interestExpense": 8408000000,
        "depreciationAndAmortization": 0,
        "ebitda": -3575000000,
        "ebitdaratio": 1.7031919962,
        "operatingIncome": -3575000000,
        "operatingIncomeRatio": 1.7031919962,
        "totalOtherIncomeExpensesNet": -8313000000,
        "incomeBeforeTax": -11888000000,
        "incomeBeforeTaxRatio": 5.6636493568,
        "incomeTaxExpense": 17011000000,
        "netIncome": -28994000000,
        "netIncomeRatio": 13.8132444021,
        "eps": -13,
        "epsdiluted": -13,
        "weightedAverageShsOut": 2262000000,
        "weightedAverageShsOutDil": 2262000000,
        "link": "https://www.sec.gov/Archives/edgar/data/310522/000095013308003686/0000950133-08-003686-index.htm",
        "finalLink": "https://www.sec.gov/Archives/edgar/data/310522/000095013308003686/w71392e10vq.htm"
    },
    {
        "date": "2008-06-30",
        "symbol": "FNMA",
        "reportedCurrency": "USD",
        "cik": "0000310522",
        "fillingDate": "2008-08-08",
        "acceptedDate": "2008-08-08 07:38:44",
        "calendarYear": "2008",
        "period": "Q2",
        "revenue": 3113000000,
        "costOfRevenue": 0,
        "grossProfit": 3404000000,
        "grossProfitRatio": 1.0934789592,
        "researchAndDevelopmentExpenses": 0,
        "generalAndAdministrativeExpenses": 304000000,
        "sellingAndMarketingExpenses": 0,
        "sellingGeneralAndAdministrativeExpenses": 304000000,
        "otherExpenses": 1923000000,
        "operatingExpenses": 2227000000,
        "costAndExpenses": 2227000000,
        "interestIncome": 10464000000,
        "interestExpense": 8407000000,
        "depreciationAndAmortization": 1878000000,
        "ebitda": 0,
        "ebitdaratio": 0,
        "operatingIncome": 5631000000,
        "operatingIncomeRatio": 1.8088660456,
        "totalOtherIncomeExpensesNet": -7853000000,
        "incomeBeforeTax": -7853000000,
        "incomeBeforeTaxRatio": -2.5226469643,
        "incomeTaxExpense": -476000000,
        "netIncome": -4486000000,
        "netIncomeRatio": -1.441053646,
        "eps": -5.11,
        "epsdiluted": -5.11,
        "weightedAverageShsOut": 1025000000,
        "weightedAverageShsOutDil": 1000000000,
        "link": "https://www.sec.gov/Archives/edgar/data/310522/000095013308002717/0000950133-08-002717-index.htm",
        "finalLink": "https://www.sec.gov/Archives/edgar/data/310522/000095013308002717/w58421e10vq.htm"
    },
    {
        "date": "2008-03-31",
        "symbol": "FNMA",
        "reportedCurrency": "USD",
        "cik": "0000310522",
        "fillingDate": "2008-05-06",
        "acceptedDate": "2008-05-06 07:24:42",
        "calendarYear": "2008",
        "period": "Q1",
        "revenue": -853000000,
        "costOfRevenue": 0,
        "grossProfit": -853000000,
        "grossProfitRatio": 1,
        "researchAndDevelopmentExpenses": 0,
        "generalAndAdministrativeExpenses": 286000000,
        "sellingAndMarketingExpenses": 0,
        "sellingGeneralAndAdministrativeExpenses": 286000000,
        "otherExpenses": -1139000000,
        "operatingExpenses": -853000000,
        "costAndExpenses": -853000000,
        "interestIncome": 10942000000,
        "interestExpense": 9252000000,
        "depreciationAndAmortization": 2731000000,
        "ebitda": 0,
        "ebitdaratio": 0,
        "operatingIncome": 4138000000,
        "operatingIncomeRatio": -4.8511137163,
        "totalOtherIncomeExpensesNet": -5113000000,
        "incomeBeforeTax": -5113000000,
        "incomeBeforeTaxRatio": 5.9941383353,
        "incomeTaxExpense": -2928000000,
        "netIncome": -2186000000,
        "netIncomeRatio": 2.5627198124,
        "eps": -2.57,
        "epsdiluted": -2.57,
        "weightedAverageShsOut": 975000000,
        "weightedAverageShsOutDil": 975000000,
        "link": "https://www.sec.gov/Archives/edgar/data/310522/000095013308001803/0000950133-08-001803-index.htm",
        "finalLink": "https://www.sec.gov/Archives/edgar/data/310522/000095013308001803/w53280e10vq.htm"
    },
    {
        "date": "2007-12-31",
        "symbol": "FNMA",
        "reportedCurrency": "USD",
        "cik": "0000310522",
        "fillingDate": "2008-02-27",
        "acceptedDate": "2008-02-27 08:05:03",
        "calendarYear": "2007",
        "period": "Q4",
        "revenue": -2126000000,
        "costOfRevenue": 0,
        "grossProfit": -2126000000,
        "grossProfitRatio": 1,
        "researchAndDevelopmentExpenses": 0,
        "generalAndAdministrativeExpenses": 303000000,
        "sellingAndMarketingExpenses": 0,
        "sellingGeneralAndAdministrativeExpenses": 303000000,
        "otherExpenses": -2429000000,
        "operatingExpenses": -2126000000,
        "costAndExpenses": -1067000000,
        "interestIncome": 11022000000,
        "interestExpense": 9886000000,
        "depreciationAndAmortization": 2012000000,
        "ebitda": 0,
        "ebitdaratio": 0,
        "operatingIncome": 3704000000,
        "operatingIncomeRatio": -1.7422389464,
        "totalOtherIncomeExpensesNet": -6170000000,
        "incomeBeforeTax": -6170000000,
        "incomeBeforeTaxRatio": 2.9021636877,
        "incomeTaxExpense": -2623000000,
        "netIncome": -3559000000,
        "netIncomeRatio": 1.6740357479,
        "eps": -3.66,
        "epsdiluted": -3.65,
        "weightedAverageShsOut": 973000000,
        "weightedAverageShsOutDil": 975000000,
        "link": "https://www.sec.gov/Archives/edgar/data/310522/000095013308000795/0000950133-08-000795-index.htm",
        "finalLink": "https://www.sec.gov/Archives/edgar/data/310522/000095013308000795/w48295e10vk.htm"
    },
    {
        "date": "2007-09-30",
        "symbol": "FNMA",
        "reportedCurrency": "USD",
        "cik": "0000310522",
        "fillingDate": "2007-11-09",
        "acceptedDate": "2007-11-09 09:29:45",
        "calendarYear": "2007",
        "period": "Q3",
        "revenue": -37000000,
        "costOfRevenue": 0,
        "grossProfit": -37000000,
        "grossProfitRatio": 1,
        "researchAndDevelopmentExpenses": 0,
        "generalAndAdministrativeExpenses": 362000000,
        "sellingAndMarketingExpenses": 0,
        "sellingGeneralAndAdministrativeExpenses": 362000000,
        "otherExpenses": -399000000,
        "operatingExpenses": -37000000,
        "costAndExpenses": -37000000,
        "interestIncome": 11472000000,
        "interestExpense": 10414000000,
        "depreciationAndAmortization": 2609000000,
        "ebitda": 0,
        "ebitdaratio": 0,
        "operatingIncome": 8433000000,
        "operatingIncomeRatio": -227.9189189189,
        "totalOtherIncomeExpensesNet": -1984000000,
        "incomeBeforeTax": -1984000000,
        "incomeBeforeTaxRatio": 53.6216216216,
        "incomeTaxExpense": -582000000,
        "netIncome": -1399000000,
        "netIncomeRatio": 37.8108108108,
        "eps": -1.44,
        "epsdiluted": -1.44,
        "weightedAverageShsOut": 974000000,
        "weightedAverageShsOutDil": 974000000,
        "link": "https://www.sec.gov/Archives/edgar/data/310522/000095013307004526/0000950133-07-004526-index.htm",
        "finalLink": "https://www.sec.gov/Archives/edgar/data/310522/000095013307004526/w40673e10vq.htm"
    },
    {
        "date": "2007-06-30",
        "symbol": "FNMA",
        "reportedCurrency": "USD",
        "cik": "0000310522",
        "fillingDate": "2007-11-09",
        "acceptedDate": "2007-11-09 09:18:36",
        "calendarYear": "2007",
        "period": "Q2",
        "revenue": 3371000000,
        "costOfRevenue": 0,
        "grossProfit": 3371000000,
        "grossProfitRatio": 1,
        "researchAndDevelopmentExpenses": 0,
        "generalAndAdministrativeExpenses": 349000000,
        "sellingAndMarketingExpenses": 0,
        "sellingGeneralAndAdministrativeExpenses": 349000000,
        "otherExpenses": 3022000000,
        "operatingExpenses": 3371000000,
        "costAndExpenses": 3371000000,
        "interestIncome": 11266000000,
        "interestExpense": 10073000000,
        "depreciationAndAmortization": 2389000000,
        "ebitda": 0,
        "ebitdaratio": 0,
        "operatingIncome": 12207000000,
        "operatingIncomeRatio": 3.6211806586,
        "totalOtherIncomeExpensesNet": -10070000000,
        "incomeBeforeTax": 2137000000,
        "incomeBeforeTaxRatio": 0.6339365174,
        "incomeTaxExpense": 187000000,
        "netIncome": 1947000000,
        "netIncomeRatio": 0.5775734204,
        "eps": 1.88,
        "epsdiluted": 1.86,
        "weightedAverageShsOut": 973000000,
        "weightedAverageShsOutDil": 1001000000,
        "link": "https://www.sec.gov/Archives/edgar/data/310522/000095013307004524/0000950133-07-004524-index.htm",
        "finalLink": "https://www.sec.gov/Archives/edgar/data/310522/000095013307004524/w40672e10vq.htm"
    },
    {
        "date": "2007-03-31",
        "symbol": "FNMA",
        "reportedCurrency": "USD",
        "cik": "0000310522",
        "fillingDate": "2007-11-09",
        "acceptedDate": "2007-11-09 09:11:33",
        "calendarYear": "2007",
        "period": "Q1",
        "revenue": 2012000000,
        "costOfRevenue": 0,
        "grossProfit": 2012000000,
        "grossProfitRatio": 1,
        "researchAndDevelopmentExpenses": 0,
        "generalAndAdministrativeExpenses": 356000000,
        "sellingAndMarketingExpenses": 0,
        "sellingGeneralAndAdministrativeExpenses": 356000000,
        "otherExpenses": 1656000000,
        "operatingExpenses": 2012000000,
        "costAndExpenses": 2012000000,
        "interestIncome": 11006000000,
        "interestExpense": 9812000000,
        "depreciationAndAmortization": 2374000000,
        "ebitda": 0,
        "ebitdaratio": 0,
        "operatingIncome": 10700000000,
        "operatingIncomeRatio": 5.3180914513,
        "totalOtherIncomeExpensesNet": -9809000000,
        "incomeBeforeTax": 891000000,
        "incomeBeforeTaxRatio": 0.4428429423,
        "incomeTaxExpense": -73000000,
        "netIncome": 961000000,
        "netIncomeRatio": 0.4776341948,
        "eps": 0.85,
        "epsdiluted": 0.85,
        "weightedAverageShsOut": 973000000,
        "weightedAverageShsOutDil": 974000000,
        "link": "https://www.sec.gov/Archives/edgar/data/310522/000095013307004522/0000950133-07-004522-index.htm",
        "finalLink": "https://www.sec.gov/Archives/edgar/data/310522/000095013307004522/w40670e10vq.htm"
    },
    {
        "date": "2006-12-31",
        "symbol": "FNMA",
        "reportedCurrency": "USD",
        "cik": "0000310522",
        "fillingDate": "2007-08-16",
        "acceptedDate": "2007-08-16 08:30:06",
        "calendarYear": "2006",
        "period": "Q4",
        "revenue": 43627000000,
        "costOfRevenue": 0,
        "grossProfit": 43627000000,
        "grossProfitRatio": 1,
        "researchAndDevelopmentExpenses": 0,
        "generalAndAdministrativeExpenses": 0,
        "sellingAndMarketingExpenses": 0,
        "sellingGeneralAndAdministrativeExpenses": 0,
        "otherExpenses": -42612000000,
        "operatingExpenses": -42612000000,
        "costAndExpenses": -42612000000,
        "interestIncome": 0,
        "interestExpense": 36875000000,
        "depreciationAndAmortization": 0,
        "ebitda": 1015000000,
        "ebitdaratio": 0.023265409,
        "operatingIncome": 1015000000,
        "operatingIncomeRatio": 0.023265409,
        "totalOtherIncomeExpensesNet": 0,
        "incomeBeforeTax": 4213000000,
        "incomeBeforeTaxRatio": 0.0965686387,
        "incomeTaxExpense": 166000000,
        "netIncome": 1015000000,
        "netIncomeRatio": 0.023265409,
        "eps": 1.04,
        "epsdiluted": 1.04,
        "weightedAverageShsOut": 973000000,
        "weightedAverageShsOutDil": 973000000,
        "link": "https://www.sec.gov/Archives/edgar/data/310522/000095013307003508/0000950133-07-003508-index.htm",
        "finalLink": "https://www.sec.gov/Archives/edgar/data/310522/000095013307003508/w36762e10vk.htm"
    },
    {
        "date": "2006-09-30",
        "symbol": "FNMA",
        "reportedCurrency": "USD",
        "cik": "0000310522",
        "fillingDate": "2006-09-30",
        "acceptedDate": "2006-09-29 20:00:00",
        "calendarYear": "2006",
        "period": "Q3",
        "revenue": 0,
        "costOfRevenue": 0,
        "grossProfit": 0,
        "grossProfitRatio": 0,
        "researchAndDevelopmentExpenses": 0,
        "generalAndAdministrativeExpenses": 0,
        "sellingAndMarketingExpenses": 0,
        "sellingGeneralAndAdministrativeExpenses": 0,
        "otherExpenses": 1015000000,
        "operatingExpenses": 1015000000,
        "costAndExpenses": 1015000000,
        "interestIncome": 0,
        "interestExpense": 0,
        "depreciationAndAmortization": 0,
        "ebitda": 1015000000,
        "ebitdaratio": 0,
        "operatingIncome": 1015000000,
        "operatingIncomeRatio": 0,
        "totalOtherIncomeExpensesNet": 0,
        "incomeBeforeTax": 0,
        "incomeBeforeTaxRatio": 0,
        "incomeTaxExpense": -1015000000,
        "netIncome": 1015000000,
        "netIncomeRatio": 0,
        "eps": 1,
        "epsdiluted": 1,
        "weightedAverageShsOut": 971000000,
        "weightedAverageShsOutDil": 972000000,
        "link": "",
        "finalLink": ""
    },
    {
        "date": "2006-06-30",
        "symbol": "FNMA",
        "reportedCurrency": "USD",
        "cik": "0000310522",
        "fillingDate": "2006-06-30",
        "acceptedDate": "2006-06-29 20:00:00",
        "calendarYear": "2006",
        "period": "Q2",
        "revenue": 0,
        "costOfRevenue": 0,
        "grossProfit": 0,
        "grossProfitRatio": 0,
        "researchAndDevelopmentExpenses": 0,
        "generalAndAdministrativeExpenses": 0,
        "sellingAndMarketingExpenses": 0,
        "sellingGeneralAndAdministrativeExpenses": 0,
        "otherExpenses": 1015000000,
        "operatingExpenses": 1015000000,
        "costAndExpenses": 1015000000,
        "interestIncome": 0,
        "interestExpense": 0,
        "depreciationAndAmortization": 0,
        "ebitda": 1015000000,
        "ebitdaratio": 0,
        "operatingIncome": 1015000000,
        "operatingIncomeRatio": 0,
        "totalOtherIncomeExpensesNet": 0,
        "incomeBeforeTax": 0,
        "incomeBeforeTaxRatio": 0,
        "incomeTaxExpense": -1015000000,
        "netIncome": 1015000000,
        "netIncomeRatio": 0,
        "eps": 1,
        "epsdiluted": 1,
        "weightedAverageShsOut": 971000000,
        "weightedAverageShsOutDil": 972000000,
        "link": "",
        "finalLink": ""
    },
    {
        "date": "2006-03-31",
        "symbol": "FNMA",
        "reportedCurrency": "USD",
        "cik": "0000310522",
        "fillingDate": "2006-03-31",
        "acceptedDate": "2006-03-30 19:00:00",
        "calendarYear": "2006",
        "period": "Q1",
        "revenue": 0,
        "costOfRevenue": 0,
        "grossProfit": 0,
        "grossProfitRatio": 0,
        "researchAndDevelopmentExpenses": 0,
        "generalAndAdministrativeExpenses": 0,
        "sellingAndMarketingExpenses": 0,
        "sellingGeneralAndAdministrativeExpenses": 0,
        "otherExpenses": 1015000000,
        "operatingExpenses": 1015000000,
        "costAndExpenses": 1015000000,
        "interestIncome": 0,
        "interestExpense": 0,
        "depreciationAndAmortization": 0,
        "ebitda": 1015000000,
        "ebitdaratio": 0,
        "operatingIncome": 1015000000,
        "operatingIncomeRatio": 0,
        "totalOtherIncomeExpensesNet": 0,
        "incomeBeforeTax": 0,
        "incomeBeforeTaxRatio": 0,
        "incomeTaxExpense": -1015000000,
        "netIncome": 1015000000,
        "netIncomeRatio": 0,
        "eps": 1,
        "epsdiluted": 1,
        "weightedAverageShsOut": 971000000,
        "weightedAverageShsOutDil": 972000000,
        "link": "",
        "finalLink": ""
    },
    {
        "date": "2005-12-31",
        "symbol": "FNMA",
        "reportedCurrency": "USD",
        "cik": "0000310522",
        "fillingDate": "2007-05-02",
        "acceptedDate": "2007-05-02 08:12:08",
        "calendarYear": "2005",
        "period": "Q4",
        "revenue": 44844000000,
        "costOfRevenue": 0,
        "grossProfit": 44844000000,
        "grossProfitRatio": 1,
        "researchAndDevelopmentExpenses": 0,
        "generalAndAdministrativeExpenses": 0,
        "sellingAndMarketingExpenses": 0,
        "sellingGeneralAndAdministrativeExpenses": 0,
        "otherExpenses": -43257000000,
        "operatingExpenses": -43257000000,
        "costAndExpenses": -43257000000,
        "interestIncome": 0,
        "interestExpense": 33339000000,
        "depreciationAndAmortization": 0,
        "ebitda": 1587000000,
        "ebitdaratio": 0.0353893497,
        "operatingIncome": 1587000000,
        "operatingIncomeRatio": 0.0353893497,
        "totalOtherIncomeExpensesNet": 0,
        "incomeBeforeTax": 7571000000,
        "incomeBeforeTaxRatio": 0.1688297208,
        "incomeTaxExpense": 1277000000,
        "netIncome": 1587000000,
        "netIncomeRatio": 0.0353893497,
        "eps": 1.63,
        "epsdiluted": 1.63,
        "weightedAverageShsOut": 970000000,
        "weightedAverageShsOutDil": 971000000,
        "link": "https://www.sec.gov/Archives/edgar/data/310522/000095013307002009/0000950133-07-002009-index.htm",
        "finalLink": "https://www.sec.gov/Archives/edgar/data/310522/000095013307002009/w33365e10vk.htm"
    },
    {
        "date": "2005-09-30",
        "symbol": "FNMA",
        "reportedCurrency": "USD",
        "cik": "0000310522",
        "fillingDate": "2005-09-30",
        "acceptedDate": "2005-09-29 20:00:00",
        "calendarYear": "2005",
        "period": "Q3",
        "revenue": 0,
        "costOfRevenue": 0,
        "grossProfit": 0,
        "grossProfitRatio": 0,
        "researchAndDevelopmentExpenses": 0,
        "generalAndAdministrativeExpenses": 0,
        "sellingAndMarketingExpenses": 0,
        "sellingGeneralAndAdministrativeExpenses": 0,
        "otherExpenses": 1587000000,
        "operatingExpenses": 1587000000,
        "costAndExpenses": 1587000000,
        "interestIncome": 0,
        "interestExpense": 0,
        "depreciationAndAmortization": 0,
        "ebitda": 1587000000,
        "ebitdaratio": 0,
        "operatingIncome": 1587000000,
        "operatingIncomeRatio": 0,
        "totalOtherIncomeExpensesNet": 0,
        "incomeBeforeTax": 0,
        "incomeBeforeTaxRatio": 0,
        "incomeTaxExpense": -1587000000,
        "netIncome": 1587000000,
        "netIncomeRatio": 0,
        "eps": 1.51,
        "epsdiluted": 1.51,
        "weightedAverageShsOut": 970000000,
        "weightedAverageShsOutDil": 998000000,
        "link": "",
        "finalLink": ""
    },
    {
        "date": "2005-06-30",
        "symbol": "FNMA",
        "reportedCurrency": "USD",
        "cik": "0000310522",
        "fillingDate": "2005-06-30",
        "acceptedDate": "2005-06-29 20:00:00",
        "calendarYear": "2005",
        "period": "Q2",
        "revenue": 0,
        "costOfRevenue": 0,
        "grossProfit": 0,
        "grossProfitRatio": 0,
        "researchAndDevelopmentExpenses": 0,
        "generalAndAdministrativeExpenses": 0,
        "sellingAndMarketingExpenses": 0,
        "sellingGeneralAndAdministrativeExpenses": 0,
        "otherExpenses": 1587000000,
        "operatingExpenses": 1587000000,
        "costAndExpenses": 1587000000,
        "interestIncome": 0,
        "interestExpense": 0,
        "depreciationAndAmortization": 0,
        "ebitda": 1587000000,
        "ebitdaratio": 0,
        "operatingIncome": 1587000000,
        "operatingIncomeRatio": 0,
        "totalOtherIncomeExpensesNet": 0,
        "incomeBeforeTax": 0,
        "incomeBeforeTaxRatio": 0,
        "incomeTaxExpense": -1587000000,
        "netIncome": 1587000000,
        "netIncomeRatio": 0,
        "eps": 1.64,
        "epsdiluted": 1.59,
        "weightedAverageShsOut": 970000000,
        "weightedAverageShsOutDil": 998000000,
        "link": "",
        "finalLink": ""
    },
    {
        "date": "2005-03-31",
        "symbol": "FNMA",
        "reportedCurrency": "USD",
        "cik": "0000310522",
        "fillingDate": "2005-03-31",
        "acceptedDate": "2005-03-30 19:00:00",
        "calendarYear": "2005",
        "period": "Q1",
        "revenue": 0,
        "costOfRevenue": 0,
        "grossProfit": 0,
        "grossProfitRatio": 0,
        "researchAndDevelopmentExpenses": 0,
        "generalAndAdministrativeExpenses": 0,
        "sellingAndMarketingExpenses": 0,
        "sellingGeneralAndAdministrativeExpenses": 0,
        "otherExpenses": 1587000000,
        "operatingExpenses": 1587000000,
        "costAndExpenses": 1587000000,
        "interestIncome": 0,
        "interestExpense": 0,
        "depreciationAndAmortization": 0,
        "ebitda": 1587000000,
        "ebitdaratio": 0,
        "operatingIncome": 1587000000,
        "operatingIncomeRatio": 0,
        "totalOtherIncomeExpensesNet": 0,
        "incomeBeforeTax": 0,
        "incomeBeforeTaxRatio": 0,
        "incomeTaxExpense": -1587000000,
        "netIncome": 1587000000,
        "netIncomeRatio": 0,
        "eps": 1.51,
        "epsdiluted": 1.51,
        "weightedAverageShsOut": 970000000,
        "weightedAverageShsOutDil": 998000000,
        "link": "",
        "finalLink": ""
    },
    {
        "date": "2004-12-31",
        "symbol": "FNMA",
        "reportedCurrency": "USD",
        "cik": "0000310522",
        "fillingDate": "2006-12-06",
        "acceptedDate": "2006-12-06 17:05:25",
        "calendarYear": "2004",
        "period": "Q4",
        "revenue": 40283000000,
        "costOfRevenue": 0,
        "grossProfit": 40283000000,
        "grossProfitRatio": 1,
        "researchAndDevelopmentExpenses": 0,
        "generalAndAdministrativeExpenses": 767000000,
        "sellingAndMarketingExpenses": 0,
        "sellingGeneralAndAdministrativeExpenses": -767000000,
        "otherExpenses": 0,
        "operatingExpenses": -767000000,
        "costAndExpenses": -767000000,
        "interestIncome": 0,
        "interestExpense": 0,
        "depreciationAndAmortization": -2012000000,
        "ebitda": 0,
        "ebitdaratio": 0,
        "operatingIncome": 3248000000,
        "operatingIncomeRatio": 0.080629546,
        "totalOtherIncomeExpensesNet": -1088000000,
        "incomeBeforeTax": 2160000000,
        "incomeBeforeTaxRatio": 0.053620634,
        "incomeTaxExpense": 196000000,
        "netIncome": 1236000000,
        "netIncomeRatio": 0.0306829184,
        "eps": 1.27,
        "epsdiluted": 1.27,
        "weightedAverageShsOut": 970000000,
        "weightedAverageShsOutDil": 970000000,
        "link": "https://www.sec.gov/Archives/edgar/data/310522/000095013306005230/0000950133-06-005230-index.htm",
        "finalLink": "https://www.sec.gov/Archives/edgar/data/310522/000095013306005230/w26699e10vk.htm"
    },
    {
        "date": "2004-09-30",
        "symbol": "FNMA",
        "reportedCurrency": "USD",
        "cik": "0000310522",
        "fillingDate": "2004-09-30",
        "acceptedDate": "2004-09-29 20:00:00",
        "calendarYear": "2004",
        "period": "Q3",
        "revenue": -26793000000,
        "costOfRevenue": 0,
        "grossProfit": -26793000000,
        "grossProfitRatio": 1,
        "researchAndDevelopmentExpenses": 0,
        "generalAndAdministrativeExpenses": 0,
        "sellingAndMarketingExpenses": 0,
        "sellingGeneralAndAdministrativeExpenses": 0,
        "otherExpenses": 352000000,
        "operatingExpenses": 1244000000,
        "costAndExpenses": 1244000000,
        "interestIncome": 0,
        "interestExpense": 0,
        "depreciationAndAmortization": 0,
        "ebitda": 1244000000,
        "ebitdaratio": -0.0464300377,
        "operatingIncome": 1244000000,
        "operatingIncomeRatio": -0.0464300377,
        "totalOtherIncomeExpensesNet": 0,
        "incomeBeforeTax": 0,
        "incomeBeforeTaxRatio": 0,
        "incomeTaxExpense": -1244000000,
        "netIncome": 1244000000,
        "netIncomeRatio": -0.0464300377,
        "eps": 1.24,
        "epsdiluted": 1.24,
        "weightedAverageShsOut": 1003226000,
        "weightedAverageShsOutDil": 1003226000,
        "link": "",
        "finalLink": ""
    },
    {
        "date": "2004-06-30",
        "symbol": "FNMA",
        "reportedCurrency": "USD",
        "cik": "0000310522",
        "fillingDate": "2004-08-09",
        "acceptedDate": "2004-08-09 16:46:28",
        "calendarYear": "2004",
        "period": "Q2",
        "revenue": 3600000000,
        "costOfRevenue": 0,
        "grossProfit": 3600000000,
        "grossProfitRatio": 1,
        "researchAndDevelopmentExpenses": 0,
        "generalAndAdministrativeExpenses": 384000000,
        "sellingAndMarketingExpenses": 0,
        "sellingGeneralAndAdministrativeExpenses": 384000000,
        "otherExpenses": 3216000000,
        "operatingExpenses": 3600000000,
        "costAndExpenses": 3600000000,
        "interestIncome": 12055000000,
        "interestExpense": 8942000000,
        "depreciationAndAmortization": 1037000000,
        "ebitda": 0,
        "ebitdaratio": 0,
        "operatingIncome": 10223000000,
        "operatingIncomeRatio": 2.8397222222,
        "totalOtherIncomeExpensesNet": -8942000000,
        "incomeBeforeTax": 1281000000,
        "incomeBeforeTaxRatio": 0.3558333333,
        "incomeTaxExpense": 169000000,
        "netIncome": 1112000000,
        "netIncomeRatio": 0.3088888889,
        "eps": 1.11,
        "epsdiluted": 1.1,
        "weightedAverageShsOut": 969000000,
        "weightedAverageShsOutDil": 970000000,
        "link": "https://www.sec.gov/Archives/edgar/data/310522/000095013304003115/0000950133-04-003115-index.htm",
        "finalLink": "https://www.sec.gov/Archives/edgar/data/310522/000095013304003115/w99629e10vq.htm"
    },
    {
        "date": "2004-03-31",
        "symbol": "FNMA",
        "reportedCurrency": "USD",
        "cik": "0000310522",
        "fillingDate": "2004-05-10",
        "acceptedDate": "2004-05-10 17:25:32",
        "calendarYear": "2004",
        "period": "Q1",
        "revenue": 3935000000,
        "costOfRevenue": 0,
        "grossProfit": 3935000000,
        "grossProfitRatio": 1,
        "researchAndDevelopmentExpenses": 0,
        "generalAndAdministrativeExpenses": 383000000,
        "sellingAndMarketingExpenses": 0,
        "sellingGeneralAndAdministrativeExpenses": 383000000,
        "otherExpenses": 3552000000,
        "operatingExpenses": 3935000000,
        "costAndExpenses": 3935000000,
        "interestIncome": 12344000000,
        "interestExpense": 9148000000,
        "depreciationAndAmortization": 975000000,
        "ebitda": 0,
        "ebitdaratio": 0,
        "operatingIncome": 11706000000,
        "operatingIncomeRatio": 2.974841169,
        "totalOtherIncomeExpensesNet": -9148000000,
        "incomeBeforeTax": 2558000000,
        "incomeBeforeTaxRatio": 0.6500635324,
        "incomeTaxExpense": 659000000,
        "netIncome": 1899000000,
        "netIncomeRatio": 0.482592122,
        "eps": 1.91,
        "epsdiluted": 1.9,
        "weightedAverageShsOut": 972000000,
        "weightedAverageShsOutDil": 975000000,
        "link": "https://www.sec.gov/Archives/edgar/data/310522/000095013304001912/0000950133-04-001912-index.htm",
        "finalLink": "https://www.sec.gov/Archives/edgar/data/310522/000095013304001912/w96901e10vq.htm"
    },
    {
        "date": "2003-12-31",
        "symbol": "FNMA",
        "reportedCurrency": "USD",
        "cik": "0000310522",
        "fillingDate": "2004-03-15",
        "acceptedDate": "2004-03-15 16:21:24",
        "calendarYear": "2003",
        "period": "Q4",
        "revenue": 3818000000,
        "costOfRevenue": 0,
        "grossProfit": 3818000000,
        "grossProfitRatio": 1,
        "researchAndDevelopmentExpenses": 0,
        "generalAndAdministrativeExpenses": 418000000,
        "sellingAndMarketingExpenses": 0,
        "sellingGeneralAndAdministrativeExpenses": 418000000,
        "otherExpenses": 3400000000,
        "operatingExpenses": 3818000000,
        "costAndExpenses": -1045000000,
        "interestIncome": 12874000000,
        "interestExpense": 9663000000,
        "depreciationAndAmortization": 1169000000,
        "ebitda": 0,
        "ebitdaratio": 0,
        "operatingIncome": 12663000000,
        "operatingIncomeRatio": 3.3166579361,
        "totalOtherIncomeExpensesNet": -9663000000,
        "incomeBeforeTax": 3000000000,
        "incomeBeforeTaxRatio": 0.7857517025,
        "incomeTaxExpense": 803000000,
        "netIncome": 2197000000,
        "netIncomeRatio": 0.5754321634,
        "eps": 2.26,
        "epsdiluted": 2.26,
        "weightedAverageShsOut": 968000000,
        "weightedAverageShsOutDil": 972000000,
        "link": "https://www.sec.gov/Archives/edgar/data/310522/000095013304000928/0000950133-04-000928-index.htm",
        "finalLink": "https://www.sec.gov/Archives/edgar/data/310522/000095013304000928/w92188e10vk.htm"
    },
    {
        "date": "2003-09-30",
        "symbol": "FNMA",
        "reportedCurrency": "USD",
        "cik": "0000310522",
        "fillingDate": "2003-11-14",
        "acceptedDate": "2003-11-14 16:13:51",
        "calendarYear": "2003",
        "period": "Q3",
        "revenue": 4206000000,
        "costOfRevenue": 0,
        "grossProfit": 4206000000,
        "grossProfitRatio": 1,
        "researchAndDevelopmentExpenses": 0,
        "generalAndAdministrativeExpenses": 347000000,
        "sellingAndMarketingExpenses": 0,
        "sellingGeneralAndAdministrativeExpenses": 347000000,
        "otherExpenses": 3859000000,
        "operatingExpenses": 4206000000,
        "costAndExpenses": 4206000000,
        "interestIncome": 12558000000,
        "interestExpense": 9069000000,
        "depreciationAndAmortization": 1131000000,
        "ebitda": 0,
        "ebitdaratio": 0,
        "operatingIncome": 12655000000,
        "operatingIncomeRatio": 3.0087969567,
        "totalOtherIncomeExpensesNet": -9254000000,
        "incomeBeforeTax": 3401000000,
        "incomeBeforeTaxRatio": 0.8086067523,
        "incomeTaxExpense": 920000000,
        "netIncome": 2666000000,
        "netIncomeRatio": 0.6338563956,
        "eps": 2.7,
        "epsdiluted": 2.69,
        "weightedAverageShsOut": 973000000,
        "weightedAverageShsOutDil": 976000000,
        "link": "https://www.sec.gov/Archives/edgar/data/310522/000095013303003943/0000950133-03-003943-index.htm",
        "finalLink": "https://www.sec.gov/Archives/edgar/data/310522/000095013303003943/w90482e10vq.htm"
    },
    {
        "date": "2003-06-30",
        "symbol": "FNMA",
        "reportedCurrency": "USD",
        "cik": "0000310522",
        "fillingDate": "2003-08-14",
        "acceptedDate": "2003-08-14 14:43:40",
        "calendarYear": "2003",
        "period": "Q2",
        "revenue": 4365000000,
        "costOfRevenue": 0,
        "grossProfit": 4365000000,
        "grossProfitRatio": 1,
        "researchAndDevelopmentExpenses": 0,
        "generalAndAdministrativeExpenses": 354000000,
        "sellingAndMarketingExpenses": 0,
        "sellingGeneralAndAdministrativeExpenses": 354000000,
        "otherExpenses": 4011000000,
        "operatingExpenses": 4365000000,
        "costAndExpenses": 4365000000,
        "interestIncome": 12592000000,
        "interestExpense": 9091000000,
        "depreciationAndAmortization": 1176000000,
        "ebitda": 0,
        "ebitdaratio": 0,
        "operatingIncome": 10456000000,
        "operatingIncomeRatio": 2.3954180985,
        "totalOtherIncomeExpensesNet": -9091000000,
        "incomeBeforeTax": 1365000000,
        "incomeBeforeTaxRatio": 0.3127147766,
        "incomeTaxExpense": 263000000,
        "netIncome": 1102000000,
        "netIncomeRatio": 0.2524627721,
        "eps": 1.09,
        "epsdiluted": 1.09,
        "weightedAverageShsOut": 979000000,
        "weightedAverageShsOutDil": 982000000,
        "link": "https://www.sec.gov/Archives/edgar/data/310522/000095013303002922/0000950133-03-002922-index.htm",
        "finalLink": "https://www.sec.gov/Archives/edgar/data/310522/000095013303002922/w88864e10vq.htm"
    },
    {
        "date": "2003-03-31",
        "symbol": "FNMA",
        "reportedCurrency": "USD",
        "cik": "0000310522",
        "fillingDate": "2003-05-15",
        "acceptedDate": "2003-05-15 14:40:27",
        "calendarYear": "2003",
        "period": "Q1",
        "revenue": 4029000000,
        "costOfRevenue": 0,
        "grossProfit": 4029000000,
        "grossProfitRatio": 1,
        "researchAndDevelopmentExpenses": 0,
        "generalAndAdministrativeExpenses": 344000000,
        "sellingAndMarketingExpenses": 0,
        "sellingGeneralAndAdministrativeExpenses": 344000000,
        "otherExpenses": 3685000000,
        "operatingExpenses": 4029000000,
        "costAndExpenses": 4029000000,
        "interestIncome": 12896000000,
        "interestExpense": 9528000000,
        "depreciationAndAmortization": 1319000000,
        "ebitda": 0,
        "ebitdaratio": 0,
        "operatingIncome": 12176000000,
        "operatingIncomeRatio": 3.0220898486,
        "totalOtherIncomeExpensesNet": -9528000000,
        "incomeBeforeTax": 2648000000,
        "incomeBeforeTaxRatio": 0.6572350459,
        "incomeTaxExpense": 707000000,
        "netIncome": 1941000000,
        "netIncomeRatio": 0.4817572599,
        "eps": 1.94,
        "epsdiluted": 1.93,
        "weightedAverageShsOut": 987000000,
        "weightedAverageShsOutDil": 990000000,
        "link": "https://www.sec.gov/Archives/edgar/data/310522/000095013303001892/0000950133-03-001892-index.htm",
        "finalLink": "https://www.sec.gov/Archives/edgar/data/310522/000095013303001892/w86147e10vq.htm"
    },
    {
        "date": "2002-12-31",
        "symbol": "FNMA",
        "reportedCurrency": "USD",
        "cik": "0000310522",
        "fillingDate": "2003-03-31",
        "acceptedDate": "2003-03-31 15:15:25",
        "calendarYear": "2002",
        "period": "Q4",
        "revenue": 3629800000,
        "costOfRevenue": 0,
        "grossProfit": 3629800000,
        "grossProfitRatio": 1,
        "researchAndDevelopmentExpenses": 0,
        "generalAndAdministrativeExpenses": 313000000,
        "sellingAndMarketingExpenses": 0,
        "sellingGeneralAndAdministrativeExpenses": 313000000,
        "otherExpenses": 3316800000,
        "operatingExpenses": 3629800000,
        "costAndExpenses": -906000000,
        "interestIncome": 12765400000,
        "interestExpense": 9753200000,
        "depreciationAndAmortization": 1094000000,
        "ebitda": 0,
        "ebitdaratio": 0,
        "operatingIncome": 10980200000,
        "operatingIncomeRatio": 3.0250151523,
        "totalOtherIncomeExpensesNet": -9753200000,
        "incomeBeforeTax": 1227000000,
        "incomeBeforeTaxRatio": 0.3380351535,
        "incomeTaxExpense": 274600000,
        "netIncome": 952400000,
        "netIncomeRatio": 0.2623836024,
        "eps": 0.96,
        "epsdiluted": 0.96,
        "weightedAverageShsOut": 971900000,
        "weightedAverageShsOutDil": 987000000,
        "link": "https://www.sec.gov/Archives/edgar/data/310522/000095013303001151/0000950133-03-001151-index.htm",
        "finalLink": "https://www.sec.gov/Archives/edgar/data/310522/000095013303001151/w84239e10vk.htm"
    },
    {
        "date": "2002-09-30",
        "symbol": "FNMA",
        "reportedCurrency": "USD",
        "cik": "0000310522",
        "fillingDate": "2002-09-30",
        "acceptedDate": "2002-09-30 00:00:00",
        "calendarYear": "2002",
        "period": "Q3",
        "revenue": 3145400000,
        "costOfRevenue": 0,
        "grossProfit": 3145400000,
        "grossProfitRatio": 1,
        "researchAndDevelopmentExpenses": 0,
        "generalAndAdministrativeExpenses": 314600000,
        "sellingAndMarketingExpenses": 0,
        "sellingGeneralAndAdministrativeExpenses": 314600000,
        "otherExpenses": 2830800000,
        "operatingExpenses": 3145400000,
        "costAndExpenses": 8329600000,
        "interestIncome": 12765000000,
        "interestExpense": 10173700000,
        "depreciationAndAmortization": 1504000000,
        "ebitda": 0,
        "ebitdaratio": 0,
        "operatingIncome": 11475000000,
        "operatingIncomeRatio": 3.6481846506,
        "totalOtherIncomeExpensesNet": -10173700000,
        "incomeBeforeTax": 1301300000,
        "incomeBeforeTaxRatio": 0.4137152667,
        "incomeTaxExpense": 307000000,
        "netIncome": 994300000,
        "netIncomeRatio": 0.3161124181,
        "eps": 0.98,
        "epsdiluted": 0.98,
        "weightedAverageShsOut": 994100000,
        "weightedAverageShsOutDil": 994100000,
        "link": null,
        "finalLink": null
    },
    {
        "date": "2002-06-30",
        "symbol": "FNMA",
        "reportedCurrency": "USD",
        "cik": "0000310522",
        "fillingDate": "2002-06-30",
        "acceptedDate": "2002-06-30 00:00:00",
        "calendarYear": "2002",
        "period": "Q2",
        "revenue": 2997200000,
        "costOfRevenue": 0,
        "grossProfit": 2997200000,
        "grossProfitRatio": 1,
        "researchAndDevelopmentExpenses": 0,
        "generalAndAdministrativeExpenses": 301300000,
        "sellingAndMarketingExpenses": 0,
        "sellingGeneralAndAdministrativeExpenses": 301300000,
        "otherExpenses": 2695700000,
        "operatingExpenses": 2997000000,
        "costAndExpenses": 9165700000,
        "interestIncome": 12746200000,
        "interestExpense": 10214100000,
        "depreciationAndAmortization": 1539600000,
        "ebitda": 0,
        "ebitdaratio": 0,
        "operatingIncome": 12162900000,
        "operatingIncomeRatio": 4.0580875484,
        "totalOtherIncomeExpensesNet": -10214100000,
        "incomeBeforeTax": 1948800000,
        "incomeBeforeTaxRatio": 0.6502068597,
        "incomeTaxExpense": 485100000,
        "netIncome": 1464000000,
        "netIncomeRatio": 0.4884558922,
        "eps": 1.45,
        "epsdiluted": 1.44,
        "weightedAverageShsOut": 995000000,
        "weightedAverageShsOutDil": 1000000000,
        "link": null,
        "finalLink": null
    },
    {
        "date": "2002-03-31",
        "symbol": "FNMA",
        "reportedCurrency": "USD",
        "cik": "0000310522",
        "fillingDate": "2002-03-31",
        "acceptedDate": "2002-03-31 00:00:00",
        "calendarYear": "2002",
        "period": "Q1",
        "revenue": 2841600000,
        "costOfRevenue": 0,
        "grossProfit": 2841600000,
        "grossProfitRatio": 1,
        "researchAndDevelopmentExpenses": 0,
        "generalAndAdministrativeExpenses": 290100000,
        "sellingAndMarketingExpenses": 0,
        "sellingGeneralAndAdministrativeExpenses": 290100000,
        "otherExpenses": 2551900000,
        "operatingExpenses": 2842000000,
        "costAndExpenses": 2842000000,
        "interestIncome": 12576400000,
        "interestExpense": 10146000000,
        "depreciationAndAmortization": 1663400000,
        "ebitda": 0,
        "ebitdaratio": 0,
        "operatingIncome": 11777000000,
        "operatingIncomeRatio": 4.1444960586,
        "totalOtherIncomeExpensesNet": -10034400000,
        "incomeBeforeTax": 1742600000,
        "incomeBeforeTaxRatio": 0.6132460586,
        "incomeTaxExpense": 422400000,
        "netIncome": 1208000000,
        "netIncomeRatio": 0.4251126126,
        "eps": 1.18,
        "epsdiluted": 1.17,
        "weightedAverageShsOut": 996000000,
        "weightedAverageShsOutDil": 1002000000,
        "link": null,
        "finalLink": null
    },
    {
        "date": "2001-12-31",
        "symbol": "FNMA",
        "reportedCurrency": "USD",
        "cik": "0000310522",
        "fillingDate": "2001-12-31",
        "acceptedDate": "2001-12-31 00:00:00",
        "calendarYear": "2001",
        "period": "Q4",
        "revenue": 2852300000,
        "costOfRevenue": 0,
        "grossProfit": 2852300000,
        "grossProfitRatio": 1,
        "researchAndDevelopmentExpenses": 0,
        "generalAndAdministrativeExpenses": 250700000,
        "sellingAndMarketingExpenses": 0,
        "sellingGeneralAndAdministrativeExpenses": 250700000,
        "otherExpenses": 2601600000,
        "operatingExpenses": 2852300000,
        "costAndExpenses": 10057300000,
        "interestIncome": 12509600000,
        "interestExpense": 10105400000,
        "depreciationAndAmortization": 2775800000,
        "ebitda": 0,
        "ebitdaratio": 0,
        "operatingIncome": 12909600000,
        "operatingIncomeRatio": 4.5260316236,
        "totalOtherIncomeExpensesNet": -10045800000,
        "incomeBeforeTax": 2863800000,
        "incomeBeforeTaxRatio": 1.004031834,
        "incomeTaxExpense": 835600000,
        "netIncome": 1968600000,
        "netIncomeRatio": 0.6901798549,
        "eps": 1.97,
        "epsdiluted": 1.97,
        "weightedAverageShsOut": 980200000,
        "weightedAverageShsOutDil": 1001700000,
        "link": null,
        "finalLink": null
    },
    {
        "date": "2001-09-30",
        "symbol": "FNMA",
        "reportedCurrency": "USD",
        "cik": "0000310522",
        "fillingDate": "2001-09-30",
        "acceptedDate": "2001-09-30 00:00:00",
        "calendarYear": "2001",
        "period": "Q3",
        "revenue": 2512000000,
        "costOfRevenue": 0,
        "grossProfit": 2512000000,
        "grossProfitRatio": 1,
        "researchAndDevelopmentExpenses": 0,
        "generalAndAdministrativeExpenses": 272400000,
        "sellingAndMarketingExpenses": 0,
        "sellingGeneralAndAdministrativeExpenses": 272400000,
        "otherExpenses": 2239600000,
        "operatingExpenses": 2512000000,
        "costAndExpenses": 9533100000,
        "interestIncome": 12447300000,
        "interestExpense": 10368200000,
        "depreciationAndAmortization": 2598600000,
        "ebitda": 0,
        "ebitdaratio": 0,
        "operatingIncome": 12045100000,
        "operatingIncomeRatio": 4.7950238854,
        "totalOtherIncomeExpensesNet": -10233700000,
        "incomeBeforeTax": 1604700000,
        "incomeBeforeTaxRatio": 0.6388136943,
        "incomeTaxExpense": 447400000,
        "netIncome": 1229500000,
        "netIncomeRatio": 0.4894506369,
        "eps": 1.19,
        "epsdiluted": 1.19,
        "weightedAverageShsOut": 1003782000,
        "weightedAverageShsOutDil": 1003782000,
        "link": null,
        "finalLink": null
    },
    {
        "date": "2001-06-30",
        "symbol": "FNMA",
        "reportedCurrency": "USD",
        "cik": "0000310522",
        "fillingDate": "2001-06-30",
        "acceptedDate": "2001-06-30 00:00:00",
        "calendarYear": "2001",
        "period": "Q2",
        "revenue": 2281000000,
        "costOfRevenue": 0,
        "grossProfit": 2281000000,
        "grossProfitRatio": 1,
        "researchAndDevelopmentExpenses": 0,
        "generalAndAdministrativeExpenses": 254400000,
        "sellingAndMarketingExpenses": 0,
        "sellingGeneralAndAdministrativeExpenses": 254400000,
        "otherExpenses": 2026600000,
        "operatingExpenses": 2281000000,
        "costAndExpenses": 9989600000,
        "interestIncome": 12217900000,
        "interestExpense": 10318500000,
        "depreciationAndAmortization": 3063300000,
        "ebitda": 0,
        "ebitdaratio": 0,
        "operatingIncome": 12270600000,
        "operatingIncomeRatio": 5.379482683,
        "totalOtherIncomeExpensesNet": -10226000000,
        "incomeBeforeTax": 1902100000,
        "incomeBeforeTaxRatio": 0.8338886453,
        "incomeTaxExpense": 549700000,
        "netIncome": 1402400000,
        "netIncomeRatio": 0.6148180623,
        "eps": 1.37,
        "epsdiluted": 1.36,
        "weightedAverageShsOut": 998321000,
        "weightedAverageShsOutDil": 1005662000,
        "link": null,
        "finalLink": null
    },
    {
        "date": "2001-03-31",
        "symbol": "FNMA",
        "reportedCurrency": "USD",
        "cik": "0000310522",
        "fillingDate": "2001-03-31",
        "acceptedDate": "2001-03-31 00:00:00",
        "calendarYear": "2001",
        "period": "Q1",
        "revenue": 2077700000,
        "costOfRevenue": 0,
        "grossProfit": 2077700000,
        "grossProfitRatio": 1,
        "researchAndDevelopmentExpenses": 0,
        "generalAndAdministrativeExpenses": 239500000,
        "sellingAndMarketingExpenses": 0,
        "sellingGeneralAndAdministrativeExpenses": 239500000,
        "otherExpenses": 1838200000,
        "operatingExpenses": 2077700000,
        "costAndExpenses": 9895000000,
        "interestIncome": 11995200000,
        "interestExpense": 10287900000,
        "depreciationAndAmortization": 3123300000,
        "ebitda": 0,
        "ebitdaratio": 0,
        "operatingIncome": 11972700000,
        "operatingIncomeRatio": 5.7624777398,
        "totalOtherIncomeExpensesNet": -10401500000,
        "incomeBeforeTax": 1571200000,
        "incomeBeforeTaxRatio": 0.7562208211,
        "incomeTaxExpense": 391400000,
        "netIncome": 1293400000,
        "netIncomeRatio": 0.6225152813,
        "eps": 1.25,
        "epsdiluted": 1.25,
        "weightedAverageShsOut": 1006300000,
        "weightedAverageShsOutDil": 1006300000,
        "link": null,
        "finalLink": null
    },
    {
        "date": "2000-12-31",
        "symbol": "FNMA",
        "reportedCurrency": "USD",
        "cik": "0000310522",
        "fillingDate": "2000-12-31",
        "acceptedDate": "2000-12-31 00:00:00",
        "calendarYear": "2000",
        "period": "Q4",
        "revenue": 1825600000,
        "costOfRevenue": 0,
        "grossProfit": 1825600000,
        "grossProfitRatio": 1,
        "researchAndDevelopmentExpenses": 0,
        "generalAndAdministrativeExpenses": 231900000,
        "sellingAndMarketingExpenses": 0,
        "sellingGeneralAndAdministrativeExpenses": 231900000,
        "otherExpenses": 1593700000,
        "operatingExpenses": 1825600000,
        "costAndExpenses": 9840000000,
        "interestIncome": 11581000000,
        "interestExpense": 10095500000,
        "depreciationAndAmortization": 2723600000,
        "ebitda": 0,
        "ebitdaratio": 0,
        "operatingIncome": 11665600000,
        "operatingIncomeRatio": 6.3900087642,
        "totalOtherIncomeExpensesNet": -10093000000,
        "incomeBeforeTax": 1572600000,
        "incomeBeforeTaxRatio": 0.8614154251,
        "incomeTaxExpense": 405900000,
        "netIncome": 1164200000,
        "netIncomeRatio": 0.6377081507,
        "eps": 1.16,
        "epsdiluted": 1.16,
        "weightedAverageShsOut": 1000177000,
        "weightedAverageShsOutDil": 1006300000,
        "link": null,
        "finalLink": null
    },
    {
        "date": "2000-09-30",
        "symbol": "FNMA",
        "reportedCurrency": "USD",
        "cik": "0000310522",
        "fillingDate": "2000-09-30",
        "acceptedDate": "2000-09-30 00:00:00",
        "calendarYear": "2000",
        "period": "Q3",
        "revenue": 1769500000,
        "costOfRevenue": 0,
        "grossProfit": 1769500000,
        "grossProfitRatio": 1,
        "researchAndDevelopmentExpenses": 0,
        "generalAndAdministrativeExpenses": 232200000,
        "sellingAndMarketingExpenses": 0,
        "sellingGeneralAndAdministrativeExpenses": 232200000,
        "otherExpenses": 1537300000,
        "operatingExpenses": 1769500000,
        "costAndExpenses": 9181800000,
        "interestIncome": 10862100000,
        "interestExpense": 9434500000,
        "depreciationAndAmortization": 2435600000,
        "ebitda": 0,
        "ebitdaratio": 0,
        "operatingIncome": 10951300000,
        "operatingIncomeRatio": 6.1889234247,
        "totalOtherIncomeExpensesNet": -9435800000,
        "incomeBeforeTax": 1515500000,
        "incomeBeforeTaxRatio": 0.8564566262,
        "incomeTaxExpense": 392700000,
        "netIncome": 1124100000,
        "netIncomeRatio": 0.6352641989,
        "eps": 1.09,
        "epsdiluted": 1.09,
        "weightedAverageShsOut": 998000000,
        "weightedAverageShsOutDil": 1003400000,
        "link": null,
        "finalLink": null
    },
    {
        "date": "2000-06-30",
        "symbol": "FNMA",
        "reportedCurrency": "USD",
        "cik": "0000310522",
        "fillingDate": "2000-06-30",
        "acceptedDate": "2000-06-30 00:00:00",
        "calendarYear": "2000",
        "period": "Q2",
        "revenue": 1692000000,
        "costOfRevenue": 0,
        "grossProfit": 1692000000,
        "grossProfitRatio": 1,
        "researchAndDevelopmentExpenses": 0,
        "generalAndAdministrativeExpenses": 224100000,
        "sellingAndMarketingExpenses": 0,
        "sellingGeneralAndAdministrativeExpenses": 224100000,
        "otherExpenses": 1467900000,
        "operatingExpenses": 1692000000,
        "costAndExpenses": 8753700000,
        "interestIncome": 10364500000,
        "interestExpense": 8965700000,
        "depreciationAndAmortization": 2161800000,
        "ebitda": 0,
        "ebitdaratio": 0,
        "operatingIncome": 10445700000,
        "operatingIncomeRatio": 6.1735815603,
        "totalOtherIncomeExpensesNet": -8998400000,
        "incomeBeforeTax": 1447300000,
        "incomeBeforeTaxRatio": 0.8553782506,
        "incomeTaxExpense": 383100000,
        "netIncome": 1096900000,
        "netIncomeRatio": 0.648286052,
        "eps": 1.06,
        "epsdiluted": 1.05,
        "weightedAverageShsOut": 1004400000,
        "weightedAverageShsOutDil": 1010000000,
        "link": null,
        "finalLink": null
    },
    {
        "date": "2000-03-31",
        "symbol": "FNMA",
        "reportedCurrency": "USD",
        "cik": "0000310522",
        "fillingDate": "2000-03-31",
        "acceptedDate": "2000-03-31 00:00:00",
        "calendarYear": "2000",
        "period": "Q1",
        "revenue": 1694600000,
        "costOfRevenue": 0,
        "grossProfit": 1694600000,
        "grossProfitRatio": 1,
        "researchAndDevelopmentExpenses": 0,
        "generalAndAdministrativeExpenses": 217000000,
        "sellingAndMarketingExpenses": 0,
        "sellingGeneralAndAdministrativeExpenses": 217000000,
        "otherExpenses": 1477600000,
        "operatingExpenses": 1694600000,
        "costAndExpenses": 8364000000,
        "interestIncome": 9973500000,
        "interestExpense": 8611500000,
        "depreciationAndAmortization": 2046600000,
        "ebitda": 0,
        "ebitdaratio": 0,
        "operatingIncome": 10058600000,
        "operatingIncomeRatio": 5.9356780361,
        "totalOtherIncomeExpensesNet": -8611500000,
        "incomeBeforeTax": 1447100000,
        "incomeBeforeTaxRatio": 0.8539478343,
        "incomeTaxExpense": 384700000,
        "netIncome": 1062400000,
        "netIncomeRatio": 0.6269326095,
        "eps": 1.03,
        "epsdiluted": 1.02,
        "weightedAverageShsOut": 1013200000,
        "weightedAverageShsOutDil": 1013200000,
        "link": null,
        "finalLink": null
    },
    {
        "date": "1999-12-31",
        "symbol": "FNMA",
        "reportedCurrency": "USD",
        "cik": "0000310522",
        "fillingDate": "1999-12-31",
        "acceptedDate": "1999-12-31 00:00:00",
        "calendarYear": "1999",
        "period": "Q4",
        "revenue": 1675800000,
        "costOfRevenue": 0,
        "grossProfit": 1675800000,
        "grossProfitRatio": 1,
        "researchAndDevelopmentExpenses": 0,
        "generalAndAdministrativeExpenses": 205700000,
        "sellingAndMarketingExpenses": 0,
        "sellingGeneralAndAdministrativeExpenses": 205700000,
        "otherExpenses": 1470100000,
        "operatingExpenses": 1675800000,
        "costAndExpenses": 8039000000,
        "interestIncome": 9569200000,
        "interestExpense": 8263200000,
        "depreciationAndAmortization": 1377200000,
        "ebitda": 0,
        "ebitdaratio": 0,
        "operatingIncome": 9714800000,
        "operatingIncomeRatio": 5.7971118272,
        "totalOtherIncomeExpensesNet": -8263400000,
        "incomeBeforeTax": 1451400000,
        "incomeBeforeTaxRatio": 0.8660938059,
        "incomeTaxExpense": 413100000,
        "netIncome": 1038500000,
        "netIncomeRatio": 0.619704022,
        "eps": 1.02,
        "epsdiluted": 1.02,
        "weightedAverageShsOut": 1013200000,
        "weightedAverageShsOutDil": 1013200000,
        "link": null,
        "finalLink": null
    },
    {
        "date": "1999-09-30",
        "symbol": "FNMA",
        "reportedCurrency": "USD",
        "cik": "0000310522",
        "fillingDate": "1999-09-30",
        "acceptedDate": "1999-09-30 00:00:00",
        "calendarYear": "1999",
        "period": "Q3",
        "revenue": 1594400000,
        "costOfRevenue": 0,
        "grossProfit": 1594400000,
        "grossProfitRatio": 1,
        "researchAndDevelopmentExpenses": 0,
        "generalAndAdministrativeExpenses": 203300000,
        "sellingAndMarketingExpenses": 0,
        "sellingGeneralAndAdministrativeExpenses": 203300000,
        "otherExpenses": 1391100000,
        "operatingExpenses": 1594400000,
        "costAndExpenses": 7613900000,
        "interestIncome": 9078500000,
        "interestExpense": 7838000000,
        "depreciationAndAmortization": 1934100000,
        "ebitda": 0,
        "ebitdaratio": 0,
        "operatingIncome": 9208300000,
        "operatingIncomeRatio": 5.7754014049,
        "totalOtherIncomeExpensesNet": -7838000000,
        "incomeBeforeTax": 1370300000,
        "incomeBeforeTaxRatio": 0.8594455595,
        "incomeTaxExpense": 379300000,
        "netIncome": 991000000,
        "netIncomeRatio": 0.6215504265,
        "eps": 0.95,
        "epsdiluted": 0.94,
        "weightedAverageShsOut": 1022105000,
        "weightedAverageShsOutDil": 1032979000,
        "link": null,
        "finalLink": null
    },
    {
        "date": "1999-06-30",
        "symbol": "FNMA",
        "reportedCurrency": "USD",
        "cik": "0000310522",
        "fillingDate": "1999-06-30",
        "acceptedDate": "1999-06-30 00:00:00",
        "calendarYear": "1999",
        "period": "Q2",
        "revenue": 1562200000,
        "costOfRevenue": 0,
        "grossProfit": 1562200000,
        "grossProfitRatio": 1,
        "researchAndDevelopmentExpenses": 0,
        "generalAndAdministrativeExpenses": 198800000,
        "sellingAndMarketingExpenses": 0,
        "sellingGeneralAndAdministrativeExpenses": 198800000,
        "otherExpenses": 1363400000,
        "operatingExpenses": 1562200000,
        "costAndExpenses": 7136300000,
        "interestIncome": 8563700000,
        "interestExpense": 7375800000,
        "depreciationAndAmortization": 1828300000,
        "ebitda": 0,
        "ebitdaratio": 0,
        "operatingIncome": 8698500000,
        "operatingIncomeRatio": 5.5681090769,
        "totalOtherIncomeExpensesNet": -7375400000,
        "incomeBeforeTax": 1323100000,
        "incomeBeforeTaxRatio": 0.8469466137,
        "incomeTaxExpense": 365100000,
        "netIncome": 957600000,
        "netIncomeRatio": 0.6129816925,
        "eps": 0.92,
        "epsdiluted": 0.91,
        "weightedAverageShsOut": 1019457000,
        "weightedAverageShsOutDil": 1030659000,
        "link": null,
        "finalLink": null
    },
    {
        "date": "1999-03-31",
        "symbol": "FNMA",
        "reportedCurrency": "USD",
        "cik": "0000310522",
        "fillingDate": "1999-03-31",
        "acceptedDate": "1999-03-31 00:00:00",
        "calendarYear": "1999",
        "period": "Q1",
        "revenue": 1534600000,
        "costOfRevenue": 0,
        "grossProfit": 1534600000,
        "grossProfitRatio": 1,
        "researchAndDevelopmentExpenses": 0,
        "generalAndAdministrativeExpenses": 192200000,
        "sellingAndMarketingExpenses": 0,
        "sellingGeneralAndAdministrativeExpenses": 192200000,
        "otherExpenses": 1342400000,
        "operatingExpenses": 1534600000,
        "costAndExpenses": 6875800000,
        "interestIncome": 8283600000,
        "interestExpense": 7124000000,
        "depreciationAndAmortization": 1789400000,
        "ebitda": 0,
        "ebitdaratio": 0,
        "operatingIncome": 8410400000,
        "operatingIncomeRatio": 5.4805160954,
        "totalOtherIncomeExpensesNet": -7115200000,
        "incomeBeforeTax": 1295200000,
        "incomeBeforeTaxRatio": 0.8439984361,
        "incomeTaxExpense": 361500000,
        "netIncome": 924900000,
        "netIncomeRatio": 0.6026977714,
        "eps": 0.88,
        "epsdiluted": 0.88,
        "weightedAverageShsOut": 1030455000,
        "weightedAverageShsOutDil": 1030455000,
        "link": null,
        "finalLink": null
    },
    {
        "date": "1998-12-31",
        "symbol": "FNMA",
        "reportedCurrency": "USD",
        "cik": "0000310522",
        "fillingDate": "1998-12-31",
        "acceptedDate": "1998-12-31 00:00:00",
        "calendarYear": "1998",
        "period": "Q4",
        "revenue": 1307900000,
        "costOfRevenue": 0,
        "grossProfit": 1307900000,
        "grossProfitRatio": 1,
        "researchAndDevelopmentExpenses": 0,
        "generalAndAdministrativeExpenses": 184600000,
        "sellingAndMarketingExpenses": 0,
        "sellingGeneralAndAdministrativeExpenses": 184600000,
        "otherExpenses": 1123300000,
        "operatingExpenses": 1307900000,
        "costAndExpenses": 6673900000,
        "interestIncome": 7895000000,
        "interestExpense": 6919000000,
        "depreciationAndAmortization": 1680200000,
        "ebitda": 0,
        "ebitdaratio": 0,
        "operatingIncome": 7981800000,
        "operatingIncomeRatio": 6.1027601499,
        "totalOtherIncomeExpensesNet": -6908500000,
        "incomeBeforeTax": 1073300000,
        "incomeBeforeTaxRatio": 0.8206284884,
        "incomeTaxExpense": 174400000,
        "netIncome": 888400000,
        "netIncomeRatio": 0.6792568239,
        "eps": 0.86,
        "epsdiluted": 0.86,
        "weightedAverageShsOut": 1027369000,
        "weightedAverageShsOutDil": 1030455000,
        "link": null,
        "finalLink": null
    },
    {
        "date": "1998-09-30",
        "symbol": "FNMA",
        "reportedCurrency": "USD",
        "cik": "0000310522",
        "fillingDate": "1998-09-30",
        "acceptedDate": "1998-09-30 00:00:00",
        "calendarYear": "1998",
        "period": "Q3",
        "revenue": 1460100000,
        "costOfRevenue": 0,
        "grossProfit": 1460100000,
        "grossProfitRatio": 1,
        "researchAndDevelopmentExpenses": 0,
        "generalAndAdministrativeExpenses": 178800000,
        "sellingAndMarketingExpenses": 0,
        "sellingGeneralAndAdministrativeExpenses": 178800000,
        "otherExpenses": 1281300000,
        "operatingExpenses": 1460100000,
        "costAndExpenses": 6408200000,
        "interestIncome": 7723700000,
        "interestExpense": 6657100000,
        "depreciationAndAmortization": 1459600000,
        "ebitda": 0,
        "ebitdaratio": 0,
        "operatingIncome": 7868300000,
        "operatingIncomeRatio": 5.3888774741,
        "totalOtherIncomeExpensesNet": -6652300000,
        "incomeBeforeTax": 1216000000,
        "incomeBeforeTaxRatio": 0.8328196699,
        "incomeTaxExpense": 353800000,
        "netIncome": 857400000,
        "netIncomeRatio": 0.5872200534,
        "eps": 0.82,
        "epsdiluted": 0.81,
        "weightedAverageShsOut": 1025976000,
        "weightedAverageShsOutDil": 1038642000,
        "link": null,
        "finalLink": null
    },
    {
        "date": "1998-06-30",
        "symbol": "FNMA",
        "reportedCurrency": "USD",
        "cik": "0000310522",
        "fillingDate": "1998-06-30",
        "acceptedDate": "1998-06-30 00:00:00",
        "calendarYear": "1998",
        "period": "Q2",
        "revenue": 1433400000,
        "costOfRevenue": 0,
        "grossProfit": 1433400000,
        "grossProfitRatio": 1,
        "researchAndDevelopmentExpenses": 0,
        "generalAndAdministrativeExpenses": 174500000,
        "sellingAndMarketingExpenses": 0,
        "sellingGeneralAndAdministrativeExpenses": 174500000,
        "otherExpenses": 1258900000,
        "operatingExpenses": 1433400000,
        "costAndExpenses": 6074500000,
        "interestIncome": 7351800000,
        "interestExpense": 6320300000,
        "depreciationAndAmortization": 1330900000,
        "ebitda": 0,
        "ebitdaratio": 0,
        "operatingIncome": 7507900000,
        "operatingIncomeRatio": 5.2378261476,
        "totalOtherIncomeExpensesNet": -6317900000,
        "incomeBeforeTax": 1190000000,
        "incomeBeforeTaxRatio": 0.8301939445,
        "incomeTaxExpense": 339600000,
        "netIncome": 848000000,
        "netIncomeRatio": 0.5916003907,
        "eps": 0.8,
        "epsdiluted": 0.8,
        "weightedAverageShsOut": 1039875000,
        "weightedAverageShsOutDil": 1039875000,
        "link": null,
        "finalLink": null
    },
    {
        "date": "1998-03-31",
        "symbol": "FNMA",
        "reportedCurrency": "USD",
        "cik": "0000310522",
        "fillingDate": "1998-03-31",
        "acceptedDate": "1998-03-31 00:00:00",
        "calendarYear": "1998",
        "period": "Q1",
        "revenue": 1412600000,
        "costOfRevenue": 0,
        "grossProfit": 1412600000,
        "grossProfitRatio": 1,
        "researchAndDevelopmentExpenses": 0,
        "generalAndAdministrativeExpenses": 170100000,
        "sellingAndMarketingExpenses": 0,
        "sellingGeneralAndAdministrativeExpenses": 170100000,
        "otherExpenses": 1242500000,
        "operatingExpenses": 1412600000,
        "costAndExpenses": 5733400000,
        "interestIncome": 7024500000,
        "interestExpense": 5988600000,
        "depreciationAndAmortization": 1357300000,
        "ebitda": 0,
        "ebitdaratio": 0,
        "operatingIncome": 7146000000,
        "operatingIncomeRatio": 5.0587569022,
        "totalOtherIncomeExpensesNet": -5980300000,
        "incomeBeforeTax": 1165700000,
        "incomeBeforeTaxRatio": 0.8252159139,
        "incomeTaxExpense": 333200000,
        "netIncome": 824200000,
        "netIncomeRatio": 0.5834631177,
        "eps": 0.78,
        "epsdiluted": 0.77,
        "weightedAverageShsOut": 1035897000,
        "weightedAverageShsOutDil": 1049351000,
        "link": null,
        "finalLink": null
    },
    {
        "date": "1997-12-31",
        "symbol": "FNMA",
        "reportedCurrency": "USD",
        "cik": "0000310522",
        "fillingDate": "1997-12-31",
        "acceptedDate": "1997-12-31 00:00:00",
        "calendarYear": "1997",
        "period": "Q4",
        "revenue": 1389600000,
        "costOfRevenue": 0,
        "grossProfit": 1389600000,
        "grossProfitRatio": 1,
        "researchAndDevelopmentExpenses": 0,
        "generalAndAdministrativeExpenses": 167500000,
        "sellingAndMarketingExpenses": 0,
        "sellingGeneralAndAdministrativeExpenses": 167500000,
        "otherExpenses": 1222100000,
        "operatingExpenses": 1389600000,
        "costAndExpenses": 5592000000,
        "interestIncome": 6884200000,
        "interestExpense": 5848400000,
        "depreciationAndAmortization": 1364500000,
        "ebitda": 0,
        "ebitdaratio": 0,
        "operatingIncome": 6981600000,
        "operatingIncomeRatio": 5.02417962,
        "totalOtherIncomeExpensesNet": -5836800000,
        "incomeBeforeTax": 1144800000,
        "incomeBeforeTaxRatio": 0.8238341969,
        "incomeTaxExpense": 339200000,
        "netIncome": 794000000,
        "netIncomeRatio": 0.5713874496,
        "eps": 0.77,
        "epsdiluted": 0.77,
        "weightedAverageShsOut": 1035897000,
        "weightedAverageShsOutDil": 1035897000,
        "link": null,
        "finalLink": null
    },
    {
        "date": "1997-09-30",
        "symbol": "FNMA",
        "reportedCurrency": "USD",
        "cik": "0000310522",
        "fillingDate": "1997-09-30",
        "acceptedDate": "1997-09-30 00:00:00",
        "calendarYear": "1997",
        "period": "Q3",
        "revenue": 1346300000,
        "costOfRevenue": 0,
        "grossProfit": 1346300000,
        "grossProfitRatio": 1,
        "researchAndDevelopmentExpenses": 0,
        "generalAndAdministrativeExpenses": 159100000,
        "sellingAndMarketingExpenses": 0,
        "sellingGeneralAndAdministrativeExpenses": 159100000,
        "otherExpenses": 1187200000,
        "operatingExpenses": 1346300000,
        "costAndExpenses": 5405100000,
        "interestIncome": 6651100000,
        "interestExpense": 5657600000,
        "depreciationAndAmortization": 1245600000,
        "ebitda": 0,
        "ebitdaratio": 0,
        "operatingIncome": 6751400000,
        "operatingIncomeRatio": 5.0147812523,
        "totalOtherIncomeExpensesNet": -5655300000,
        "incomeBeforeTax": 1096100000,
        "incomeBeforeTaxRatio": 0.8141573201,
        "incomeTaxExpense": 318800000,
        "netIncome": 775000000,
        "netIncomeRatio": 0.5756517864,
        "eps": 0.73,
        "epsdiluted": 0.72,
        "weightedAverageShsOut": 1039589000,
        "weightedAverageShsOutDil": 1054028000,
        "link": null,
        "finalLink": null
    },
    {
        "date": "1997-06-30",
        "symbol": "FNMA",
        "reportedCurrency": "USD",
        "cik": "0000310522",
        "fillingDate": "1997-06-30",
        "acceptedDate": "1997-06-30 00:00:00",
        "calendarYear": "1997",
        "period": "Q2",
        "revenue": 1319000000,
        "costOfRevenue": 0,
        "grossProfit": 1319000000,
        "grossProfitRatio": 1,
        "researchAndDevelopmentExpenses": 0,
        "generalAndAdministrativeExpenses": 158400000,
        "sellingAndMarketingExpenses": 0,
        "sellingGeneralAndAdministrativeExpenses": 158400000,
        "otherExpenses": 1160600000,
        "operatingExpenses": 1319000000,
        "costAndExpenses": 5286400000,
        "interestIncome": 6514200000,
        "interestExpense": 5543800000,
        "depreciationAndAmortization": 1218300000,
        "ebitda": 0,
        "ebitdaratio": 0,
        "operatingIncome": 6605400000,
        "operatingIncomeRatio": 5.0078847612,
        "totalOtherIncomeExpensesNet": -5545200000,
        "incomeBeforeTax": 1060200000,
        "incomeBeforeTaxRatio": 0.8037907506,
        "incomeTaxExpense": 308900000,
        "netIncome": 752700000,
        "netIncomeRatio": 0.5706595906,
        "eps": 0.7,
        "epsdiluted": 0.69,
        "weightedAverageShsOut": 1052143000,
        "weightedAverageShsOutDil": 1067391000,
        "link": null,
        "finalLink": null
    },
    {
        "date": "1997-03-31",
        "symbol": "FNMA",
        "reportedCurrency": "USD",
        "cik": "0000310522",
        "fillingDate": "1997-03-31",
        "acceptedDate": "1997-03-31 00:00:00",
        "calendarYear": "1997",
        "period": "Q1",
        "revenue": 1293000000,
        "costOfRevenue": 0,
        "grossProfit": 1293000000,
        "grossProfitRatio": 1,
        "researchAndDevelopmentExpenses": 0,
        "generalAndAdministrativeExpenses": 150600000,
        "sellingAndMarketingExpenses": 0,
        "sellingGeneralAndAdministrativeExpenses": 150600000,
        "otherExpenses": 1142400000,
        "operatingExpenses": 1293000000,
        "costAndExpenses": 5122100000,
        "interestIncome": 6328900000,
        "interestExpense": 5379200000,
        "depreciationAndAmortization": 1183300000,
        "ebitda": 0,
        "ebitdaratio": 0,
        "operatingIncome": 6415100000,
        "operatingIncomeRatio": 4.9614075793,
        "totalOtherIncomeExpensesNet": -5378900000,
        "incomeBeforeTax": 1036200000,
        "incomeBeforeTaxRatio": 0.8013921114,
        "incomeTaxExpense": 301800000,
        "netIncome": 734100000,
        "netIncomeRatio": 0.56774942,
        "eps": 0.68,
        "epsdiluted": 0.67,
        "weightedAverageShsOut": 1055882000,
        "weightedAverageShsOutDil": 1071642000,
        "link": null,
        "finalLink": null
    },
    {
        "date": "1996-12-31",
        "symbol": "FNMA",
        "reportedCurrency": "USD",
        "cik": "0000310522",
        "fillingDate": "1996-12-31",
        "acceptedDate": "1996-12-31 00:00:00",
        "calendarYear": "1996",
        "period": "Q4",
        "revenue": 1259600000,
        "costOfRevenue": 0,
        "grossProfit": 1259600000,
        "grossProfitRatio": 1,
        "researchAndDevelopmentExpenses": 0,
        "generalAndAdministrativeExpenses": 145400000,
        "sellingAndMarketingExpenses": 0,
        "sellingGeneralAndAdministrativeExpenses": 145400000,
        "otherExpenses": 1114200000,
        "operatingExpenses": 1259600000,
        "costAndExpenses": 5014900000,
        "interestIncome": 6190000000,
        "interestExpense": 5266900000,
        "depreciationAndAmortization": 1128600000,
        "ebitda": 0,
        "ebitdaratio": 0,
        "operatingIncome": 6274500000,
        "operatingIncomeRatio": 4.9813432836,
        "totalOtherIncomeExpensesNet": -5266400000,
        "incomeBeforeTax": 1008100000,
        "incomeBeforeTaxRatio": 0.8003334392,
        "incomeTaxExpense": 295500000,
        "netIncome": 712100000,
        "netIncomeRatio": 0.5653382026,
        "eps": 0.67,
        "epsdiluted": 0.67,
        "weightedAverageShsOut": 1055882000,
        "weightedAverageShsOutDil": 1055882000,
        "link": null,
        "finalLink": null
    },
    {
        "date": "1996-09-30",
        "symbol": "FNMA",
        "reportedCurrency": "USD",
        "cik": "0000310522",
        "fillingDate": "1996-09-30",
        "acceptedDate": "1996-09-30 00:00:00",
        "calendarYear": "1996",
        "period": "Q3",
        "revenue": 1223900000,
        "costOfRevenue": 0,
        "grossProfit": 1223900000,
        "grossProfitRatio": 1,
        "researchAndDevelopmentExpenses": 0,
        "generalAndAdministrativeExpenses": 142000000,
        "sellingAndMarketingExpenses": 0,
        "sellingGeneralAndAdministrativeExpenses": 142000000,
        "otherExpenses": 1081900000,
        "operatingExpenses": 1223900000,
        "costAndExpenses": 4848500000,
        "interestIncome": 5992700000,
        "interestExpense": 5092700000,
        "depreciationAndAmortization": 1045600000,
        "ebitda": 0,
        "ebitdaratio": 0,
        "operatingIncome": 6072400000,
        "operatingIncomeRatio": 4.9615164638,
        "totalOtherIncomeExpensesNet": -5092700000,
        "incomeBeforeTax": 979700000,
        "incomeBeforeTaxRatio": 0.8004738949,
        "incomeTaxExpense": 289100000,
        "netIncome": 690600000,
        "netIncomeRatio": 0.5642617861,
        "eps": 0.64,
        "epsdiluted": 0.63,
        "weightedAverageShsOut": 1060156000,
        "weightedAverageShsOutDil": 1076984000,
        "link": null,
        "finalLink": null
    },
    {
        "date": "1996-06-30",
        "symbol": "FNMA",
        "reportedCurrency": "USD",
        "cik": "0000310522",
        "fillingDate": "1996-06-30",
        "acceptedDate": "1996-06-30 00:00:00",
        "calendarYear": "1996",
        "period": "Q2",
        "revenue": 1197700000,
        "costOfRevenue": 0,
        "grossProfit": 1197700000,
        "grossProfitRatio": 1,
        "researchAndDevelopmentExpenses": 0,
        "generalAndAdministrativeExpenses": 138200000,
        "sellingAndMarketingExpenses": 0,
        "sellingGeneralAndAdministrativeExpenses": 138200000,
        "otherExpenses": 1059500000,
        "operatingExpenses": 1197700000,
        "costAndExpenses": 4700100000,
        "interestIncome": 5832000000,
        "interestExpense": 4948300000,
        "depreciationAndAmortization": 1006500000,
        "ebitda": 0,
        "ebitdaratio": 0,
        "operatingIncome": 5897800000,
        "operatingIncomeRatio": 4.9242715204,
        "totalOtherIncomeExpensesNet": -4940600000,
        "incomeBeforeTax": 957200000,
        "incomeBeforeTaxRatio": 0.7991984637,
        "incomeTaxExpense": 281700000,
        "netIncome": 667800000,
        "netIncomeRatio": 0.5575686733,
        "eps": 0.61,
        "epsdiluted": 0.61,
        "weightedAverageShsOut": 1076230000,
        "weightedAverageShsOutDil": 1076230000,
        "link": null,
        "finalLink": null
    },
    {
        "date": "1996-03-31",
        "symbol": "FNMA",
        "reportedCurrency": "USD",
        "cik": "0000310522",
        "fillingDate": "1996-03-31",
        "acceptedDate": "1996-03-31 00:00:00",
        "calendarYear": "1996",
        "period": "Q1",
        "revenue": 1192500000,
        "costOfRevenue": 0,
        "grossProfit": 1192500000,
        "grossProfitRatio": 1,
        "researchAndDevelopmentExpenses": 0,
        "generalAndAdministrativeExpenses": 134900000,
        "sellingAndMarketingExpenses": 0,
        "sellingGeneralAndAdministrativeExpenses": 134900000,
        "otherExpenses": 1057600000,
        "operatingExpenses": 1192500000,
        "costAndExpenses": 4618600000,
        "interestIncome": 5757800000,
        "interestExpense": 4872300000,
        "depreciationAndAmortization": 1157300000,
        "ebitda": 0,
        "ebitdaratio": 0,
        "operatingIncome": 5811100000,
        "operatingIncomeRatio": 4.8730398323,
        "totalOtherIncomeExpensesNet": -4851600000,
        "incomeBeforeTax": 959500000,
        "incomeBeforeTaxRatio": 0.8046121593,
        "incomeTaxExpense": 284600000,
        "netIncome": 652200000,
        "netIncomeRatio": 0.546918239,
        "eps": 0.6,
        "epsdiluted": 0.6,
        "weightedAverageShsOut": 1087000000,
        "weightedAverageShsOutDil": 1087000000,
        "link": null,
        "finalLink": null
    },
    {
        "date": "1995-12-31",
        "symbol": "FNMA",
        "reportedCurrency": "USD",
        "cik": "0000310522",
        "fillingDate": "1995-12-31",
        "acceptedDate": "1995-12-31 00:00:00",
        "calendarYear": "1995",
        "period": "Q4",
        "revenue": 1131100000,
        "costOfRevenue": 0,
        "grossProfit": 1131100000,
        "grossProfitRatio": 1,
        "researchAndDevelopmentExpenses": 0,
        "generalAndAdministrativeExpenses": 144000000,
        "sellingAndMarketingExpenses": 0,
        "sellingGeneralAndAdministrativeExpenses": 144000000,
        "otherExpenses": 4024100000,
        "operatingExpenses": 4168100000,
        "costAndExpenses": 4168100000,
        "interestIncome": 5586200000,
        "interestExpense": 4746000000,
        "depreciationAndAmortization": 0,
        "ebitda": 5299200000,
        "ebitdaratio": 4.6849969057,
        "operatingIncome": 5299200000,
        "operatingIncomeRatio": 4.6849969057,
        "totalOtherIncomeExpensesNet": 3590800000,
        "incomeBeforeTax": 553800000,
        "incomeBeforeTaxRatio": 0.4896118822,
        "incomeTaxExpense": 144900000,
        "netIncome": 408300000,
        "netIncomeRatio": 0.360976041,
        "eps": 0.38,
        "epsdiluted": 0.38,
        "weightedAverageShsOut": 1057693000,
        "weightedAverageShsOutDil": 1087000000,
        "link": null,
        "finalLink": null
    },
    {
        "date": "1995-09-30",
        "symbol": "FNMA",
        "reportedCurrency": "USD",
        "cik": "0000310522",
        "fillingDate": "1995-09-30",
        "acceptedDate": "1995-09-30 00:00:00",
        "calendarYear": "1995",
        "period": "Q3",
        "revenue": 1071800000,
        "costOfRevenue": 0,
        "grossProfit": 1071800000,
        "grossProfitRatio": 1,
        "researchAndDevelopmentExpenses": 0,
        "generalAndAdministrativeExpenses": 137200000,
        "sellingAndMarketingExpenses": 0,
        "sellingGeneralAndAdministrativeExpenses": 137200000,
        "otherExpenses": 4194500000,
        "operatingExpenses": 4331700000,
        "costAndExpenses": 4331700000,
        "interestIncome": 5336200000,
        "interestExpense": 4558700000,
        "depreciationAndAmortization": 0,
        "ebitda": 5403500000,
        "ebitdaratio": 5.0415189401,
        "operatingIncome": 5403500000,
        "operatingIncomeRatio": 5.0415189401,
        "totalOtherIncomeExpensesNet": 4112800000,
        "incomeBeforeTax": 852900000,
        "incomeBeforeTaxRatio": 0.7957641351,
        "incomeTaxExpense": 248000000,
        "netIncome": 596800000,
        "netIncomeRatio": 0.5568203023,
        "eps": 0.54,
        "epsdiluted": 0.54,
        "weightedAverageShsOut": 1105185000,
        "weightedAverageShsOutDil": 1105185000,
        "link": null,
        "finalLink": null
    },
    {
        "date": "1995-06-30",
        "symbol": "FNMA",
        "reportedCurrency": "USD",
        "cik": "0000310522",
        "fillingDate": "1995-06-30",
        "acceptedDate": "1995-06-30 00:00:00",
        "calendarYear": "1995",
        "period": "Q2",
        "revenue": 1010500000,
        "costOfRevenue": 0,
        "grossProfit": 1010500000,
        "grossProfitRatio": 1,
        "researchAndDevelopmentExpenses": 0,
        "generalAndAdministrativeExpenses": 135100000,
        "sellingAndMarketingExpenses": 0,
        "sellingGeneralAndAdministrativeExpenses": 135100000,
        "otherExpenses": 4081800000,
        "operatingExpenses": 4216900000,
        "costAndExpenses": 4216900000,
        "interestIncome": 5162300000,
        "interestExpense": 4441000000,
        "depreciationAndAmortization": 0,
        "ebitda": 5227400000,
        "ebitdaratio": 5.1730826324,
        "operatingIncome": 5227400000,
        "operatingIncomeRatio": 5.1730826324,
        "totalOtherIncomeExpensesNet": 3998000000,
        "incomeBeforeTax": 791600000,
        "incomeBeforeTaxRatio": 0.783374567,
        "incomeTaxExpense": 213800000,
        "netIncome": 572600000,
        "netIncomeRatio": 0.5666501732,
        "eps": 0.52,
        "epsdiluted": 0.52,
        "weightedAverageShsOut": 1101154000,
        "weightedAverageShsOutDil": 1101154000,
        "link": null,
        "finalLink": null
    },
    {
        "date": "1995-03-31",
        "symbol": "FNMA",
        "reportedCurrency": "USD",
        "cik": "0000310522",
        "fillingDate": "1995-03-31",
        "acceptedDate": "1995-03-31 00:00:00",
        "calendarYear": "1995",
        "period": "Q1",
        "revenue": 1012500000,
        "costOfRevenue": 0,
        "grossProfit": 1012500000,
        "grossProfitRatio": 1,
        "researchAndDevelopmentExpenses": 0,
        "generalAndAdministrativeExpenses": 129200000,
        "sellingAndMarketingExpenses": 0,
        "sellingGeneralAndAdministrativeExpenses": 129200000,
        "otherExpenses": 3935900000,
        "operatingExpenses": 4065100000,
        "costAndExpenses": 4065100000,
        "interestIncome": 4986100000,
        "interestExpense": 4277700000,
        "depreciationAndAmortization": 0,
        "ebitda": 5077600000,
        "ebitdaratio": 5.0149135802,
        "operatingIncome": 5077600000,
        "operatingIncomeRatio": 5.0149135802,
        "totalOtherIncomeExpensesNet": 3850000000,
        "incomeBeforeTax": 797400000,
        "incomeBeforeTaxRatio": 0.7875555556,
        "incomeTaxExpense": 245400000,
        "netIncome": 554500000,
        "netIncomeRatio": 0.547654321,
        "eps": 0.51,
        "epsdiluted": 0.51,
        "weightedAverageShsOut": 1087255000,
        "weightedAverageShsOutDil": 1087255000,
        "link": null,
        "finalLink": null
    },
    {
        "date": "1994-12-31",
        "symbol": "FNMA",
        "reportedCurrency": "USD",
        "cik": "0000310522",
        "fillingDate": "1994-12-31",
        "acceptedDate": "1994-12-31 00:00:00",
        "calendarYear": "1994",
        "period": "Q4",
        "revenue": 1005200000,
        "costOfRevenue": 0,
        "grossProfit": 1005200000,
        "grossProfitRatio": 1,
        "researchAndDevelopmentExpenses": 0,
        "generalAndAdministrativeExpenses": 139000000,
        "sellingAndMarketingExpenses": 0,
        "sellingGeneralAndAdministrativeExpenses": 139000000,
        "otherExpenses": 3676200000,
        "operatingExpenses": 3815200000,
        "costAndExpenses": 3815200000,
        "interestIncome": 4743000000,
        "interestExpense": 4032200000,
        "depreciationAndAmortization": 0,
        "ebitda": 4820400000,
        "ebitdaratio": 4.7954635893,
        "operatingIncome": 4820400000,
        "operatingIncomeRatio": 4.7954635893,
        "totalOtherIncomeExpensesNet": 3589800000,
        "incomeBeforeTax": 779800000,
        "incomeBeforeTaxRatio": 0.7757660167,
        "incomeTaxExpense": 235300000,
        "netIncome": 552900000,
        "netIncomeRatio": 0.5500397931,
        "eps": 0.51,
        "epsdiluted": 0.51,
        "weightedAverageShsOut": 1087255000,
        "weightedAverageShsOutDil": 1087255000,
        "link": null,
        "finalLink": null
    },
    {
        "date": "1994-09-30",
        "symbol": "FNMA",
        "reportedCurrency": "USD",
        "cik": "0000310522",
        "fillingDate": "1994-09-30",
        "acceptedDate": "1994-09-30 00:00:00",
        "calendarYear": "1994",
        "period": "Q3",
        "revenue": 1028400000,
        "costOfRevenue": 0,
        "grossProfit": 1028400000,
        "grossProfitRatio": 1,
        "researchAndDevelopmentExpenses": 0,
        "generalAndAdministrativeExpenses": 132100000,
        "sellingAndMarketingExpenses": 0,
        "sellingGeneralAndAdministrativeExpenses": 132100000,
        "otherExpenses": 3350000000,
        "operatingExpenses": 3482100000,
        "costAndExpenses": 3482100000,
        "interestIncome": 4435200000,
        "interestExpense": 3707500000,
        "depreciationAndAmortization": 0,
        "ebitda": 4510500000,
        "ebitdaratio": 4.3859393232,
        "operatingIncome": 4510500000,
        "operatingIncomeRatio": 4.3859393232,
        "totalOtherIncomeExpensesNet": 3256700000,
        "incomeBeforeTax": 803000000,
        "incomeBeforeTaxRatio": 0.7808245819,
        "incomeTaxExpense": 260300000,
        "netIncome": 542700000,
        "netIncomeRatio": 0.5277129522,
        "eps": 0.5,
        "epsdiluted": 0.5,
        "weightedAverageShsOut": 1085400000,
        "weightedAverageShsOutDil": 1085400000,
        "link": null,
        "finalLink": null
    },
    {
        "date": "1994-06-30",
        "symbol": "FNMA",
        "reportedCurrency": "USD",
        "cik": "0000310522",
        "fillingDate": "1994-06-30",
        "acceptedDate": "1994-06-30 00:00:00",
        "calendarYear": "1994",
        "period": "Q2",
        "revenue": 1020300000,
        "costOfRevenue": 0,
        "grossProfit": 1020300000,
        "grossProfitRatio": 1,
        "researchAndDevelopmentExpenses": 0,
        "generalAndAdministrativeExpenses": 129900000,
        "sellingAndMarketingExpenses": 0,
        "sellingGeneralAndAdministrativeExpenses": 129900000,
        "otherExpenses": 3108400000,
        "operatingExpenses": 3238300000,
        "costAndExpenses": 3238300000,
        "interestIncome": 4195900000,
        "interestExpense": 3475800000,
        "depreciationAndAmortization": 0,
        "ebitda": 4258600000,
        "ebitdaratio": 4.1738704303,
        "operatingIncome": 4258600000,
        "operatingIncomeRatio": 4.1738704303,
        "totalOtherIncomeExpensesNet": 3009900000,
        "incomeBeforeTax": 791900000,
        "incomeBeforeTaxRatio": 0.7761442713,
        "incomeTaxExpense": 256900000,
        "netIncome": 525900000,
        "netIncomeRatio": 0.5154366363,
        "eps": 0.49,
        "epsdiluted": 0.48,
        "weightedAverageShsOut": 1073265000,
        "weightedAverageShsOutDil": 1095625000,
        "link": null,
        "finalLink": null
    },
    {
        "date": "1994-03-31",
        "symbol": "FNMA",
        "reportedCurrency": "USD",
        "cik": "0000310522",
        "fillingDate": "1994-03-31",
        "acceptedDate": "1994-03-31 00:00:00",
        "calendarYear": "1994",
        "period": "Q1",
        "revenue": 995100000,
        "costOfRevenue": 0,
        "grossProfit": 995100000,
        "grossProfitRatio": 1,
        "researchAndDevelopmentExpenses": 0,
        "generalAndAdministrativeExpenses": 124000000,
        "sellingAndMarketingExpenses": 0,
        "sellingGeneralAndAdministrativeExpenses": 124000000,
        "otherExpenses": 2952400000,
        "operatingExpenses": 3076400000,
        "costAndExpenses": 3076400000,
        "interestIncome": 3972900000,
        "interestExpense": 3308500000,
        "depreciationAndAmortization": 0,
        "ebitda": 4071500000,
        "ebitdaratio": 4.0915485881,
        "operatingIncome": 4071500000,
        "operatingIncomeRatio": 4.0915485881,
        "totalOtherIncomeExpensesNet": 2852600000,
        "incomeBeforeTax": 771300000,
        "incomeBeforeTaxRatio": 0.7750979801,
        "incomeTaxExpense": 252500000,
        "netIncome": 510500000,
        "netIncomeRatio": 0.5130137675,
        "eps": 0.46,
        "epsdiluted": 0.46,
        "weightedAverageShsOut": 1109783000,
        "weightedAverageShsOutDil": 1109783000,
        "link": null,
        "finalLink": null
    },
    {
        "date": "1993-12-31",
        "symbol": "FNMA",
        "reportedCurrency": "USD",
        "cik": "0000310522",
        "fillingDate": "1993-12-31",
        "acceptedDate": "1993-12-31 00:00:00",
        "calendarYear": "1993",
        "period": "Q4",
        "revenue": 978300000,
        "costOfRevenue": 0,
        "grossProfit": 978300000,
        "grossProfitRatio": 1,
        "researchAndDevelopmentExpenses": 0,
        "generalAndAdministrativeExpenses": 122900000,
        "sellingAndMarketingExpenses": 0,
        "sellingGeneralAndAdministrativeExpenses": 122900000,
        "otherExpenses": 855400000,
        "operatingExpenses": 978300000,
        "costAndExpenses": 978300000,
        "interestIncome": 3877800000,
        "interestExpense": 3242500000,
        "depreciationAndAmortization": 0,
        "ebitda": 3989400000,
        "ebitdaratio": 4.0778902177,
        "operatingIncome": 3989400000,
        "operatingIncomeRatio": 4.0778902177,
        "totalOtherIncomeExpensesNet": 785700000,
        "incomeBeforeTax": 785700000,
        "incomeBeforeTaxRatio": 0.8031278749,
        "incomeTaxExpense": 253800000,
        "netIncome": 493100000,
        "netIncomeRatio": 0.5040376163,
        "eps": 0.44,
        "epsdiluted": 0.44,
        "weightedAverageShsOut": 1109783000,
        "weightedAverageShsOutDil": 1109783000,
        "link": null,
        "finalLink": null
    },
    {
        "date": "1993-09-30",
        "symbol": "FNMA",
        "reportedCurrency": "USD",
        "cik": "0000310522",
        "fillingDate": "1993-09-30",
        "acceptedDate": "1993-09-30 00:00:00",
        "calendarYear": "1993",
        "period": "Q3",
        "revenue": 974300000,
        "costOfRevenue": 0,
        "grossProfit": 974300000,
        "grossProfitRatio": 1,
        "researchAndDevelopmentExpenses": 0,
        "generalAndAdministrativeExpenses": 110000000,
        "sellingAndMarketingExpenses": 0,
        "sellingGeneralAndAdministrativeExpenses": 110000000,
        "otherExpenses": 2750600000,
        "operatingExpenses": 2860600000,
        "costAndExpenses": 2860600000,
        "interestIncome": 3759100000,
        "interestExpense": 3097400000,
        "depreciationAndAmortization": 0,
        "ebitda": 3834900000,
        "ebitdaratio": 3.9360566561,
        "operatingIncome": 3834900000,
        "operatingIncomeRatio": 3.9360566561,
        "totalOtherIncomeExpensesNet": 2674400000,
        "incomeBeforeTax": 788100000,
        "incomeBeforeTaxRatio": 0.8088884327,
        "incomeTaxExpense": 260300000,
        "netIncome": 477200000,
        "netIncomeRatio": 0.4897875398,
        "eps": 0.43,
        "epsdiluted": 0.43,
        "weightedAverageShsOut": 1109767000,
        "weightedAverageShsOutDil": 1109767000,
        "link": null,
        "finalLink": null
    },
    {
        "date": "1993-06-30",
        "symbol": "FNMA",
        "reportedCurrency": "USD",
        "cik": "0000310522",
        "fillingDate": "1993-06-30",
        "acceptedDate": "1993-06-30 00:00:00",
        "calendarYear": "1993",
        "period": "Q2",
        "revenue": 915500000,
        "costOfRevenue": 0,
        "grossProfit": 915500000,
        "grossProfitRatio": 1,
        "researchAndDevelopmentExpenses": 0,
        "generalAndAdministrativeExpenses": 106500000,
        "sellingAndMarketingExpenses": 0,
        "sellingGeneralAndAdministrativeExpenses": 106500000,
        "otherExpenses": 2647900000,
        "operatingExpenses": 2754400000,
        "costAndExpenses": 2754400000,
        "interestIncome": 3614300000,
        "interestExpense": 2982200000,
        "depreciationAndAmortization": 0,
        "ebitda": 3669900000,
        "ebitdaratio": 4.0086291644,
        "operatingIncome": 3669900000,
        "operatingIncomeRatio": 4.0086291644,
        "totalOtherIncomeExpensesNet": 2566400000,
        "incomeBeforeTax": 727500000,
        "incomeBeforeTaxRatio": 0.7946477335,
        "incomeTaxExpense": 228900000,
        "netIncome": 458800000,
        "netIncomeRatio": 0.5011469143,
        "eps": 0.42,
        "epsdiluted": 0.41,
        "weightedAverageShsOut": 1092381000,
        "weightedAverageShsOutDil": 1119024000,
        "link": null,
        "finalLink": null
    },
    {
        "date": "1993-03-31",
        "symbol": "FNMA",
        "reportedCurrency": "USD",
        "cik": "0000310522",
        "fillingDate": "1993-03-31",
        "acceptedDate": "1993-03-31 00:00:00",
        "calendarYear": "1993",
        "period": "Q1",
        "revenue": 884900000,
        "costOfRevenue": 0,
        "grossProfit": 884900000,
        "grossProfitRatio": 1,
        "researchAndDevelopmentExpenses": 0,
        "generalAndAdministrativeExpenses": 103600000,
        "sellingAndMarketingExpenses": 0,
        "sellingGeneralAndAdministrativeExpenses": 103600000,
        "otherExpenses": 2653000000,
        "operatingExpenses": 2756600000,
        "costAndExpenses": 2756600000,
        "interestIncome": 3581800000,
        "interestExpense": 2977900000,
        "depreciationAndAmortization": 0,
        "ebitda": 3641500000,
        "ebitdaratio": 4.1151542547,
        "operatingIncome": 3641500000,
        "operatingIncomeRatio": 4.1151542547,
        "totalOtherIncomeExpensesNet": 2575400000,
        "incomeBeforeTax": 703700000,
        "incomeBeforeTaxRatio": 0.7952310996,
        "incomeTaxExpense": 220000000,
        "netIncome": 443600000,
        "netIncomeRatio": 0.5012995819,
        "eps": 0.4,
        "epsdiluted": 0.4,
        "weightedAverageShsOut": 1109000000,
        "weightedAverageShsOutDil": 1109000000,
        "link": null,
        "finalLink": null
    },
    {
        "date": "1992-12-31",
        "symbol": "FNMA",
        "reportedCurrency": "USD",
        "cik": "0000310522",
        "fillingDate": "1992-12-31",
        "acceptedDate": "1992-12-31 00:00:00",
        "calendarYear": "1992",
        "period": "Q4",
        "revenue": 800400000,
        "costOfRevenue": 0,
        "grossProfit": 800400000,
        "grossProfitRatio": 1,
        "researchAndDevelopmentExpenses": 0,
        "generalAndAdministrativeExpenses": 103100000,
        "sellingAndMarketingExpenses": 0,
        "sellingGeneralAndAdministrativeExpenses": 103100000,
        "otherExpenses": 697300000,
        "operatingExpenses": 800400000,
        "costAndExpenses": 2791900000,
        "interestIncome": 3520700000,
        "interestExpense": 2976700000,
        "depreciationAndAmortization": 0,
        "ebitda": 3592300000,
        "ebitdaratio": 4.4881309345,
        "operatingIncome": 3592300000,
        "operatingIncomeRatio": 4.4881309345,
        "totalOtherIncomeExpensesNet": 617300000,
        "incomeBeforeTax": 617300000,
        "incomeBeforeTaxRatio": 0.7712393803,
        "incomeTaxExpense": 189100000,
        "netIncome": 426500000,
        "netIncomeRatio": 0.5328585707,
        "eps": 0.38,
        "epsdiluted": 0.38,
        "weightedAverageShsOut": 1093367000,
        "weightedAverageShsOutDil": 1109000000,
        "link": null,
        "finalLink": null
    },
    {
        "date": "1992-09-30",
        "symbol": "FNMA",
        "reportedCurrency": "USD",
        "cik": "0000310522",
        "fillingDate": "1992-09-30",
        "acceptedDate": "1992-09-30 00:00:00",
        "calendarYear": "1992",
        "period": "Q3",
        "revenue": 786500000,
        "costOfRevenue": 0,
        "grossProfit": 786500000,
        "grossProfitRatio": 1,
        "researchAndDevelopmentExpenses": 0,
        "generalAndAdministrativeExpenses": 96900000,
        "sellingAndMarketingExpenses": 0,
        "sellingGeneralAndAdministrativeExpenses": 96900000,
        "otherExpenses": 689600000,
        "operatingExpenses": 786500000,
        "costAndExpenses": 2696700000,
        "interestIncome": 3389800000,
        "interestExpense": 2882900000,
        "depreciationAndAmortization": 0,
        "ebitda": 3483200000,
        "ebitdaratio": 4.4287349015,
        "operatingIncome": 3483200000,
        "operatingIncomeRatio": 4.4287349015,
        "totalOtherIncomeExpensesNet": 609600000,
        "incomeBeforeTax": 609600000,
        "incomeBeforeTaxRatio": 0.775079466,
        "incomeTaxExpense": 187400000,
        "netIncome": 412900000,
        "netIncomeRatio": 0.5249841068,
        "eps": 0.38,
        "epsdiluted": 0.38,
        "weightedAverageShsOut": 1086579000,
        "weightedAverageShsOutDil": 1086579000,
        "link": null,
        "finalLink": null
    },
    {
        "date": "1992-06-30",
        "symbol": "FNMA",
        "reportedCurrency": "USD",
        "cik": "0000310522",
        "fillingDate": "1992-06-30",
        "acceptedDate": "1992-06-30 00:00:00",
        "calendarYear": "1992",
        "period": "Q2",
        "revenue": 770900000,
        "costOfRevenue": 0,
        "grossProfit": 770900000,
        "grossProfitRatio": 1,
        "researchAndDevelopmentExpenses": 0,
        "generalAndAdministrativeExpenses": 94900000,
        "sellingAndMarketingExpenses": 0,
        "sellingGeneralAndAdministrativeExpenses": 94900000,
        "otherExpenses": 676000000,
        "operatingExpenses": 770900000,
        "costAndExpenses": 2687100000,
        "interestIncome": 3388900000,
        "interestExpense": 2870700000,
        "depreciationAndAmortization": 0,
        "ebitda": 3458000000,
        "ebitdaratio": 4.4856661046,
        "operatingIncome": 3458000000,
        "operatingIncomeRatio": 4.4856661046,
        "totalOtherIncomeExpensesNet": 596000000,
        "incomeBeforeTax": 596000000,
        "incomeBeforeTaxRatio": 0.7731223246,
        "incomeTaxExpense": 185300000,
        "netIncome": 402000000,
        "netIncomeRatio": 0.5214684135,
        "eps": 0.37,
        "epsdiluted": 0.37,
        "weightedAverageShsOut": 1086486000,
        "weightedAverageShsOutDil": 1086486000,
        "link": null,
        "finalLink": null
    },
    {
        "date": "1992-03-31",
        "symbol": "FNMA",
        "reportedCurrency": "USD",
        "cik": "0000310522",
        "fillingDate": "1992-03-31",
        "acceptedDate": "1992-03-31 00:00:00",
        "calendarYear": "1992",
        "period": "Q1",
        "revenue": 725200000,
        "costOfRevenue": 0,
        "grossProfit": 725200000,
        "grossProfitRatio": 1,
        "researchAndDevelopmentExpenses": 0,
        "generalAndAdministrativeExpenses": 86100000,
        "sellingAndMarketingExpenses": 0,
        "sellingGeneralAndAdministrativeExpenses": 86100000,
        "otherExpenses": 639100000,
        "operatingExpenses": 725200000,
        "costAndExpenses": 2573700000,
        "interestIncome": 3234600000,
        "interestExpense": 2745700000,
        "depreciationAndAmortization": 0,
        "ebitda": 3298900000,
        "ebitdaratio": 4.5489520132,
        "operatingIncome": 3298900000,
        "operatingIncomeRatio": 4.5489520132,
        "totalOtherIncomeExpensesNet": 559200000,
        "incomeBeforeTax": 559200000,
        "incomeBeforeTaxRatio": 0.7710976282,
        "incomeTaxExpense": 171200000,
        "netIncome": 382000000,
        "netIncomeRatio": 0.526751241,
        "eps": 0.34,
        "epsdiluted": 0.34,
        "weightedAverageShsOut": 1123529000,
        "weightedAverageShsOutDil": 1123529000,
        "link": null,
        "finalLink": null
    },
    {
        "date": "1991-12-31",
        "symbol": "FNMA",
        "reportedCurrency": "USD",
        "cik": "0000310522",
        "fillingDate": "1991-12-31",
        "acceptedDate": "1991-12-31 00:00:00",
        "calendarYear": "1991",
        "period": "Q4",
        "revenue": 692600000,
        "costOfRevenue": 0,
        "grossProfit": 692600000,
        "grossProfitRatio": 1,
        "researchAndDevelopmentExpenses": 0,
        "generalAndAdministrativeExpenses": 87400000,
        "sellingAndMarketingExpenses": 0,
        "sellingGeneralAndAdministrativeExpenses": 87400000,
        "otherExpenses": 605200000,
        "operatingExpenses": 692600000,
        "costAndExpenses": 692600000,
        "interestIncome": 3165500000,
        "interestExpense": 2708200000,
        "depreciationAndAmortization": 0,
        "ebitda": 3411600000,
        "ebitdaratio": 4.92578689,
        "operatingIncome": 3411600000,
        "operatingIncomeRatio": 4.92578689,
        "totalOtherIncomeExpensesNet": 525200000,
        "incomeBeforeTax": 525200000,
        "incomeBeforeTaxRatio": 0.7583020502,
        "incomeTaxExpense": 158600000,
        "netIncome": 544800000,
        "netIncomeRatio": 0.7866012128,
        "eps": 0.48,
        "epsdiluted": 0.48,
        "weightedAverageShsOut": 1089703000,
        "weightedAverageShsOutDil": 1123529000,
        "link": null,
        "finalLink": null
    },
    {
        "date": "1991-09-30",
        "symbol": "FNMA",
        "reportedCurrency": "USD",
        "cik": "0000310522",
        "fillingDate": "1991-09-30",
        "acceptedDate": "1991-09-30 00:00:00",
        "calendarYear": "1991",
        "period": "Q3",
        "revenue": 662400000,
        "costOfRevenue": 0,
        "grossProfit": 662400000,
        "grossProfitRatio": 1,
        "researchAndDevelopmentExpenses": 0,
        "generalAndAdministrativeExpenses": 81500000,
        "sellingAndMarketingExpenses": 0,
        "sellingGeneralAndAdministrativeExpenses": 81500000,
        "otherExpenses": 580900000,
        "operatingExpenses": 662400000,
        "costAndExpenses": 2540800000,
        "interestIncome": 3158300000,
        "interestExpense": 2702300000,
        "depreciationAndAmortization": 1700000,
        "ebitda": 0,
        "ebitdaratio": 0,
        "operatingIncome": 3203200000,
        "operatingIncomeRatio": 4.8357487923,
        "totalOtherIncomeExpensesNet": -2702300000,
        "incomeBeforeTax": 500900000,
        "incomeBeforeTaxRatio": 0.7561896135,
        "incomeTaxExpense": 150200000,
        "netIncome": 350700000,
        "netIncomeRatio": 0.5294384058,
        "eps": 0.32,
        "epsdiluted": 0.32,
        "weightedAverageShsOut": 1095938000,
        "weightedAverageShsOutDil": 1095938000,
        "link": null,
        "finalLink": null
    },
    {
        "date": "1991-06-30",
        "symbol": "FNMA",
        "reportedCurrency": "USD",
        "cik": "0000310522",
        "fillingDate": "1991-06-30",
        "acceptedDate": "1991-06-30 00:00:00",
        "calendarYear": "1991",
        "period": "Q2",
        "revenue": 810300000,
        "costOfRevenue": 0,
        "grossProfit": 810300000,
        "grossProfitRatio": 1,
        "researchAndDevelopmentExpenses": 0,
        "generalAndAdministrativeExpenses": 78300000,
        "sellingAndMarketingExpenses": 0,
        "sellingGeneralAndAdministrativeExpenses": 78300000,
        "otherExpenses": 732000000,
        "operatingExpenses": 810300000,
        "costAndExpenses": 2399700000,
        "interestIncome": 3131600000,
        "interestExpense": 2694200000,
        "depreciationAndAmortization": 16100000,
        "ebitda": 0,
        "ebitdaratio": 0,
        "operatingIncome": 3210000000,
        "operatingIncomeRatio": 3.9614957423,
        "totalOtherIncomeExpensesNet": -2608000000,
        "incomeBeforeTax": 602000000,
        "incomeBeforeTaxRatio": 0.7429347155,
        "incomeTaxExpense": 184300000,
        "netIncome": 331500000,
        "netIncomeRatio": 0.4091077379,
        "eps": 0.3,
        "epsdiluted": 0.3,
        "weightedAverageShsOut": 1105000000,
        "weightedAverageShsOutDil": 1105000000,
        "link": null,
        "finalLink": null
    },
    {
        "date": "1991-03-31",
        "symbol": "FNMA",
        "reportedCurrency": "USD",
        "cik": "0000310522",
        "fillingDate": "1991-03-31",
        "acceptedDate": "1991-03-31 00:00:00",
        "calendarYear": "1991",
        "period": "Q1",
        "revenue": 604700000,
        "costOfRevenue": 0,
        "grossProfit": 604700000,
        "grossProfitRatio": 1,
        "researchAndDevelopmentExpenses": 0,
        "generalAndAdministrativeExpenses": 71800000,
        "sellingAndMarketingExpenses": 0,
        "sellingGeneralAndAdministrativeExpenses": 71800000,
        "otherExpenses": 532900000,
        "operatingExpenses": 604700000,
        "costAndExpenses": 2558500000,
        "interestIncome": 3137600000,
        "interestExpense": 2710300000,
        "depreciationAndAmortization": -18100000,
        "ebitda": 0,
        "ebitdaratio": 0,
        "operatingIncome": 3163200000,
        "operatingIncomeRatio": 5.2310236481,
        "totalOtherIncomeExpensesNet": -2710300000,
        "incomeBeforeTax": 452900000,
        "incomeBeforeTaxRatio": 0.7489664296,
        "incomeTaxExpense": 132900000,
        "netIncome": 320000000,
        "netIncomeRatio": 0.5291880271,
        "eps": 0.3,
        "epsdiluted": 0.3,
        "weightedAverageShsOut": 1066667000,
        "weightedAverageShsOutDil": 1066667000,
        "link": null,
        "finalLink": null
    },
    {
        "date": "1990-12-31",
        "symbol": "FNMA",
        "reportedCurrency": "USD",
        "cik": "0000310522",
        "fillingDate": "1990-12-31",
        "acceptedDate": "1990-12-31 00:00:00",
        "calendarYear": "1990",
        "period": "Q4",
        "revenue": 589500000,
        "costOfRevenue": 0,
        "grossProfit": 589500000,
        "grossProfitRatio": 1,
        "researchAndDevelopmentExpenses": 0,
        "generalAndAdministrativeExpenses": 77300000,
        "sellingAndMarketingExpenses": 0,
        "sellingGeneralAndAdministrativeExpenses": 77300000,
        "otherExpenses": 512200000,
        "operatingExpenses": 589500000,
        "costAndExpenses": 2502000000,
        "interestIncome": 3074300000,
        "interestExpense": 2659300000,
        "depreciationAndAmortization": 12100000,
        "ebitda": 0,
        "ebitdaratio": 0,
        "operatingIncome": 3091500000,
        "operatingIncomeRatio": 5.2442748092,
        "totalOtherIncomeExpensesNet": -2659300000,
        "incomeBeforeTax": 432200000,
        "incomeBeforeTaxRatio": 0.733163698,
        "incomeTaxExpense": 124900000,
        "netIncome": 307300000,
        "netIncomeRatio": 0.5212892282,
        "eps": 0.29,
        "epsdiluted": 0.29,
        "weightedAverageShsOut": 1023176000,
        "weightedAverageShsOutDil": 1066667000,
        "link": null,
        "finalLink": null
    },
    {
        "date": "1990-09-30",
        "symbol": "FNMA",
        "reportedCurrency": "USD",
        "cik": "0000310522",
        "fillingDate": "1990-09-30",
        "acceptedDate": "1990-09-30 00:00:00",
        "calendarYear": "1990",
        "period": "Q3",
        "revenue": 574400000,
        "costOfRevenue": 0,
        "grossProfit": 574400000,
        "grossProfitRatio": 1,
        "researchAndDevelopmentExpenses": 0,
        "generalAndAdministrativeExpenses": 72000000,
        "sellingAndMarketingExpenses": 0,
        "sellingGeneralAndAdministrativeExpenses": 72000000,
        "otherExpenses": 502400000,
        "operatingExpenses": 574400000,
        "costAndExpenses": 2479200000,
        "interestIncome": 3035300000,
        "interestExpense": 2631200000,
        "depreciationAndAmortization": -5800000,
        "ebitda": 0,
        "ebitdaratio": 0,
        "operatingIncome": 3053600000,
        "operatingIncomeRatio": 5.3161559889,
        "totalOtherIncomeExpensesNet": -2631200000,
        "incomeBeforeTax": 422400000,
        "incomeBeforeTaxRatio": 0.7353760446,
        "incomeTaxExpense": 122900000,
        "netIncome": 299500000,
        "netIncomeRatio": 0.521413649,
        "eps": 0.29,
        "epsdiluted": 0.29,
        "weightedAverageShsOut": 1032759000,
        "weightedAverageShsOutDil": 1032759000,
        "link": null,
        "finalLink": null
    },
    {
        "date": "1990-06-30",
        "symbol": "FNMA",
        "reportedCurrency": "USD",
        "cik": "0000310522",
        "fillingDate": "1990-06-30",
        "acceptedDate": "1990-06-30 00:00:00",
        "calendarYear": "1990",
        "period": "Q2",
        "revenue": 551100000,
        "costOfRevenue": 0,
        "grossProfit": 551100000,
        "grossProfitRatio": 1,
        "researchAndDevelopmentExpenses": 0,
        "generalAndAdministrativeExpenses": 70400000,
        "sellingAndMarketingExpenses": 0,
        "sellingGeneralAndAdministrativeExpenses": 70400000,
        "otherExpenses": 480700000,
        "operatingExpenses": 551100000,
        "costAndExpenses": 2461200000,
        "interestIncome": 3002100000,
        "interestExpense": 2606600000,
        "depreciationAndAmortization": -18800000,
        "ebitda": 0,
        "ebitdaratio": 0,
        "operatingIncome": 3012300000,
        "operatingIncomeRatio": 5.4659771366,
        "totalOtherIncomeExpensesNet": -2606600000,
        "incomeBeforeTax": 405700000,
        "incomeBeforeTaxRatio": 0.7361640356,
        "incomeTaxExpense": 116100000,
        "netIncome": 289600000,
        "netIncomeRatio": 0.5254944656,
        "eps": 0.28,
        "epsdiluted": 0.28,
        "weightedAverageShsOut": 1034286000,
        "weightedAverageShsOutDil": 1034286000,
        "link": null,
        "finalLink": null
    },
    {
        "date": "1990-03-31",
        "symbol": "FNMA",
        "reportedCurrency": "USD",
        "cik": "0000310522",
        "fillingDate": "1990-03-31",
        "acceptedDate": "1990-03-31 00:00:00",
        "calendarYear": "1990",
        "period": "Q1",
        "revenue": 528000000,
        "costOfRevenue": 0,
        "grossProfit": 528000000,
        "grossProfitRatio": 1,
        "researchAndDevelopmentExpenses": 0,
        "generalAndAdministrativeExpenses": 66300000,
        "sellingAndMarketingExpenses": 0,
        "sellingGeneralAndAdministrativeExpenses": 66300000,
        "otherExpenses": 461700000,
        "operatingExpenses": 528000000,
        "costAndExpenses": 2437600000,
        "interestIncome": 2957300000,
        "interestExpense": 2578900000,
        "depreciationAndAmortization": 53500000,
        "ebitda": 0,
        "ebitdaratio": 0,
        "operatingIncome": 2965600000,
        "operatingIncomeRatio": 5.6166666667,
        "totalOtherIncomeExpensesNet": -2578900000,
        "incomeBeforeTax": 386700000,
        "incomeBeforeTaxRatio": 0.7323863636,
        "incomeTaxExpense": 110100000,
        "netIncome": 276600000,
        "netIncomeRatio": 0.5238636364,
        "eps": 0.27,
        "epsdiluted": 0.27,
        "weightedAverageShsOut": 1024444000,
        "weightedAverageShsOutDil": 1024444000,
        "link": null,
        "finalLink": null
    },
    {
        "date": "1989-12-31",
        "symbol": "FNMA",
        "reportedCurrency": "USD",
        "cik": "0000310522",
        "fillingDate": "1989-12-31",
        "acceptedDate": "1989-12-31 00:00:00",
        "calendarYear": "1989",
        "period": "Q4",
        "revenue": 476300000,
        "costOfRevenue": 0,
        "grossProfit": 476300000,
        "grossProfitRatio": 1,
        "researchAndDevelopmentExpenses": 0,
        "generalAndAdministrativeExpenses": 73600000,
        "sellingAndMarketingExpenses": 0,
        "sellingGeneralAndAdministrativeExpenses": 73600000,
        "otherExpenses": 402700000,
        "operatingExpenses": 476300000,
        "costAndExpenses": 2415300000,
        "interestIncome": 2916400000,
        "interestExpense": 2563900000,
        "depreciationAndAmortization": 36100000,
        "ebitda": 0,
        "ebitdaratio": 0,
        "operatingIncome": 2891600000,
        "operatingIncomeRatio": 6.0709636784,
        "totalOtherIncomeExpensesNet": -2563900000,
        "incomeBeforeTax": 327700000,
        "incomeBeforeTaxRatio": 0.6880117573,
        "incomeTaxExpense": 90800000,
        "netIncome": 236900000,
        "netIncomeRatio": 0.4973756036,
        "eps": 0.23,
        "epsdiluted": 0.23,
        "weightedAverageShsOut": 1024444000,
        "weightedAverageShsOutDil": 1024444000,
        "link": null,
        "finalLink": null
    },
    {
        "date": "1989-09-30",
        "symbol": "FNMA",
        "reportedCurrency": "USD",
        "cik": "0000310522",
        "fillingDate": "1989-09-30",
        "acceptedDate": "1989-09-30 00:00:00",
        "calendarYear": "1989",
        "period": "Q3",
        "revenue": 431100000,
        "costOfRevenue": 0,
        "grossProfit": 431100000,
        "grossProfitRatio": 1,
        "researchAndDevelopmentExpenses": 0,
        "generalAndAdministrativeExpenses": 63400000,
        "sellingAndMarketingExpenses": 0,
        "sellingGeneralAndAdministrativeExpenses": 63400000,
        "otherExpenses": 367700000,
        "operatingExpenses": 431100000,
        "costAndExpenses": 431100000,
        "interestIncome": 2812600000,
        "interestExpense": 2511100000,
        "depreciationAndAmortization": 12600000,
        "ebitda": 0,
        "ebitdaratio": 0,
        "operatingIncome": 0,
        "operatingIncomeRatio": 0,
        "totalOtherIncomeExpensesNet": -2511100000,
        "incomeBeforeTax": 292700000,
        "incomeBeforeTaxRatio": 0.678960798,
        "incomeTaxExpense": 80800000,
        "netIncome": 211900000,
        "netIncomeRatio": 0.4915332869,
        "eps": 0.2,
        "epsdiluted": 0.19,
        "weightedAverageShsOut": 995000000,
        "weightedAverageShsOutDil": 1023429000,
        "link": null,
        "finalLink": null
    },
    {
        "date": "1989-06-30",
        "symbol": "FNMA",
        "reportedCurrency": "USD",
        "cik": "0000310522",
        "fillingDate": "1989-06-30",
        "acceptedDate": "1989-06-29 20:00:00",
        "calendarYear": "1989",
        "period": "Q2",
        "revenue": 402500000,
        "costOfRevenue": 0,
        "grossProfit": 402500000,
        "grossProfitRatio": 1,
        "researchAndDevelopmentExpenses": 0,
        "generalAndAdministrativeExpenses": 60900000,
        "sellingAndMarketingExpenses": 0,
        "sellingGeneralAndAdministrativeExpenses": 60900000,
        "otherExpenses": 341600000,
        "operatingExpenses": 402500000,
        "costAndExpenses": 402500000,
        "interestIncome": 2701800000,
        "interestExpense": 2417900000,
        "depreciationAndAmortization": 0,
        "ebitda": 2679500000,
        "ebitdaratio": 6.6571428571,
        "operatingIncome": 0,
        "operatingIncomeRatio": 0,
        "totalOtherIncomeExpensesNet": 261600000,
        "incomeBeforeTax": 261600000,
        "incomeBeforeTaxRatio": 0.6499378882,
        "incomeTaxExpense": 68600000,
        "netIncome": 193000000,
        "netIncomeRatio": 0.4795031056,
        "eps": 0.19,
        "epsdiluted": 0.19,
        "weightedAverageShsOut": 1015789000,
        "weightedAverageShsOutDil": 1015789000,
        "link": "",
        "finalLink": ""
    },
    {
        "date": "1989-03-31",
        "symbol": "FNMA",
        "reportedCurrency": "USD",
        "cik": "0000310522",
        "fillingDate": "1989-03-31",
        "acceptedDate": "1989-03-30 19:00:00",
        "calendarYear": "1989",
        "period": "Q1",
        "revenue": 358100000,
        "costOfRevenue": 0,
        "grossProfit": 358100000,
        "grossProfitRatio": 1,
        "researchAndDevelopmentExpenses": 0,
        "generalAndAdministrativeExpenses": 0,
        "sellingAndMarketingExpenses": 0,
        "sellingGeneralAndAdministrativeExpenses": 56100000,
        "otherExpenses": 2203900000,
        "operatingExpenses": 2260000000,
        "costAndExpenses": 0,
        "interestIncome": 0,
        "interestExpense": 0,
        "depreciationAndAmortization": 0,
        "ebitda": 0,
        "ebitdaratio": 0,
        "operatingIncome": 0,
        "operatingIncomeRatio": 0,
        "totalOtherIncomeExpensesNet": -5075600000,
        "incomeBeforeTax": 222000000,
        "incomeBeforeTaxRatio": 0.6199385646,
        "incomeTaxExpense": 56800000,
        "netIncome": 165200000,
        "netIncomeRatio": 0.4613236526,
        "eps": 0.17,
        "epsdiluted": 0.17,
        "weightedAverageShsOut": 944888000,
        "weightedAverageShsOutDil": 944888000,
        "link": "",
        "finalLink": ""
    },
    {
        "date": "1988-12-31",
        "symbol": "FNMA",
        "reportedCurrency": "USD",
        "cik": "0000310522",
        "fillingDate": "1988-12-31",
        "acceptedDate": "1988-12-30 19:00:00",
        "calendarYear": "1988",
        "period": "Q4",
        "revenue": 0,
        "costOfRevenue": 0,
        "grossProfit": 0,
        "grossProfitRatio": 0,
        "researchAndDevelopmentExpenses": 0,
        "generalAndAdministrativeExpenses": 0,
        "sellingAndMarketingExpenses": 0,
        "sellingGeneralAndAdministrativeExpenses": 0,
        "otherExpenses": 0,
        "operatingExpenses": 0,
        "costAndExpenses": 0,
        "interestIncome": 0,
        "interestExpense": 0,
        "depreciationAndAmortization": 0,
        "ebitda": 0,
        "ebitdaratio": 0,
        "operatingIncome": 0,
        "operatingIncomeRatio": 0,
        "totalOtherIncomeExpensesNet": 0,
        "incomeBeforeTax": 0,
        "incomeBeforeTaxRatio": 0,
        "incomeTaxExpense": 0,
        "netIncome": 153000000,
        "netIncomeRatio": 0,
        "eps": 0.16,
        "epsdiluted": 0.16,
        "weightedAverageShsOut": 944888000,
        "weightedAverageShsOutDil": 944888000,
        "link": null,
        "finalLink": null
    },
    {
        "date": "1988-09-30",
        "symbol": "FNMA",
        "reportedCurrency": "USD",
        "cik": "0000310522",
        "fillingDate": "1988-09-30",
        "acceptedDate": "1988-09-29 20:00:00",
        "calendarYear": "1988",
        "period": "Q3",
        "revenue": 0,
        "costOfRevenue": 0,
        "grossProfit": 0,
        "grossProfitRatio": 0,
        "researchAndDevelopmentExpenses": 0,
        "generalAndAdministrativeExpenses": 0,
        "sellingAndMarketingExpenses": 0,
        "sellingGeneralAndAdministrativeExpenses": 0,
        "otherExpenses": 0,
        "operatingExpenses": 0,
        "costAndExpenses": 0,
        "interestIncome": 0,
        "interestExpense": 0,
        "depreciationAndAmortization": 0,
        "ebitda": 0,
        "ebitdaratio": 0,
        "operatingIncome": 0,
        "operatingIncomeRatio": 0,
        "totalOtherIncomeExpensesNet": 0,
        "incomeBeforeTax": 0,
        "incomeBeforeTaxRatio": 0,
        "incomeTaxExpense": 0,
        "netIncome": 132400000,
        "netIncomeRatio": 0,
        "eps": 0.14,
        "epsdiluted": 0.14,
        "weightedAverageShsOut": 945660000,
        "weightedAverageShsOutDil": 945660000,
        "link": null,
        "finalLink": null
    },
    {
        "date": "1988-06-30",
        "symbol": "FNMA",
        "reportedCurrency": "USD",
        "cik": "0000310522",
        "fillingDate": "1988-06-30",
        "acceptedDate": "1988-06-29 20:00:00",
        "calendarYear": "1988",
        "period": "Q2",
        "revenue": 0,
        "costOfRevenue": 0,
        "grossProfit": 0,
        "grossProfitRatio": 0,
        "researchAndDevelopmentExpenses": 0,
        "generalAndAdministrativeExpenses": 0,
        "sellingAndMarketingExpenses": 0,
        "sellingGeneralAndAdministrativeExpenses": 0,
        "otherExpenses": 0,
        "operatingExpenses": 0,
        "costAndExpenses": 0,
        "interestIncome": 0,
        "interestExpense": 0,
        "depreciationAndAmortization": 0,
        "ebitda": 0,
        "ebitdaratio": 0,
        "operatingIncome": 0,
        "operatingIncomeRatio": 0,
        "totalOtherIncomeExpensesNet": 0,
        "incomeBeforeTax": 0,
        "incomeBeforeTaxRatio": 0,
        "incomeTaxExpense": 0,
        "netIncome": 120700000,
        "netIncomeRatio": 0,
        "eps": 0.13,
        "epsdiluted": 0.13,
        "weightedAverageShsOut": 945660000,
        "weightedAverageShsOutDil": 945660000,
        "link": null,
        "finalLink": null
    },
    {
        "date": "1988-03-31",
        "symbol": "FNMA",
        "reportedCurrency": "USD",
        "cik": "0000310522",
        "fillingDate": "1988-03-31",
        "acceptedDate": "1988-03-30 19:00:00",
        "calendarYear": "1988",
        "period": "Q1",
        "revenue": 0,
        "costOfRevenue": 0,
        "grossProfit": 0,
        "grossProfitRatio": 0,
        "researchAndDevelopmentExpenses": 0,
        "generalAndAdministrativeExpenses": 0,
        "sellingAndMarketingExpenses": 0,
        "sellingGeneralAndAdministrativeExpenses": 0,
        "otherExpenses": 0,
        "operatingExpenses": 0,
        "costAndExpenses": 0,
        "interestIncome": 0,
        "interestExpense": 0,
        "depreciationAndAmortization": 0,
        "ebitda": 0,
        "ebitdaratio": 0,
        "operatingIncome": 0,
        "operatingIncomeRatio": 0,
        "totalOtherIncomeExpensesNet": 0,
        "incomeBeforeTax": 0,
        "incomeBeforeTaxRatio": 0,
        "incomeTaxExpense": 0,
        "netIncome": 100900000,
        "netIncomeRatio": 0,
        "eps": 0.11,
        "epsdiluted": 0.11,
        "weightedAverageShsOut": 945660000,
        "weightedAverageShsOutDil": 945660000,
        "link": "",
        "finalLink": ""
    },
    {
        "date": "1987-12-31",
        "symbol": "FNMA",
        "reportedCurrency": "USD",
        "cik": "0000310522",
        "fillingDate": "1987-12-31",
        "acceptedDate": "1987-12-30 19:00:00",
        "calendarYear": "1987",
        "period": "Q4",
        "revenue": 0,
        "costOfRevenue": 0,
        "grossProfit": 0,
        "grossProfitRatio": 0,
        "researchAndDevelopmentExpenses": 0,
        "generalAndAdministrativeExpenses": 0,
        "sellingAndMarketingExpenses": 0,
        "sellingGeneralAndAdministrativeExpenses": 0,
        "otherExpenses": 0,
        "operatingExpenses": 0,
        "costAndExpenses": 0,
        "interestIncome": 0,
        "interestExpense": 0,
        "depreciationAndAmortization": 0,
        "ebitda": 0,
        "ebitdaratio": 0,
        "operatingIncome": 0,
        "operatingIncomeRatio": 0,
        "totalOtherIncomeExpensesNet": 0,
        "incomeBeforeTax": 0,
        "incomeBeforeTaxRatio": 0,
        "incomeTaxExpense": 0,
        "netIncome": 197200000,
        "netIncomeRatio": 0,
        "eps": 0.2,
        "epsdiluted": 0.2,
        "weightedAverageShsOut": 945660000,
        "weightedAverageShsOutDil": 945660000,
        "link": null,
        "finalLink": null
    },
    {
        "date": "1987-09-30",
        "symbol": "FNMA",
        "reportedCurrency": "USD",
        "cik": "0000310522",
        "fillingDate": "1987-09-30",
        "acceptedDate": "1987-09-29 20:00:00",
        "calendarYear": "1987",
        "period": "Q3",
        "revenue": 0,
        "costOfRevenue": 0,
        "grossProfit": 0,
        "grossProfitRatio": 0,
        "researchAndDevelopmentExpenses": 0,
        "generalAndAdministrativeExpenses": 0,
        "sellingAndMarketingExpenses": 0,
        "sellingGeneralAndAdministrativeExpenses": 0,
        "otherExpenses": 0,
        "operatingExpenses": 0,
        "costAndExpenses": 0,
        "interestIncome": 0,
        "interestExpense": 0,
        "depreciationAndAmortization": 0,
        "ebitda": 0,
        "ebitdaratio": 0,
        "operatingIncome": 0,
        "operatingIncomeRatio": 0,
        "totalOtherIncomeExpensesNet": 0,
        "incomeBeforeTax": 0,
        "incomeBeforeTaxRatio": 0,
        "incomeTaxExpense": 0,
        "netIncome": 60800000,
        "netIncomeRatio": 0,
        "eps": 0.06,
        "epsdiluted": 0.06,
        "weightedAverageShsOut": 982128000,
        "weightedAverageShsOutDil": 982128000,
        "link": null,
        "finalLink": null
    },
    {
        "date": "1987-06-30",
        "symbol": "FNMA",
        "reportedCurrency": "USD",
        "cik": "0000310522",
        "fillingDate": "1987-06-30",
        "acceptedDate": "1987-06-29 20:00:00",
        "calendarYear": "1987",
        "period": "Q2",
        "revenue": 0,
        "costOfRevenue": 0,
        "grossProfit": 0,
        "grossProfitRatio": 0,
        "researchAndDevelopmentExpenses": 0,
        "generalAndAdministrativeExpenses": 0,
        "sellingAndMarketingExpenses": 0,
        "sellingGeneralAndAdministrativeExpenses": 0,
        "otherExpenses": 0,
        "operatingExpenses": 0,
        "costAndExpenses": 0,
        "interestIncome": 0,
        "interestExpense": 0,
        "depreciationAndAmortization": 0,
        "ebitda": 0,
        "ebitdaratio": 0,
        "operatingIncome": 0,
        "operatingIncomeRatio": 0,
        "totalOtherIncomeExpensesNet": 0,
        "incomeBeforeTax": 0,
        "incomeBeforeTaxRatio": 0,
        "incomeTaxExpense": 0,
        "netIncome": 62000000,
        "netIncomeRatio": 0,
        "eps": 0.06,
        "epsdiluted": 0.06,
        "weightedAverageShsOut": 982128000,
        "weightedAverageShsOutDil": 982128000,
        "link": null,
        "finalLink": null
    },
    {
        "date": "1987-03-31",
        "symbol": "FNMA",
        "reportedCurrency": "USD",
        "cik": "0000310522",
        "fillingDate": "1987-03-31",
        "acceptedDate": "1987-03-30 19:00:00",
        "calendarYear": "1987",
        "period": "Q1",
        "revenue": 0,
        "costOfRevenue": 0,
        "grossProfit": 0,
        "grossProfitRatio": 0,
        "researchAndDevelopmentExpenses": 0,
        "generalAndAdministrativeExpenses": 0,
        "sellingAndMarketingExpenses": 0,
        "sellingGeneralAndAdministrativeExpenses": 0,
        "otherExpenses": 0,
        "operatingExpenses": 0,
        "costAndExpenses": 0,
        "interestIncome": 0,
        "interestExpense": 0,
        "depreciationAndAmortization": 0,
        "ebitda": 0,
        "ebitdaratio": 0,
        "operatingIncome": 0,
        "operatingIncomeRatio": 0,
        "totalOtherIncomeExpensesNet": 0,
        "incomeBeforeTax": 0,
        "incomeBeforeTaxRatio": 0,
        "incomeTaxExpense": 0,
        "netIncome": 56000000,
        "netIncomeRatio": 0,
        "eps": 0.06,
        "epsdiluted": 0.06,
        "weightedAverageShsOut": 982128000,
        "weightedAverageShsOutDil": 982128000,
        "link": "",
        "finalLink": ""
    },
    {
        "date": "1986-12-31",
        "symbol": "FNMA",
        "reportedCurrency": "USD",
        "cik": "0000310522",
        "fillingDate": "1986-12-31",
        "acceptedDate": "1986-12-30 19:00:00",
        "calendarYear": "1986",
        "period": "Q4",
        "revenue": 0,
        "costOfRevenue": 0,
        "grossProfit": 0,
        "grossProfitRatio": 0,
        "researchAndDevelopmentExpenses": 0,
        "generalAndAdministrativeExpenses": 0,
        "sellingAndMarketingExpenses": 0,
        "sellingGeneralAndAdministrativeExpenses": 0,
        "otherExpenses": 0,
        "operatingExpenses": 0,
        "costAndExpenses": 0,
        "interestIncome": 0,
        "interestExpense": 0,
        "depreciationAndAmortization": 0,
        "ebitda": 0,
        "ebitdaratio": 0,
        "operatingIncome": 0,
        "operatingIncomeRatio": 0,
        "totalOtherIncomeExpensesNet": 0,
        "incomeBeforeTax": 0,
        "incomeBeforeTaxRatio": 0,
        "incomeTaxExpense": 0,
        "netIncome": 51000000,
        "netIncomeRatio": 0,
        "eps": 0.06,
        "epsdiluted": 0.06,
        "weightedAverageShsOut": 886032000,
        "weightedAverageShsOutDil": 886032000,
        "link": null,
        "finalLink": null
    },
    {
        "date": "1986-09-30",
        "symbol": "FNMA",
        "reportedCurrency": "USD",
        "cik": "0000310522",
        "fillingDate": "1986-09-30",
        "acceptedDate": "1986-09-29 20:00:00",
        "calendarYear": "1986",
        "period": "Q3",
        "revenue": 0,
        "costOfRevenue": 0,
        "grossProfit": 0,
        "grossProfitRatio": 0,
        "researchAndDevelopmentExpenses": 0,
        "generalAndAdministrativeExpenses": 0,
        "sellingAndMarketingExpenses": 0,
        "sellingGeneralAndAdministrativeExpenses": 0,
        "otherExpenses": 0,
        "operatingExpenses": 0,
        "costAndExpenses": 0,
        "interestIncome": 0,
        "interestExpense": 0,
        "depreciationAndAmortization": 0,
        "ebitda": 0,
        "ebitdaratio": 0,
        "operatingIncome": 0,
        "operatingIncomeRatio": 0,
        "totalOtherIncomeExpensesNet": 0,
        "incomeBeforeTax": 0,
        "incomeBeforeTaxRatio": 0,
        "incomeTaxExpense": 0,
        "netIncome": 50200000,
        "netIncomeRatio": 0,
        "eps": 0.06,
        "epsdiluted": 0.06,
        "weightedAverageShsOut": 875664000,
        "weightedAverageShsOutDil": 875664000,
        "link": null,
        "finalLink": null
    },
    {
        "date": "1986-06-30",
        "symbol": "FNMA",
        "reportedCurrency": "USD",
        "cik": "0000310522",
        "fillingDate": "1986-06-30",
        "acceptedDate": "1986-06-29 20:00:00",
        "calendarYear": "1986",
        "period": "Q2",
        "revenue": 0,
        "costOfRevenue": 0,
        "grossProfit": 0,
        "grossProfitRatio": 0,
        "researchAndDevelopmentExpenses": 0,
        "generalAndAdministrativeExpenses": 0,
        "sellingAndMarketingExpenses": 0,
        "sellingGeneralAndAdministrativeExpenses": 0,
        "otherExpenses": 0,
        "operatingExpenses": 0,
        "costAndExpenses": 0,
        "interestIncome": 0,
        "interestExpense": 0,
        "depreciationAndAmortization": 0,
        "ebitda": 0,
        "ebitdaratio": 0,
        "operatingIncome": 0,
        "operatingIncomeRatio": 0,
        "totalOtherIncomeExpensesNet": 0,
        "incomeBeforeTax": 0,
        "incomeBeforeTaxRatio": 0,
        "incomeTaxExpense": 0,
        "netIncome": 47100000,
        "netIncomeRatio": 0,
        "eps": 0.05,
        "epsdiluted": 0.05,
        "weightedAverageShsOut": 875664000,
        "weightedAverageShsOutDil": 875664000,
        "link": null,
        "finalLink": null
    },
    {
        "date": "1986-03-31",
        "symbol": "FNMA",
        "reportedCurrency": "USD",
        "cik": "0000310522",
        "fillingDate": "1986-03-31",
        "acceptedDate": "1986-03-30 19:00:00",
        "calendarYear": "1986",
        "period": "Q1",
        "revenue": 0,
        "costOfRevenue": 0,
        "grossProfit": 0,
        "grossProfitRatio": 0,
        "researchAndDevelopmentExpenses": 0,
        "generalAndAdministrativeExpenses": 0,
        "sellingAndMarketingExpenses": 0,
        "sellingGeneralAndAdministrativeExpenses": 0,
        "otherExpenses": 0,
        "operatingExpenses": 0,
        "costAndExpenses": 0,
        "interestIncome": 0,
        "interestExpense": 0,
        "depreciationAndAmortization": 0,
        "ebitda": 0,
        "ebitdaratio": 0,
        "operatingIncome": 0,
        "operatingIncomeRatio": 0,
        "totalOtherIncomeExpensesNet": 0,
        "incomeBeforeTax": 0,
        "incomeBeforeTaxRatio": 0,
        "incomeTaxExpense": 0,
        "netIncome": 34700000,
        "netIncomeRatio": 0,
        "eps": 0.04,
        "epsdiluted": 0.04,
        "weightedAverageShsOut": 876192000,
        "weightedAverageShsOutDil": 876192000,
        "link": "",
        "finalLink": ""
    },
    {
        "date": "1985-12-31",
        "symbol": "FNMA",
        "reportedCurrency": "USD",
        "cik": "0000310522",
        "fillingDate": "1985-12-31",
        "acceptedDate": "1985-12-30 19:00:00",
        "calendarYear": "1985",
        "period": "Q4",
        "revenue": 0,
        "costOfRevenue": 0,
        "grossProfit": 0,
        "grossProfitRatio": 0,
        "researchAndDevelopmentExpenses": 0,
        "generalAndAdministrativeExpenses": 0,
        "sellingAndMarketingExpenses": 0,
        "sellingGeneralAndAdministrativeExpenses": 0,
        "otherExpenses": 0,
        "operatingExpenses": 0,
        "costAndExpenses": 0,
        "interestIncome": 0,
        "interestExpense": 0,
        "depreciationAndAmortization": 0,
        "ebitda": 0,
        "ebitdaratio": 0,
        "operatingIncome": 0,
        "operatingIncomeRatio": 0,
        "totalOtherIncomeExpensesNet": 0,
        "incomeBeforeTax": 0,
        "incomeBeforeTaxRatio": 0,
        "incomeTaxExpense": 0,
        "netIncome": 20500000,
        "netIncomeRatio": 0,
        "eps": 0.02,
        "epsdiluted": 0.02,
        "weightedAverageShsOut": 875664000,
        "weightedAverageShsOutDil": 875664000,
        "link": null,
        "finalLink": null
    },
    {
        "date": "1985-09-30",
        "symbol": "FNMA",
        "reportedCurrency": "USD",
        "cik": "0000310522",
        "fillingDate": "1985-09-30",
        "acceptedDate": "1985-09-29 20:00:00",
        "calendarYear": "1985",
        "period": "Q3",
        "revenue": 0,
        "costOfRevenue": 0,
        "grossProfit": 0,
        "grossProfitRatio": 0,
        "researchAndDevelopmentExpenses": 0,
        "generalAndAdministrativeExpenses": 0,
        "sellingAndMarketingExpenses": 0,
        "sellingGeneralAndAdministrativeExpenses": 0,
        "otherExpenses": 0,
        "operatingExpenses": 0,
        "costAndExpenses": 0,
        "interestIncome": 0,
        "interestExpense": 0,
        "depreciationAndAmortization": 0,
        "ebitda": 0,
        "ebitdaratio": 0,
        "operatingIncome": 0,
        "operatingIncomeRatio": 0,
        "totalOtherIncomeExpensesNet": 0,
        "incomeBeforeTax": 0,
        "incomeBeforeTaxRatio": 0,
        "incomeTaxExpense": 0,
        "netIncome": 22700000,
        "netIncomeRatio": 0,
        "eps": 0.03,
        "epsdiluted": 0.03,
        "weightedAverageShsOut": 874920000,
        "weightedAverageShsOutDil": 874920000,
        "link": null,
        "finalLink": null
    }
]