[
    {
        "date": "2023-03-31",
        "symbol": "FRC",
        "reportedCurrency": "USD",
        "cik": "0001132979",
        "fillingDate": "2023-03-31",
        "acceptedDate": "2023-03-29 20:00:00",
        "calendarYear": "2023",
        "period": "Q1",
        "revenue": 2183000000,
        "costOfRevenue": 0,
        "grossProfit": 2183000000,
        "grossProfitRatio": 1,
        "researchAndDevelopmentExpenses": 0,
        "generalAndAdministrativeExpenses": 0,
        "sellingAndMarketingExpenses": 0,
        "sellingGeneralAndAdministrativeExpenses": 0,
        "otherExpenses": -322000000,
        "operatingExpenses": 322000000,
        "costAndExpenses": 1842000000,
        "interestIncome": 0,
        "interestExpense": 407000000,
        "depreciationAndAmortization": 25000000,
        "ebitda": 25000000,
        "ebitdaratio": 0.0114521301,
        "operatingIncome": 0,
        "operatingIncomeRatio": 0,
        "totalOtherIncomeExpensesNet": -1520000000,
        "incomeBeforeTax": 341000000,
        "incomeBeforeTaxRatio": 0.1562070545,
        "incomeTaxExpense": 72000000,
        "netIncome": 269000000,
        "netIncomeRatio": 0.1232249198,
        "eps": 1.45,
        "epsdiluted": 1.45,
        "weightedAverageShsOut": 185000000,
        "weightedAverageShsOutDil": 186000000,
        "link": null,
        "finalLink": null
    },
    {
        "date": "2022-12-31",
        "symbol": "FRC",
        "reportedCurrency": "USD",
        "cik": "0001132979",
        "fillingDate": "2022-12-31",
        "acceptedDate": "2022-12-30 19:00:00",
        "calendarYear": "2022",
        "period": "Q4",
        "revenue": 1415000000,
        "costOfRevenue": 0,
        "grossProfit": 1415000000,
        "grossProfitRatio": 1,
        "researchAndDevelopmentExpenses": 0,
        "generalAndAdministrativeExpenses": 590000000,
        "sellingAndMarketingExpenses": 23000000,
        "sellingGeneralAndAdministrativeExpenses": 613000000,
        "otherExpenses": -1015000000,
        "operatingExpenses": -402000000,
        "costAndExpenses": -402000000,
        "interestIncome": 1699000000,
        "interestExpense": 525000000,
        "depreciationAndAmortization": 44000000,
        "ebitda": 1057000000,
        "ebitdaratio": 0.7469964664,
        "operatingIncome": 1013000000,
        "operatingIncomeRatio": 0.7159010601,
        "totalOtherIncomeExpensesNet": 0,
        "incomeBeforeTax": 488000000,
        "incomeBeforeTaxRatio": 0.3448763251,
        "incomeTaxExpense": 102000000,
        "netIncome": 386000000,
        "netIncomeRatio": 0.2727915194,
        "eps": 2.12,
        "epsdiluted": 2.11,
        "weightedAverageShsOut": 183000000,
        "weightedAverageShsOutDil": 183000000,
        "link": "",
        "finalLink": ""
    },
    {
        "date": "2022-09-30",
        "symbol": "FRC",
        "reportedCurrency": "USD",
        "cik": "0001132979",
        "fillingDate": "2022-09-30",
        "acceptedDate": "2022-09-29 20:00:00",
        "calendarYear": "2022",
        "period": "Q3",
        "revenue": 1500000000,
        "costOfRevenue": 0,
        "grossProfit": 1500000000,
        "grossProfitRatio": 1,
        "researchAndDevelopmentExpenses": 0,
        "generalAndAdministrativeExpenses": 588000000,
        "sellingAndMarketingExpenses": 19000000,
        "sellingGeneralAndAdministrativeExpenses": 607000000,
        "otherExpenses": -1290000000,
        "operatingExpenses": -683000000,
        "costAndExpenses": -683000000,
        "interestIncome": 1518000000,
        "interestExpense": 249000000,
        "depreciationAndAmortization": 48000000,
        "ebitda": 865000000,
        "ebitdaratio": 0.5766666667,
        "operatingIncome": 817000000,
        "operatingIncomeRatio": 0.5446666667,
        "totalOtherIncomeExpensesNet": 0,
        "incomeBeforeTax": 568000000,
        "incomeBeforeTaxRatio": 0.3786666667,
        "incomeTaxExpense": 123000000,
        "netIncome": 445000000,
        "netIncomeRatio": 0.2966666667,
        "eps": 2.23,
        "epsdiluted": 2.21,
        "weightedAverageShsOut": 182000000,
        "weightedAverageShsOutDil": 183000000,
        "link": "",
        "finalLink": ""
    },
    {
        "date": "2022-06-30",
        "symbol": "FRC",
        "reportedCurrency": "USD",
        "cik": "0001132979",
        "fillingDate": "2022-06-30",
        "acceptedDate": "2022-06-29 20:00:00",
        "calendarYear": "2022",
        "period": "Q2",
        "revenue": 1484000000,
        "costOfRevenue": 0,
        "grossProfit": 1484000000,
        "grossProfitRatio": 1,
        "researchAndDevelopmentExpenses": 0,
        "generalAndAdministrativeExpenses": 601000000,
        "sellingAndMarketingExpenses": 16000000,
        "sellingGeneralAndAdministrativeExpenses": 617000000,
        "otherExpenses": -1466000000,
        "operatingExpenses": -849000000,
        "costAndExpenses": -849000000,
        "interestIncome": 1316000000,
        "interestExpense": 70000000,
        "depreciationAndAmortization": 49000000,
        "ebitda": 684000000,
        "ebitdaratio": 0.460916442,
        "operatingIncome": 635000000,
        "operatingIncomeRatio": 0.4278975741,
        "totalOtherIncomeExpensesNet": 0,
        "incomeBeforeTax": 565000000,
        "incomeBeforeTaxRatio": 0.3807277628,
        "incomeTaxExpense": 132000000,
        "netIncome": 433000000,
        "netIncomeRatio": 0.2917789757,
        "eps": 2.18,
        "epsdiluted": 2.16,
        "weightedAverageShsOut": 180000000,
        "weightedAverageShsOutDil": 181000000,
        "link": "",
        "finalLink": ""
    },
    {
        "date": "2022-03-31",
        "symbol": "FRC",
        "reportedCurrency": "USD",
        "cik": "0001132979",
        "fillingDate": "2022-03-31",
        "acceptedDate": "2022-03-30 20:00:00",
        "calendarYear": "2022",
        "period": "Q1",
        "revenue": 1374000000,
        "costOfRevenue": 0,
        "grossProfit": 1374000000,
        "grossProfitRatio": 1,
        "researchAndDevelopmentExpenses": 0,
        "generalAndAdministrativeExpenses": 588000000,
        "sellingAndMarketingExpenses": 13000000,
        "sellingGeneralAndAdministrativeExpenses": 601000000,
        "otherExpenses": -1411000000,
        "operatingExpenses": -810000000,
        "costAndExpenses": -810000000,
        "interestIncome": 1189000000,
        "interestExpense": 44000000,
        "depreciationAndAmortization": 51000000,
        "ebitda": 615000000,
        "ebitdaratio": 0.4475982533,
        "operatingIncome": 564000000,
        "operatingIncomeRatio": 0.4104803493,
        "totalOtherIncomeExpensesNet": 0,
        "incomeBeforeTax": 520000000,
        "incomeBeforeTaxRatio": 0.3784570597,
        "incomeTaxExpense": 119000000,
        "netIncome": 401000000,
        "netIncomeRatio": 0.2918486172,
        "eps": 2.03,
        "epsdiluted": 2.2,
        "weightedAverageShsOut": 180000000,
        "weightedAverageShsOutDil": 182000000,
        "link": "",
        "finalLink": ""
    },
    {
        "date": "2021-12-31",
        "symbol": "FRC",
        "reportedCurrency": "USD",
        "cik": "0001132979",
        "fillingDate": "2021-12-31",
        "acceptedDate": "2021-12-30 19:00:00",
        "calendarYear": "2021",
        "period": "Q4",
        "revenue": 1414000000,
        "costOfRevenue": 68867000,
        "grossProfit": 1345133000,
        "grossProfitRatio": 0.9512963225,
        "researchAndDevelopmentExpenses": 0,
        "generalAndAdministrativeExpenses": 569172000,
        "sellingAndMarketingExpenses": 21187000,
        "sellingGeneralAndAdministrativeExpenses": 590359000,
        "otherExpenses": -256000000,
        "operatingExpenses": 256000000,
        "costAndExpenses": 937000000,
        "interestIncome": 1167360000,
        "interestExpense": 48291000,
        "depreciationAndAmortization": 43883000,
        "ebitda": 569678000,
        "ebitdaratio": 0.402884017,
        "operatingIncome": 525795000,
        "operatingIncomeRatio": 0.3718493635,
        "totalOtherIncomeExpensesNet": -48795000,
        "incomeBeforeTax": 477000000,
        "incomeBeforeTaxRatio": 0.3373408769,
        "incomeTaxExpense": 77000000,
        "netIncome": 400000000,
        "netIncomeRatio": 0.2828854314,
        "eps": 2.23,
        "epsdiluted": 2.2,
        "weightedAverageShsOut": 179000000,
        "weightedAverageShsOutDil": 182000000,
        "link": "",
        "finalLink": ""
    },
    {
        "date": "2021-09-30",
        "symbol": "FRC",
        "reportedCurrency": "USD",
        "cik": "0001132979",
        "fillingDate": "2021-09-30",
        "acceptedDate": "2021-09-29 20:00:00",
        "calendarYear": "2021",
        "period": "Q3",
        "revenue": 1368036000,
        "costOfRevenue": 83100000,
        "grossProfit": 1284936000,
        "grossProfitRatio": 0.9392559845,
        "researchAndDevelopmentExpenses": 0,
        "generalAndAdministrativeExpenses": 541650000,
        "sellingAndMarketingExpenses": 13620000,
        "sellingGeneralAndAdministrativeExpenses": 555270000,
        "otherExpenses": -165251000,
        "operatingExpenses": 165251000,
        "costAndExpenses": 895811000,
        "interestIncome": 1117671000,
        "interestExpense": 65387000,
        "depreciationAndAmortization": 48405000,
        "ebitda": 525367000,
        "ebitdaratio": 0.3840300986,
        "operatingIncome": 535473000,
        "operatingIncomeRatio": 0.3914173311,
        "totalOtherIncomeExpensesNet": -65387000,
        "incomeBeforeTax": 470086000,
        "incomeBeforeTaxRatio": 0.3436210743,
        "incomeTaxExpense": 100399000,
        "netIncome": 369687000,
        "netIncomeRatio": 0.2702319237,
        "eps": 2.08,
        "epsdiluted": 2.05,
        "weightedAverageShsOut": 178065000,
        "weightedAverageShsOutDil": 180420000,
        "link": "",
        "finalLink": ""
    },
    {
        "date": "2021-06-30",
        "symbol": "FRC",
        "reportedCurrency": "USD",
        "cik": "0001132979",
        "fillingDate": "2021-06-30",
        "acceptedDate": "2021-06-29 20:00:00",
        "calendarYear": "2021",
        "period": "Q2",
        "revenue": 1303284000,
        "costOfRevenue": 91078000,
        "grossProfit": 1212206000,
        "grossProfitRatio": 0.9301165364,
        "researchAndDevelopmentExpenses": 0,
        "generalAndAdministrativeExpenses": 506523000,
        "sellingAndMarketingExpenses": 16560000,
        "sellingGeneralAndAdministrativeExpenses": 523083000,
        "otherExpenses": -172477000,
        "operatingExpenses": 172477000,
        "costAndExpenses": 851336000,
        "interestIncome": 1078005000,
        "interestExpense": 74140000,
        "depreciationAndAmortization": 48935000,
        "ebitda": 498224000,
        "ebitdaratio": 0.3822835238,
        "operatingIncome": 525705000,
        "operatingIncomeRatio": 0.4033694882,
        "totalOtherIncomeExpensesNet": -74140000,
        "incomeBeforeTax": 451565000,
        "incomeBeforeTaxRatio": 0.3464824244,
        "incomeTaxExpense": 78459000,
        "netIncome": 373106000,
        "netIncomeRatio": 0.2862814245,
        "eps": 2.11,
        "epsdiluted": 2.09,
        "weightedAverageShsOut": 176419000,
        "weightedAverageShsOutDil": 178864000,
        "link": "",
        "finalLink": ""
    },
    {
        "date": "2021-03-31",
        "symbol": "FRC",
        "reportedCurrency": "USD",
        "cik": "0001132979",
        "fillingDate": "2021-03-31",
        "acceptedDate": "2021-03-30 20:00:00",
        "calendarYear": "2021",
        "period": "Q1",
        "revenue": 1217160000,
        "costOfRevenue": 99435000,
        "grossProfit": 1117725000,
        "grossProfitRatio": 0.9183057281,
        "researchAndDevelopmentExpenses": 0,
        "generalAndAdministrativeExpenses": 485655000,
        "sellingAndMarketingExpenses": 12633000,
        "sellingGeneralAndAdministrativeExpenses": 498288000,
        "otherExpenses": -160727000,
        "operatingExpenses": 160727000,
        "costAndExpenses": 788315000,
        "interestIncome": 1021964000,
        "interestExpense": 83182000,
        "depreciationAndAmortization": 42777000,
        "ebitda": 469161000,
        "ebitdaratio": 0.3854554865,
        "operatingIncome": 512027000,
        "operatingIncomeRatio": 0.4206735351,
        "totalOtherIncomeExpensesNet": -83182000,
        "incomeBeforeTax": 428845000,
        "incomeBeforeTaxRatio": 0.3523324789,
        "incomeTaxExpense": 94012000,
        "netIncome": 334833000,
        "netIncomeRatio": 0.2750936607,
        "eps": 1.92,
        "epsdiluted": 1.89,
        "weightedAverageShsOut": 174820000,
        "weightedAverageShsOutDil": 176951000,
        "link": "",
        "finalLink": ""
    },
    {
        "date": "2020-12-31",
        "symbol": "FRC",
        "reportedCurrency": "USD",
        "cik": "0001132979",
        "fillingDate": "2020-12-31",
        "acceptedDate": "2020-12-30 19:00:00",
        "calendarYear": "2020",
        "period": "Q4",
        "revenue": 1063351000,
        "costOfRevenue": 0,
        "grossProfit": 1063351000,
        "grossProfitRatio": 1,
        "researchAndDevelopmentExpenses": 0,
        "generalAndAdministrativeExpenses": 433139000,
        "sellingAndMarketingExpenses": 13762000,
        "sellingGeneralAndAdministrativeExpenses": 446901000,
        "otherExpenses": -1032573000,
        "operatingExpenses": -585672000,
        "costAndExpenses": -585672000,
        "interestIncome": 991152000,
        "interestExpense": 98424000,
        "depreciationAndAmortization": 41541000,
        "ebitda": 418078000,
        "ebitdaratio": 0.3931702702,
        "operatingIncome": 477679000,
        "operatingIncomeRatio": 0.4492204361,
        "totalOtherIncomeExpensesNet": -98424000,
        "incomeBeforeTax": 379255000,
        "incomeBeforeTaxRatio": 0.3566602185,
        "incomeTaxExpense": 83695000,
        "netIncome": 295560000,
        "netIncomeRatio": 0.2779514948,
        "eps": 1.72,
        "epsdiluted": 1.72,
        "weightedAverageShsOut": 172142000,
        "weightedAverageShsOutDil": 172142000,
        "link": "",
        "finalLink": ""
    },
    {
        "date": "2020-09-30",
        "symbol": "FRC",
        "reportedCurrency": "USD",
        "cik": "0001132979",
        "fillingDate": "2020-09-30",
        "acceptedDate": "2020-09-29 20:00:00",
        "calendarYear": "2020",
        "period": "Q3",
        "revenue": 985045000,
        "costOfRevenue": 0,
        "grossProfit": 985045000,
        "grossProfitRatio": 1,
        "researchAndDevelopmentExpenses": 0,
        "generalAndAdministrativeExpenses": 389989000,
        "sellingAndMarketingExpenses": 8909000,
        "sellingGeneralAndAdministrativeExpenses": 398898000,
        "otherExpenses": -887732000,
        "operatingExpenses": -488834000,
        "costAndExpenses": -488834000,
        "interestIncome": 961976000,
        "interestExpense": 131696000,
        "depreciationAndAmortization": 40906000,
        "ebitda": 402099000,
        "ebitdaratio": 0.4082036861,
        "operatingIncome": 496211000,
        "operatingIncomeRatio": 0.503744499,
        "totalOtherIncomeExpensesNet": -131696000,
        "incomeBeforeTax": 364515000,
        "incomeBeforeTaxRatio": 0.3700490841,
        "incomeTaxExpense": 71378000,
        "netIncome": 293137000,
        "netIncomeRatio": 0.2975874199,
        "eps": 1.7,
        "epsdiluted": 1.7,
        "weightedAverageShsOut": 172142000,
        "weightedAverageShsOutDil": 172932000,
        "link": "",
        "finalLink": ""
    },
    {
        "date": "2020-06-30",
        "symbol": "FRC",
        "reportedCurrency": "USD",
        "cik": "0001132979",
        "fillingDate": "2020-06-30",
        "acceptedDate": "2020-06-29 20:00:00",
        "calendarYear": "2020",
        "period": "Q2",
        "revenue": 905371000,
        "costOfRevenue": 0,
        "grossProfit": 905371000,
        "grossProfitRatio": 1,
        "researchAndDevelopmentExpenses": 0,
        "generalAndAdministrativeExpenses": 361141000,
        "sellingAndMarketingExpenses": 8621000,
        "sellingGeneralAndAdministrativeExpenses": 369762000,
        "otherExpenses": -800715000,
        "operatingExpenses": -430953000,
        "costAndExpenses": -430953000,
        "interestIncome": 943424000,
        "interestExpense": 156012000,
        "depreciationAndAmortization": 43132000,
        "ebitda": 357729000,
        "ebitdaratio": 0.3951186862,
        "operatingIncome": 474418000,
        "operatingIncomeRatio": 0.5240039719,
        "totalOtherIncomeExpensesNet": -156012000,
        "incomeBeforeTax": 318406000,
        "incomeBeforeTaxRatio": 0.3516856626,
        "incomeTaxExpense": 61638000,
        "netIncome": 256768000,
        "netIncomeRatio": 0.2836052845,
        "eps": 1.5,
        "epsdiluted": 1.49,
        "weightedAverageShsOut": 171627000,
        "weightedAverageShsOutDil": 172659000,
        "link": "",
        "finalLink": ""
    },
    {
        "date": "2020-03-31",
        "symbol": "FRC",
        "reportedCurrency": "USD",
        "cik": "0001132979",
        "fillingDate": "2020-03-31",
        "acceptedDate": "2020-03-30 20:00:00",
        "calendarYear": "2020",
        "period": "Q1",
        "revenue": 899551000,
        "costOfRevenue": 0,
        "grossProfit": 899551000,
        "grossProfitRatio": 1,
        "researchAndDevelopmentExpenses": 0,
        "generalAndAdministrativeExpenses": 377864000,
        "sellingAndMarketingExpenses": 11843000,
        "sellingGeneralAndAdministrativeExpenses": 389707000,
        "otherExpenses": -813480000,
        "operatingExpenses": -423773000,
        "costAndExpenses": -423773000,
        "interestIncome": 956121000,
        "interestExpense": 203989000,
        "depreciationAndAmortization": 40500000,
        "ebitda": 308942000,
        "ebitdaratio": 0.3434402274,
        "operatingIncome": 475778000,
        "operatingIncomeRatio": 0.5289060876,
        "totalOtherIncomeExpensesNet": -203989000,
        "incomeBeforeTax": 271789000,
        "incomeBeforeTaxRatio": 0.3021385113,
        "incomeTaxExpense": 53103000,
        "netIncome": 218686000,
        "netIncomeRatio": 0.2431057272,
        "eps": 1.28,
        "epsdiluted": 1.27,
        "weightedAverageShsOut": 170835000,
        "weightedAverageShsOutDil": 172039000,
        "link": "",
        "finalLink": ""
    },
    {
        "date": "2019-12-31",
        "symbol": "FRC",
        "reportedCurrency": "USD",
        "cik": "0001132979",
        "fillingDate": "2019-12-31",
        "acceptedDate": "2019-12-30 19:00:00",
        "calendarYear": "2019",
        "period": "Q4",
        "revenue": 861754000,
        "costOfRevenue": 0,
        "grossProfit": 861754000,
        "grossProfitRatio": 1,
        "researchAndDevelopmentExpenses": 0,
        "generalAndAdministrativeExpenses": 343685000,
        "sellingAndMarketingExpenses": 17615000,
        "sellingGeneralAndAdministrativeExpenses": 361300000,
        "otherExpenses": -697179000,
        "operatingExpenses": -335879000,
        "costAndExpenses": -335879000,
        "interestIncome": 936954000,
        "interestExpense": 216836000,
        "depreciationAndAmortization": 39777000,
        "ebitda": 344191000,
        "ebitdaratio": 0.3994074875,
        "operatingIncome": 525875000,
        "operatingIncomeRatio": 0.6102379565,
        "totalOtherIncomeExpensesNet": -216836000,
        "incomeBeforeTax": 309039000,
        "incomeBeforeTaxRatio": 0.358616264,
        "incomeTaxExpense": 62709000,
        "netIncome": 246330000,
        "netIncomeRatio": 0.2858472371,
        "eps": 1.44,
        "epsdiluted": 1.44,
        "weightedAverageShsOut": 168544000,
        "weightedAverageShsOutDil": 170835000,
        "link": "",
        "finalLink": ""
    },
    {
        "date": "2019-09-30",
        "symbol": "FRC",
        "reportedCurrency": "USD",
        "cik": "0001132979",
        "fillingDate": "2019-09-30",
        "acceptedDate": "2019-09-29 20:00:00",
        "calendarYear": "2019",
        "period": "Q3",
        "revenue": 814152000,
        "costOfRevenue": 0,
        "grossProfit": 814152000,
        "grossProfitRatio": 1,
        "researchAndDevelopmentExpenses": 0,
        "generalAndAdministrativeExpenses": 328042000,
        "sellingAndMarketingExpenses": 15912000,
        "sellingGeneralAndAdministrativeExpenses": 343954000,
        "otherExpenses": -656784000,
        "operatingExpenses": -312830000,
        "costAndExpenses": -312830000,
        "interestIncome": 909776000,
        "interestExpense": 214791000,
        "depreciationAndAmortization": 36208000,
        "ebitda": 318516000,
        "ebitdaratio": 0.3912242431,
        "operatingIncome": 501322000,
        "operatingIncomeRatio": 0.6157597107,
        "totalOtherIncomeExpensesNet": -214791000,
        "incomeBeforeTax": 286531000,
        "incomeBeforeTaxRatio": 0.3519379674,
        "incomeTaxExpense": 51687000,
        "netIncome": 234844000,
        "netIncomeRatio": 0.2884522792,
        "eps": 1.4,
        "epsdiluted": 1.39,
        "weightedAverageShsOut": 168272000,
        "weightedAverageShsOutDil": 169346000,
        "link": "",
        "finalLink": ""
    },
    {
        "date": "2019-06-30",
        "symbol": "FRC",
        "reportedCurrency": "USD",
        "cik": "0001132979",
        "fillingDate": "2019-06-30",
        "acceptedDate": "2019-06-29 20:00:00",
        "calendarYear": "2019",
        "period": "Q2",
        "revenue": 794303000,
        "costOfRevenue": 0,
        "grossProfit": 794303000,
        "grossProfitRatio": 1,
        "researchAndDevelopmentExpenses": 0,
        "generalAndAdministrativeExpenses": 318220000,
        "sellingAndMarketingExpenses": 16700000,
        "sellingGeneralAndAdministrativeExpenses": 334920000,
        "otherExpenses": -648195000,
        "operatingExpenses": -313275000,
        "costAndExpenses": -313275000,
        "interestIncome": 885732000,
        "interestExpense": 211706000,
        "depreciationAndAmortization": 31949000,
        "ebitda": 296750000,
        "ebitdaratio": 0.3735979846,
        "operatingIncome": 481028000,
        "operatingIncomeRatio": 0.605597612,
        "totalOtherIncomeExpensesNet": -211706000,
        "incomeBeforeTax": 269322000,
        "incomeBeforeTaxRatio": 0.3390670815,
        "incomeTaxExpense": 46758000,
        "netIncome": 222564000,
        "netIncomeRatio": 0.2802003769,
        "eps": 1.33,
        "epsdiluted": 1.31,
        "weightedAverageShsOut": 167685000,
        "weightedAverageShsOutDil": 169572000,
        "link": "",
        "finalLink": ""
    },
    {
        "date": "2019-03-31",
        "symbol": "FRC",
        "reportedCurrency": "USD",
        "cik": "0001132979",
        "fillingDate": "2019-03-31",
        "acceptedDate": "2019-03-30 20:00:00",
        "calendarYear": "2019",
        "period": "Q1",
        "revenue": 783780000,
        "costOfRevenue": 0,
        "grossProfit": 783780000,
        "grossProfitRatio": 1,
        "researchAndDevelopmentExpenses": 0,
        "generalAndAdministrativeExpenses": 327247000,
        "sellingAndMarketingExpenses": 15734000,
        "sellingGeneralAndAdministrativeExpenses": 342981000,
        "otherExpenses": -686438000,
        "operatingExpenses": -343457000,
        "costAndExpenses": -343457000,
        "interestIncome": 847017000,
        "interestExpense": 171979000,
        "depreciationAndAmortization": 29705000,
        "ebitda": 294630000,
        "ebitdaratio": 0.3759090561,
        "operatingIncome": 440323000,
        "operatingIncomeRatio": 0.5617941259,
        "totalOtherIncomeExpensesNet": -171979000,
        "incomeBeforeTax": 268344000,
        "incomeBeforeTaxRatio": 0.3423715839,
        "incomeTaxExpense": 41753000,
        "netIncome": 226591000,
        "netIncomeRatio": 0.2891002577,
        "eps": 1.36,
        "epsdiluted": 1.34,
        "weightedAverageShsOut": 167112000,
        "weightedAverageShsOutDil": 169410000,
        "link": "",
        "finalLink": ""
    },
    {
        "date": "2018-12-31",
        "symbol": "FRC",
        "reportedCurrency": "USD",
        "cik": "0001132979",
        "fillingDate": "2018-12-31",
        "acceptedDate": "2018-12-30 19:00:00",
        "calendarYear": "2018",
        "period": "Q4",
        "revenue": 786207000,
        "costOfRevenue": 0,
        "grossProfit": 786207000,
        "grossProfitRatio": 1,
        "researchAndDevelopmentExpenses": 0,
        "generalAndAdministrativeExpenses": 296389000,
        "sellingAndMarketingExpenses": 19888000,
        "sellingGeneralAndAdministrativeExpenses": 316277000,
        "otherExpenses": -653953000,
        "operatingExpenses": -337676000,
        "costAndExpenses": -337676000,
        "interestIncome": 828655000,
        "interestExpense": 161452000,
        "depreciationAndAmortization": 30865000,
        "ebitda": 302695000,
        "ebitdaratio": 0.3850067476,
        "operatingIncome": 448531000,
        "operatingIncomeRatio": 0.5704998811,
        "totalOtherIncomeExpensesNet": -161452000,
        "incomeBeforeTax": 287079000,
        "incomeBeforeTaxRatio": 0.3651442941,
        "incomeTaxExpense": 55661000,
        "netIncome": 231418000,
        "netIncomeRatio": 0.2943474174,
        "eps": 1.38,
        "epsdiluted": 1.38,
        "weightedAverageShsOut": 164804000,
        "weightedAverageShsOutDil": 167112000,
        "link": "",
        "finalLink": ""
    },
    {
        "date": "2018-09-30",
        "symbol": "FRC",
        "reportedCurrency": "USD",
        "cik": "0001132979",
        "fillingDate": "2018-09-30",
        "acceptedDate": "2018-09-29 20:00:00",
        "calendarYear": "2018",
        "period": "Q3",
        "revenue": 750413000,
        "costOfRevenue": 0,
        "grossProfit": 750413000,
        "grossProfitRatio": 1,
        "researchAndDevelopmentExpenses": 0,
        "generalAndAdministrativeExpenses": 302960000,
        "sellingAndMarketingExpenses": 13527000,
        "sellingGeneralAndAdministrativeExpenses": 316487000,
        "otherExpenses": -655119000,
        "operatingExpenses": -338632000,
        "costAndExpenses": -338632000,
        "interestIncome": 780038000,
        "interestExpense": 145584000,
        "depreciationAndAmortization": 29408000,
        "ebitda": 289590000,
        "ebitdaratio": 0.3859074936,
        "operatingIncome": 411781000,
        "operatingIncomeRatio": 0.548739161,
        "totalOtherIncomeExpensesNet": -145584000,
        "incomeBeforeTax": 266197000,
        "incomeBeforeTaxRatio": 0.3547339931,
        "incomeTaxExpense": 52651000,
        "netIncome": 213546000,
        "netIncomeRatio": 0.2845712961,
        "eps": 1.31,
        "epsdiluted": 1.29,
        "weightedAverageShsOut": 163048000,
        "weightedAverageShsOutDil": 165498000,
        "link": "",
        "finalLink": ""
    },
    {
        "date": "2018-06-30",
        "symbol": "FRC",
        "reportedCurrency": "USD",
        "cik": "0001132979",
        "fillingDate": "2018-06-30",
        "acceptedDate": "2018-06-29 20:00:00",
        "calendarYear": "2018",
        "period": "Q2",
        "revenue": 725305000,
        "costOfRevenue": 0,
        "grossProfit": 725305000,
        "grossProfitRatio": 1,
        "researchAndDevelopmentExpenses": 0,
        "generalAndAdministrativeExpenses": 292640000,
        "sellingAndMarketingExpenses": 15120000,
        "sellingGeneralAndAdministrativeExpenses": 307760000,
        "otherExpenses": -658132000,
        "operatingExpenses": -350372000,
        "costAndExpenses": -350372000,
        "interestIncome": 734439000,
        "interestExpense": 122746000,
        "depreciationAndAmortization": 28013000,
        "ebitda": 274720000,
        "ebitdaratio": 0.3787647955,
        "operatingIncome": 374933000,
        "operatingIncomeRatio": 0.5169314978,
        "totalOtherIncomeExpensesNet": -122746000,
        "incomeBeforeTax": 252187000,
        "incomeBeforeTaxRatio": 0.347697865,
        "incomeTaxExpense": 42406000,
        "netIncome": 209781000,
        "netIncomeRatio": 0.2892314268,
        "eps": 1.29,
        "epsdiluted": 1.27,
        "weightedAverageShsOut": 162152000,
        "weightedAverageShsOutDil": 165013000,
        "link": "",
        "finalLink": ""
    },
    {
        "date": "2018-03-31",
        "symbol": "FRC",
        "reportedCurrency": "USD",
        "cik": "0001132979",
        "fillingDate": "2018-03-31",
        "acceptedDate": "2018-03-30 20:00:00",
        "calendarYear": "2018",
        "period": "Q1",
        "revenue": 705540000,
        "costOfRevenue": 0,
        "grossProfit": 705540000,
        "grossProfitRatio": 1,
        "researchAndDevelopmentExpenses": 0,
        "generalAndAdministrativeExpenses": 296847000,
        "sellingAndMarketingExpenses": 11928000,
        "sellingGeneralAndAdministrativeExpenses": 308775000,
        "otherExpenses": -667320000,
        "operatingExpenses": -358545000,
        "costAndExpenses": -358545000,
        "interestIncome": 688474000,
        "interestExpense": 100716000,
        "depreciationAndAmortization": 26077000,
        "ebitda": 277427000,
        "ebitdaratio": 0.3932122913,
        "operatingIncome": 346995000,
        "operatingIncomeRatio": 0.4918147802,
        "totalOtherIncomeExpensesNet": -100716000,
        "incomeBeforeTax": 246279000,
        "incomeBeforeTaxRatio": 0.3490645463,
        "incomeTaxExpense": 47196000,
        "netIncome": 199083000,
        "netIncomeRatio": 0.282171103,
        "eps": 1.23,
        "epsdiluted": 1.21,
        "weightedAverageShsOut": 161752000,
        "weightedAverageShsOutDil": 164839000,
        "link": "",
        "finalLink": ""
    },
    {
        "date": "2017-12-31",
        "symbol": "FRC",
        "reportedCurrency": "USD",
        "cik": "0001132979",
        "fillingDate": "2017-12-31",
        "acceptedDate": "2017-12-30 19:00:00",
        "calendarYear": "2017",
        "period": "Q4",
        "revenue": 683071000,
        "costOfRevenue": 0,
        "grossProfit": 683071000,
        "grossProfitRatio": 1,
        "researchAndDevelopmentExpenses": 0,
        "generalAndAdministrativeExpenses": 270637000,
        "sellingAndMarketingExpenses": 17173000,
        "sellingGeneralAndAdministrativeExpenses": 287810000,
        "otherExpenses": -640368000,
        "operatingExpenses": -352558000,
        "costAndExpenses": -352558000,
        "interestIncome": 662801000,
        "interestExpense": 93940000,
        "depreciationAndAmortization": 27890000,
        "ebitda": 260618000,
        "ebitdaratio": 0.3815386687,
        "operatingIncome": 330513000,
        "operatingIncomeRatio": 0.4838633173,
        "totalOtherIncomeExpensesNet": -93940000,
        "incomeBeforeTax": 236573000,
        "incomeBeforeTaxRatio": 0.34633735,
        "incomeTaxExpense": 42296000,
        "netIncome": 194277000,
        "netIncomeRatio": 0.2844169933,
        "eps": 1.2,
        "epsdiluted": 1.2,
        "weightedAverageShsOut": 161752000,
        "weightedAverageShsOutDil": 161752000,
        "link": "",
        "finalLink": ""
    },
    {
        "date": "2017-09-30",
        "symbol": "FRC",
        "reportedCurrency": "USD",
        "cik": "0001132979",
        "fillingDate": "2017-09-30",
        "acceptedDate": "2017-09-29 20:00:00",
        "calendarYear": "2017",
        "period": "Q3",
        "revenue": 654901000,
        "costOfRevenue": 0,
        "grossProfit": 654901000,
        "grossProfitRatio": 1,
        "researchAndDevelopmentExpenses": 0,
        "generalAndAdministrativeExpenses": 255625000,
        "sellingAndMarketingExpenses": 10639000,
        "sellingGeneralAndAdministrativeExpenses": 266264000,
        "otherExpenses": -679351000,
        "operatingExpenses": -413087000,
        "costAndExpenses": -413087000,
        "interestIncome": 637167000,
        "interestExpense": 86214000,
        "depreciationAndAmortization": 23804000,
        "ebitda": 261715000,
        "ebitdaratio": 0.3996252869,
        "operatingIncome": 241814000,
        "operatingIncomeRatio": 0.3692374878,
        "totalOtherIncomeExpensesNet": 0,
        "incomeBeforeTax": 241814000,
        "incomeBeforeTaxRatio": 0.3692374878,
        "incomeTaxExpense": 41805000,
        "netIncome": 200009000,
        "netIncomeRatio": 0.3054034121,
        "eps": 1.27,
        "epsdiluted": 1.23,
        "weightedAverageShsOut": 157752000,
        "weightedAverageShsOutDil": 162377000,
        "link": "",
        "finalLink": ""
    },
    {
        "date": "2017-06-30",
        "symbol": "FRC",
        "reportedCurrency": "USD",
        "cik": "0001132979",
        "fillingDate": "2017-06-30",
        "acceptedDate": "2017-06-29 20:00:00",
        "calendarYear": "2017",
        "period": "Q2",
        "revenue": 625961000,
        "costOfRevenue": 0,
        "grossProfit": 625961000,
        "grossProfitRatio": 1,
        "researchAndDevelopmentExpenses": 0,
        "generalAndAdministrativeExpenses": 239987000,
        "sellingAndMarketingExpenses": 11560000,
        "sellingGeneralAndAdministrativeExpenses": 251547000,
        "otherExpenses": -590019000,
        "operatingExpenses": -338472000,
        "costAndExpenses": -338472000,
        "interestIncome": 599155000,
        "interestExpense": 67191000,
        "depreciationAndAmortization": 18579000,
        "ebitda": 234388000,
        "ebitdaratio": 0.3744450533,
        "operatingIncome": 287489000,
        "operatingIncomeRatio": 0.4592762169,
        "totalOtherIncomeExpensesNet": -67191000,
        "incomeBeforeTax": 220298000,
        "incomeBeforeTaxRatio": 0.3519356637,
        "incomeTaxExpense": 33698000,
        "netIncome": 186600000,
        "netIncomeRatio": 0.2981016389,
        "eps": 1.19,
        "epsdiluted": 1.15,
        "weightedAverageShsOut": 157302000,
        "weightedAverageShsOutDil": 162335000,
        "link": "",
        "finalLink": ""
    },
    {
        "date": "2017-03-31",
        "symbol": "FRC",
        "reportedCurrency": "USD",
        "cik": "0001132979",
        "fillingDate": "2017-03-31",
        "acceptedDate": "2017-03-30 20:00:00",
        "calendarYear": "2017",
        "period": "Q1",
        "revenue": 589214000,
        "costOfRevenue": 0,
        "grossProfit": 589214000,
        "grossProfitRatio": 1,
        "researchAndDevelopmentExpenses": 0,
        "generalAndAdministrativeExpenses": 240235000,
        "sellingAndMarketingExpenses": 9026000,
        "sellingGeneralAndAdministrativeExpenses": 249261000,
        "otherExpenses": -572148000,
        "operatingExpenses": -322887000,
        "costAndExpenses": -322887000,
        "interestIncome": 552495000,
        "interestExpense": 52810000,
        "depreciationAndAmortization": 21681000,
        "ebitda": 229129000,
        "ebitdaratio": 0.3888722943,
        "operatingIncome": 266327000,
        "operatingIncomeRatio": 0.452003856,
        "totalOtherIncomeExpensesNet": -52810000,
        "incomeBeforeTax": 213517000,
        "incomeBeforeTaxRatio": 0.3623759788,
        "incomeTaxExpense": 36743000,
        "netIncome": 176774000,
        "netIncomeRatio": 0.3000166323,
        "eps": 1.14,
        "epsdiluted": 1.1,
        "weightedAverageShsOut": 155012000,
        "weightedAverageShsOutDil": 160433000,
        "link": "",
        "finalLink": ""
    },
    {
        "date": "2016-12-31",
        "symbol": "FRC",
        "reportedCurrency": "USD",
        "cik": "0001132979",
        "fillingDate": "2016-12-31",
        "acceptedDate": "2016-12-30 19:00:00",
        "calendarYear": "2016",
        "period": "Q4",
        "revenue": 587691000,
        "costOfRevenue": 0,
        "grossProfit": 587691000,
        "grossProfitRatio": 1,
        "researchAndDevelopmentExpenses": 0,
        "generalAndAdministrativeExpenses": 218001000,
        "sellingAndMarketingExpenses": 10167000,
        "sellingGeneralAndAdministrativeExpenses": 228168000,
        "otherExpenses": -540105000,
        "operatingExpenses": -311937000,
        "costAndExpenses": 417643000,
        "interestIncome": 537594000,
        "interestExpense": 46969000,
        "depreciationAndAmortization": 24608000,
        "ebitda": 247828000,
        "ebitdaratio": 0.421697797,
        "operatingIncome": 275754000,
        "operatingIncomeRatio": 0.4692159655,
        "totalOtherIncomeExpensesNet": -46969000,
        "incomeBeforeTax": 228785000,
        "incomeBeforeTaxRatio": 0.3892947144,
        "incomeTaxExpense": 49667000,
        "netIncome": 179118000,
        "netIncomeRatio": 0.3047826154,
        "eps": 1.16,
        "epsdiluted": 1.16,
        "weightedAverageShsOut": 151990000,
        "weightedAverageShsOutDil": 155012000,
        "link": "",
        "finalLink": ""
    },
    {
        "date": "2016-09-30",
        "symbol": "FRC",
        "reportedCurrency": "USD",
        "cik": "0001132979",
        "fillingDate": "2016-09-30",
        "acceptedDate": "2016-09-29 20:00:00",
        "calendarYear": "2016",
        "period": "Q3",
        "revenue": 545462000,
        "costOfRevenue": 0,
        "grossProfit": 545462000,
        "grossProfitRatio": 1,
        "researchAndDevelopmentExpenses": 0,
        "generalAndAdministrativeExpenses": 209947000,
        "sellingAndMarketingExpenses": 7169000,
        "sellingGeneralAndAdministrativeExpenses": 217116000,
        "otherExpenses": -516729000,
        "operatingExpenses": -299613000,
        "costAndExpenses": 399476000,
        "interestIncome": 504314000,
        "interestExpense": 43710000,
        "depreciationAndAmortization": 19677000,
        "ebitda": 217332000,
        "ebitdaratio": 0.3984365547,
        "operatingIncome": 245849000,
        "operatingIncomeRatio": 0.4507170069,
        "totalOtherIncomeExpensesNet": -43710000,
        "incomeBeforeTax": 202139000,
        "incomeBeforeTaxRatio": 0.370583102,
        "incomeTaxExpense": 30321000,
        "netIncome": 171818000,
        "netIncomeRatio": 0.3149953617,
        "eps": 1.15,
        "epsdiluted": 1.11,
        "weightedAverageShsOut": 149800000,
        "weightedAverageShsOutDil": 154824000,
        "link": "",
        "finalLink": ""
    },
    {
        "date": "2016-06-30",
        "symbol": "FRC",
        "reportedCurrency": "USD",
        "cik": "0001132979",
        "fillingDate": "2016-06-30",
        "acceptedDate": "2016-06-29 20:00:00",
        "calendarYear": "2016",
        "period": "Q2",
        "revenue": 524986000,
        "costOfRevenue": 0,
        "grossProfit": 524986000,
        "grossProfitRatio": 1,
        "researchAndDevelopmentExpenses": 0,
        "generalAndAdministrativeExpenses": 197386000,
        "sellingAndMarketingExpenses": 8257000,
        "sellingGeneralAndAdministrativeExpenses": 205643000,
        "otherExpenses": -492042000,
        "operatingExpenses": -286399000,
        "costAndExpenses": 372076000,
        "interestIncome": 479412000,
        "interestExpense": 37794000,
        "depreciationAndAmortization": 22871000,
        "ebitda": 220345000,
        "ebitdaratio": 0.4197159543,
        "operatingIncome": 238587000,
        "operatingIncomeRatio": 0.4544635476,
        "totalOtherIncomeExpensesNet": -37794000,
        "incomeBeforeTax": 200793000,
        "incomeBeforeTaxRatio": 0.3824730564,
        "incomeTaxExpense": 35796000,
        "netIncome": 164997000,
        "netIncomeRatio": 0.314288381,
        "eps": 1.12,
        "epsdiluted": 1.08,
        "weightedAverageShsOut": 147208000,
        "weightedAverageShsOutDil": 152602000,
        "link": "",
        "finalLink": ""
    },
    {
        "date": "2016-03-31",
        "symbol": "FRC",
        "reportedCurrency": "USD",
        "cik": "0001132979",
        "fillingDate": "2016-03-31",
        "acceptedDate": "2016-03-30 20:00:00",
        "calendarYear": "2016",
        "period": "Q1",
        "revenue": 510420000,
        "costOfRevenue": 0,
        "grossProfit": 510420000,
        "grossProfitRatio": 1,
        "researchAndDevelopmentExpenses": 0,
        "generalAndAdministrativeExpenses": 199546000,
        "sellingAndMarketingExpenses": 7190000,
        "sellingGeneralAndAdministrativeExpenses": 206736000,
        "otherExpenses": -486039000,
        "operatingExpenses": -279303000,
        "costAndExpenses": -279303000,
        "interestIncome": 459553000,
        "interestExpense": 35238000,
        "depreciationAndAmortization": 18214000,
        "ebitda": 249331000,
        "ebitdaratio": 0.4884820344,
        "operatingIncome": 231117000,
        "operatingIncomeRatio": 0.452797696,
        "totalOtherIncomeExpensesNet": -35238000,
        "incomeBeforeTax": 195879000,
        "incomeBeforeTaxRatio": 0.3837604326,
        "incomeTaxExpense": 47013000,
        "netIncome": 148866000,
        "netIncomeRatio": 0.2916539321,
        "eps": 1.02,
        "epsdiluted": 0.99,
        "weightedAverageShsOut": 145963000,
        "weightedAverageShsOutDil": 149719000,
        "link": "",
        "finalLink": ""
    },
    {
        "date": "2015-12-31",
        "symbol": "FRC",
        "reportedCurrency": "USD",
        "cik": "0001132979",
        "fillingDate": "2015-12-31",
        "acceptedDate": "2015-12-30 19:00:00",
        "calendarYear": "2015",
        "period": "Q4",
        "revenue": 486602000,
        "costOfRevenue": 0,
        "grossProfit": 486602000,
        "grossProfitRatio": 1,
        "researchAndDevelopmentExpenses": 0,
        "generalAndAdministrativeExpenses": 182323000,
        "sellingAndMarketingExpenses": 7617000,
        "sellingGeneralAndAdministrativeExpenses": 189940000,
        "otherExpenses": -458154000,
        "operatingExpenses": -268214000,
        "costAndExpenses": -268214000,
        "interestIncome": 441206000,
        "interestExpense": 36507000,
        "depreciationAndAmortization": 18665000,
        "ebitda": 237053000,
        "ebitdaratio": 0.4871599377,
        "operatingIncome": 218388000,
        "operatingIncomeRatio": 0.4488021011,
        "totalOtherIncomeExpensesNet": -36507000,
        "incomeBeforeTax": 181881000,
        "incomeBeforeTaxRatio": 0.3737777486,
        "incomeTaxExpense": 41835000,
        "netIncome": 140046000,
        "netIncomeRatio": 0.2878039959,
        "eps": 0.96,
        "epsdiluted": 0.96,
        "weightedAverageShsOut": 145963000,
        "weightedAverageShsOutDil": 145963000,
        "link": "",
        "finalLink": ""
    },
    {
        "date": "2015-09-30",
        "symbol": "FRC",
        "reportedCurrency": "USD",
        "cik": "0001132979",
        "fillingDate": "2015-11-16",
        "acceptedDate": "2015-11-16 12:57:23",
        "calendarYear": "2015",
        "period": "Q3",
        "revenue": 459882000,
        "costOfRevenue": 0,
        "grossProfit": 459882000,
        "grossProfitRatio": 1,
        "researchAndDevelopmentExpenses": 0,
        "generalAndAdministrativeExpenses": 163749000,
        "sellingAndMarketingExpenses": 6167000,
        "sellingGeneralAndAdministrativeExpenses": 169916000,
        "otherExpenses": -414422000,
        "operatingExpenses": -244506000,
        "costAndExpenses": -244506000,
        "interestIncome": 426028000,
        "interestExpense": 37147000,
        "depreciationAndAmortization": 15364000,
        "ebitda": 230740000,
        "ebitdaratio": 0.5017374022,
        "operatingIncome": 215376000,
        "operatingIncomeRatio": 0.4683288322,
        "totalOtherIncomeExpensesNet": -37147000,
        "incomeBeforeTax": 178229000,
        "incomeBeforeTaxRatio": 0.3875537638,
        "incomeTaxExpense": 43387000,
        "netIncome": 134842000,
        "netIncomeRatio": 0.2932099973,
        "eps": 0.95,
        "epsdiluted": 0.92,
        "weightedAverageShsOut": 142152000,
        "weightedAverageShsOutDil": 145890000,
        "link": "https://www.sec.gov/Archives/edgar/data/1420239/000147793215007050/0001477932-15-007050-index.html",
        "finalLink": "https://www.sec.gov/Archives/edgar/data/1420239/000147793215007050/grph_10q.htm"
    },
    {
        "date": "2015-06-30",
        "symbol": "FRC",
        "reportedCurrency": "USD",
        "cik": "0001132979",
        "fillingDate": "2015-08-14",
        "acceptedDate": "2015-08-14 10:30:30",
        "calendarYear": "2015",
        "period": "Q2",
        "revenue": 447329000,
        "costOfRevenue": 0,
        "grossProfit": 447329000,
        "grossProfitRatio": 1,
        "researchAndDevelopmentExpenses": 0,
        "generalAndAdministrativeExpenses": 142596000,
        "sellingAndMarketingExpenses": 6564000,
        "sellingGeneralAndAdministrativeExpenses": 149160000,
        "otherExpenses": -384418000,
        "operatingExpenses": -235258000,
        "costAndExpenses": -235258000,
        "interestIncome": 411955000,
        "interestExpense": 36891000,
        "depreciationAndAmortization": 19626000,
        "ebitda": 231697000,
        "ebitdaratio": 0.5179565823,
        "operatingIncome": 212071000,
        "operatingIncomeRatio": 0.4740828339,
        "totalOtherIncomeExpensesNet": -36891000,
        "incomeBeforeTax": 175180000,
        "incomeBeforeTaxRatio": 0.3916133316,
        "incomeTaxExpense": 43835000,
        "netIncome": 131345000,
        "netIncomeRatio": 0.293620579,
        "eps": 0.93,
        "epsdiluted": 0.9,
        "weightedAverageShsOut": 141927000,
        "weightedAverageShsOutDil": 145713000,
        "link": "https://www.sec.gov/Archives/edgar/data/1420239/000147793215005140/0001477932-15-005140-index.html",
        "finalLink": "https://www.sec.gov/Archives/edgar/data/1420239/000147793215005140/grph_10q.htm"
    },
    {
        "date": "2015-03-31",
        "symbol": "FRC",
        "reportedCurrency": "USD",
        "cik": "0001132979",
        "fillingDate": "2015-04-15",
        "acceptedDate": "2015-04-14 17:54:14",
        "calendarYear": "2015",
        "period": "Q1",
        "revenue": 415175000,
        "costOfRevenue": 0,
        "grossProfit": 415175000,
        "grossProfitRatio": 1,
        "researchAndDevelopmentExpenses": 0,
        "generalAndAdministrativeExpenses": 143998000,
        "sellingAndMarketingExpenses": 5214000,
        "sellingGeneralAndAdministrativeExpenses": 149212000,
        "otherExpenses": -372125000,
        "operatingExpenses": -222913000,
        "costAndExpenses": -222913000,
        "interestIncome": 384903000,
        "interestExpense": 36884000,
        "depreciationAndAmortization": 16674000,
        "ebitda": 208936000,
        "ebitdaratio": 0.5032480279,
        "operatingIncome": 192262000,
        "operatingIncomeRatio": 0.4630866502,
        "totalOtherIncomeExpensesNet": -36884000,
        "incomeBeforeTax": 155378000,
        "incomeBeforeTaxRatio": 0.3742470043,
        "incomeTaxExpense": 39466000,
        "netIncome": 115912000,
        "netIncomeRatio": 0.2791882941,
        "eps": 0.83,
        "epsdiluted": 0.81,
        "weightedAverageShsOut": 138839000,
        "weightedAverageShsOutDil": 142791000,
        "link": "https://www.sec.gov/Archives/edgar/data/1420239/000147793215002448/0001477932-15-002448-index.html",
        "finalLink": "https://www.sec.gov/Archives/edgar/data/1420239/000147793215002448/grph_10k.htm"
    },
    {
        "date": "2014-12-31",
        "symbol": "FRC",
        "reportedCurrency": "USD",
        "cik": "0001132979",
        "fillingDate": "2014-12-31",
        "acceptedDate": "2014-12-30 19:00:00",
        "calendarYear": "2014",
        "period": "Q4",
        "revenue": 441672000,
        "costOfRevenue": 0,
        "grossProfit": 441672000,
        "grossProfitRatio": 1,
        "researchAndDevelopmentExpenses": 0,
        "generalAndAdministrativeExpenses": 120947000,
        "sellingAndMarketingExpenses": 5484000,
        "sellingGeneralAndAdministrativeExpenses": 126431000,
        "otherExpenses": -371496000,
        "operatingExpenses": -245065000,
        "costAndExpenses": -245065000,
        "interestIncome": 378999000,
        "interestExpense": 38144000,
        "depreciationAndAmortization": 16078000,
        "ebitda": 212685000,
        "ebitdaratio": 0.4815451285,
        "operatingIncome": 196607000,
        "operatingIncomeRatio": 0.4451425492,
        "totalOtherIncomeExpensesNet": -38144000,
        "incomeBeforeTax": 158463000,
        "incomeBeforeTaxRatio": 0.3587798185,
        "incomeTaxExpense": 43004000,
        "netIncome": 115459000,
        "netIncomeRatio": 0.2614134471,
        "eps": 0.83,
        "epsdiluted": 0.83,
        "weightedAverageShsOut": 138839000,
        "weightedAverageShsOutDil": 138839000,
        "link": "",
        "finalLink": ""
    },
    {
        "date": "2014-09-30",
        "symbol": "FRC",
        "reportedCurrency": "USD",
        "cik": "0001132979",
        "fillingDate": "2014-11-19",
        "acceptedDate": "2014-11-19 16:48:00",
        "calendarYear": "2014",
        "period": "Q3",
        "revenue": 431545000,
        "costOfRevenue": 0,
        "grossProfit": 431545000,
        "grossProfitRatio": 1,
        "researchAndDevelopmentExpenses": 0,
        "generalAndAdministrativeExpenses": 126370000,
        "sellingAndMarketingExpenses": 6204000,
        "sellingGeneralAndAdministrativeExpenses": 132574000,
        "otherExpenses": -334944000,
        "operatingExpenses": -202370000,
        "costAndExpenses": -202370000,
        "interestIncome": 376396000,
        "interestExpense": 40407000,
        "depreciationAndAmortization": 15673000,
        "ebitda": 244848000,
        "ebitdaratio": 0.5673753606,
        "operatingIncome": 229175000,
        "operatingIncomeRatio": 0.5310570161,
        "totalOtherIncomeExpensesNet": -40407000,
        "incomeBeforeTax": 188768000,
        "incomeBeforeTaxRatio": 0.4374236754,
        "incomeTaxExpense": 52757000,
        "netIncome": 136011000,
        "netIncomeRatio": 0.31517223,
        "eps": 0.99,
        "epsdiluted": 0.96,
        "weightedAverageShsOut": 137661000,
        "weightedAverageShsOutDil": 141548000,
        "link": "https://www.sec.gov/Archives/edgar/data/1420239/000147793214006568/0001477932-14-006568-index.html",
        "finalLink": "https://www.sec.gov/Archives/edgar/data/1420239/000147793214006568/grph_10q.htm"
    },
    {
        "date": "2014-06-30",
        "symbol": "FRC",
        "reportedCurrency": "USD",
        "cik": "0001132979",
        "fillingDate": "2014-08-07",
        "acceptedDate": "2014-08-07 17:22:57",
        "calendarYear": "2014",
        "period": "Q2",
        "revenue": 401527000,
        "costOfRevenue": 0,
        "grossProfit": 401527000,
        "grossProfitRatio": 1,
        "researchAndDevelopmentExpenses": 0,
        "generalAndAdministrativeExpenses": 119773000,
        "sellingAndMarketingExpenses": 8001000,
        "sellingGeneralAndAdministrativeExpenses": 127774000,
        "otherExpenses": -326688000,
        "operatingExpenses": -198914000,
        "costAndExpenses": -198914000,
        "interestIncome": 370303000,
        "interestExpense": 37090000,
        "depreciationAndAmortization": 15043000,
        "ebitda": 217656000,
        "ebitdaratio": 0.5420706453,
        "operatingIncome": 202613000,
        "operatingIncomeRatio": 0.504606166,
        "totalOtherIncomeExpensesNet": -37090000,
        "incomeBeforeTax": 165523000,
        "incomeBeforeTaxRatio": 0.4122337975,
        "incomeTaxExpense": 44691000,
        "netIncome": 120832000,
        "netIncomeRatio": 0.3009311952,
        "eps": 0.88,
        "epsdiluted": 0.85,
        "weightedAverageShsOut": 137279000,
        "weightedAverageShsOutDil": 141473000,
        "link": "https://www.sec.gov/Archives/edgar/data/1420239/000147793214004119/0001477932-14-004119-index.html",
        "finalLink": "https://www.sec.gov/Archives/edgar/data/1420239/000147793214004119/grph_10q.htm"
    },
    {
        "date": "2014-03-31",
        "symbol": "FRC",
        "reportedCurrency": "USD",
        "cik": "0001132979",
        "fillingDate": "2014-04-04",
        "acceptedDate": "2014-04-04 17:02:09",
        "calendarYear": "2014",
        "period": "Q1",
        "revenue": 374371000,
        "costOfRevenue": 0,
        "grossProfit": 374371000,
        "grossProfitRatio": 1,
        "researchAndDevelopmentExpenses": 0,
        "generalAndAdministrativeExpenses": 123251000,
        "sellingAndMarketingExpenses": 6014000,
        "sellingGeneralAndAdministrativeExpenses": 129265000,
        "otherExpenses": -309899000,
        "operatingExpenses": -180634000,
        "costAndExpenses": -180634000,
        "interestIncome": 357311000,
        "interestExpense": 36608000,
        "depreciationAndAmortization": 14651000,
        "ebitda": 208388000,
        "ebitdaratio": 0.5566349958,
        "operatingIncome": 193737000,
        "operatingIncomeRatio": 0.51750002,
        "totalOtherIncomeExpensesNet": -36608000,
        "incomeBeforeTax": 157129000,
        "incomeBeforeTaxRatio": 0.4197146681,
        "incomeTaxExpense": 42425000,
        "netIncome": 114704000,
        "netIncomeRatio": 0.3063912536,
        "eps": 0.86,
        "epsdiluted": 0.84,
        "weightedAverageShsOut": 132880000,
        "weightedAverageShsOutDil": 137295000,
        "link": "https://www.sec.gov/Archives/edgar/data/1420239/000147793214001566/0001477932-14-001566-index.html",
        "finalLink": "https://www.sec.gov/Archives/edgar/data/1420239/000147793214001566/grph_10k.htm"
    },
    {
        "date": "2013-12-31",
        "symbol": "FRC",
        "reportedCurrency": "USD",
        "cik": "0001132979",
        "fillingDate": "2013-12-31",
        "acceptedDate": "2013-12-30 19:00:00",
        "calendarYear": "2013",
        "period": "Q4",
        "revenue": 392518000,
        "costOfRevenue": 0,
        "grossProfit": 392518000,
        "grossProfitRatio": 1,
        "researchAndDevelopmentExpenses": 0,
        "generalAndAdministrativeExpenses": 123370000,
        "sellingAndMarketingExpenses": 6994000,
        "sellingGeneralAndAdministrativeExpenses": 130364000,
        "otherExpenses": -326450000,
        "operatingExpenses": -196086000,
        "costAndExpenses": -196086000,
        "interestIncome": 353478000,
        "interestExpense": 38654000,
        "depreciationAndAmortization": 14484000,
        "ebitda": 249570000,
        "ebitdaratio": 0.6358179752,
        "operatingIncome": 196432000,
        "operatingIncomeRatio": 0.5004407441,
        "totalOtherIncomeExpensesNet": 0,
        "incomeBeforeTax": 196432000,
        "incomeBeforeTaxRatio": 0.5004407441,
        "incomeTaxExpense": 82372000,
        "netIncome": 114060000,
        "netIncomeRatio": 0.2905853999,
        "eps": 0.86,
        "epsdiluted": 0.86,
        "weightedAverageShsOut": 132880000,
        "weightedAverageShsOutDil": 132880000,
        "link": "",
        "finalLink": ""
    },
    {
        "date": "2013-09-30",
        "symbol": "FRC",
        "reportedCurrency": "USD",
        "cik": "0001132979",
        "fillingDate": "2013-11-19",
        "acceptedDate": "2013-11-19 12:17:58",
        "calendarYear": "2013",
        "period": "Q3",
        "revenue": 354269000,
        "costOfRevenue": 0,
        "grossProfit": 354269000,
        "grossProfitRatio": 1,
        "researchAndDevelopmentExpenses": 0,
        "generalAndAdministrativeExpenses": 101768000,
        "sellingAndMarketingExpenses": 5820000,
        "sellingGeneralAndAdministrativeExpenses": 107588000,
        "otherExpenses": -275845000,
        "operatingExpenses": -168257000,
        "costAndExpenses": -168257000,
        "interestIncome": 346050000,
        "interestExpense": 37840000,
        "depreciationAndAmortization": 16171000,
        "ebitda": 202183000,
        "ebitdaratio": 0.570704747,
        "operatingIncome": 186012000,
        "operatingIncomeRatio": 0.5250586419,
        "totalOtherIncomeExpensesNet": -37840000,
        "incomeBeforeTax": 148172000,
        "incomeBeforeTaxRatio": 0.4182471512,
        "incomeTaxExpense": 36189000,
        "netIncome": 111983000,
        "netIncomeRatio": 0.316095961,
        "eps": 0.85,
        "epsdiluted": 0.82,
        "weightedAverageShsOut": 131436000,
        "weightedAverageShsOutDil": 136133000,
        "link": "https://www.sec.gov/Archives/edgar/data/1420239/000107878213002303/0001078782-13-002303-index.html",
        "finalLink": "https://www.sec.gov/Archives/edgar/data/1420239/000107878213002303/f10q093013_10q.htm"
    },
    {
        "date": "2013-06-30",
        "symbol": "FRC",
        "reportedCurrency": "USD",
        "cik": "0001132979",
        "fillingDate": "2013-08-14",
        "acceptedDate": "2013-08-14 15:23:44",
        "calendarYear": "2013",
        "period": "Q2",
        "revenue": 357595000,
        "costOfRevenue": 0,
        "grossProfit": 357595000,
        "grossProfitRatio": 1,
        "researchAndDevelopmentExpenses": 0,
        "generalAndAdministrativeExpenses": 100591000,
        "sellingAndMarketingExpenses": 6842000,
        "sellingGeneralAndAdministrativeExpenses": 107433000,
        "otherExpenses": -282826000,
        "operatingExpenses": -175393000,
        "costAndExpenses": -175393000,
        "interestIncome": 332744000,
        "interestExpense": 29652000,
        "depreciationAndAmortization": 16622000,
        "ebitda": 198824000,
        "ebitdaratio": 0.5560032998,
        "operatingIncome": 182202000,
        "operatingIncomeRatio": 0.509520547,
        "totalOtherIncomeExpensesNet": -29652000,
        "incomeBeforeTax": 152550000,
        "incomeBeforeTaxRatio": 0.4265999245,
        "incomeTaxExpense": 38831000,
        "netIncome": 113719000,
        "netIncomeRatio": 0.3180105986,
        "eps": 0.87,
        "epsdiluted": 0.84,
        "weightedAverageShsOut": 131102000,
        "weightedAverageShsOutDil": 135595000,
        "link": "https://www.sec.gov/Archives/edgar/data/1420239/000107878213001615/0001078782-13-001615-index.html",
        "finalLink": "https://www.sec.gov/Archives/edgar/data/1420239/000107878213001615/f10q063013_10q.htm"
    },
    {
        "date": "2013-03-31",
        "symbol": "FRC",
        "reportedCurrency": "USD",
        "cik": "0001132979",
        "fillingDate": "2013-04-08",
        "acceptedDate": "2013-04-05 17:37:20",
        "calendarYear": "2013",
        "period": "Q1",
        "revenue": 364143000,
        "costOfRevenue": 0,
        "grossProfit": 364143000,
        "grossProfitRatio": 1,
        "researchAndDevelopmentExpenses": 0,
        "generalAndAdministrativeExpenses": 104469000,
        "sellingAndMarketingExpenses": 5803000,
        "sellingGeneralAndAdministrativeExpenses": 110272000,
        "otherExpenses": -282313000,
        "operatingExpenses": -172041000,
        "costAndExpenses": -172041000,
        "interestIncome": 323746000,
        "interestExpense": 25697000,
        "depreciationAndAmortization": 16385000,
        "ebitda": 208487000,
        "ebitdaratio": 0.5725415565,
        "operatingIncome": 192102000,
        "operatingIncomeRatio": 0.5275454972,
        "totalOtherIncomeExpensesNet": -25697000,
        "incomeBeforeTax": 166405000,
        "incomeBeforeTaxRatio": 0.4569770667,
        "incomeTaxExpense": 44097000,
        "netIncome": 122308000,
        "netIncomeRatio": 0.3358790365,
        "eps": 0.93,
        "epsdiluted": 0.9,
        "weightedAverageShsOut": 130846000,
        "weightedAverageShsOutDil": 135252000,
        "link": "https://www.sec.gov/Archives/edgar/data/1420239/000107878213000666/0001078782-13-000666-index.html",
        "finalLink": "https://www.sec.gov/Archives/edgar/data/1420239/000107878213000666/f10k123112_10k.htm"
    },
    {
        "date": "2012-12-31",
        "symbol": "FRC",
        "reportedCurrency": "USD",
        "cik": "0001132979",
        "fillingDate": "2012-12-31",
        "acceptedDate": "2012-12-30 19:00:00",
        "calendarYear": "2012",
        "period": "Q4",
        "revenue": 331100000,
        "costOfRevenue": 0,
        "grossProfit": 331100000,
        "grossProfitRatio": 1,
        "researchAndDevelopmentExpenses": 0,
        "generalAndAdministrativeExpenses": 54035000,
        "sellingAndMarketingExpenses": 6061000,
        "sellingGeneralAndAdministrativeExpenses": 60096000,
        "otherExpenses": -207346000,
        "operatingExpenses": -147250000,
        "costAndExpenses": -147250000,
        "interestIncome": 328587000,
        "interestExpense": 26253000,
        "depreciationAndAmortization": 12823000,
        "ebitda": 196673000,
        "ebitdaratio": 0.5939987919,
        "operatingIncome": 183850000,
        "operatingIncomeRatio": 0.5552703111,
        "totalOtherIncomeExpensesNet": -26253000,
        "incomeBeforeTax": 157597000,
        "incomeBeforeTaxRatio": 0.4759800664,
        "incomeTaxExpense": 47486000,
        "netIncome": 110111000,
        "netIncomeRatio": 0.3325611598,
        "eps": 0.84,
        "epsdiluted": 0.84,
        "weightedAverageShsOut": 130846000,
        "weightedAverageShsOutDil": 130846000,
        "link": "",
        "finalLink": ""
    },
    {
        "date": "2012-09-30",
        "symbol": "FRC",
        "reportedCurrency": "USD",
        "cik": "0001132979",
        "fillingDate": "2012-11-15",
        "acceptedDate": "2012-11-15 16:56:30",
        "calendarYear": "2012",
        "period": "Q3",
        "revenue": 342660000,
        "costOfRevenue": 0,
        "grossProfit": 342660000,
        "grossProfitRatio": 1,
        "researchAndDevelopmentExpenses": 0,
        "generalAndAdministrativeExpenses": 112447000,
        "sellingAndMarketingExpenses": 5953000,
        "sellingGeneralAndAdministrativeExpenses": 118400000,
        "otherExpenses": -284780000,
        "operatingExpenses": -166380000,
        "costAndExpenses": -166380000,
        "interestIncome": 327336000,
        "interestExpense": 28515000,
        "depreciationAndAmortization": 10506000,
        "ebitda": 186786000,
        "ebitdaratio": 0.5451059359,
        "operatingIncome": 176280000,
        "operatingIncomeRatio": 0.5144458063,
        "totalOtherIncomeExpensesNet": -28515000,
        "incomeBeforeTax": 147765000,
        "incomeBeforeTaxRatio": 0.4312292068,
        "incomeTaxExpense": 45069000,
        "netIncome": 102696000,
        "netIncomeRatio": 0.2997023288,
        "eps": 0.79,
        "epsdiluted": 0.76,
        "weightedAverageShsOut": 130194000,
        "weightedAverageShsOutDil": 134374000,
        "link": "https://www.sec.gov/Archives/edgar/data/1420239/000107878212002892/0001078782-12-002892-index.html",
        "finalLink": "https://www.sec.gov/Archives/edgar/data/1420239/000107878212002892/f10q093012_10q.htm"
    },
    {
        "date": "2012-06-30",
        "symbol": "FRC",
        "reportedCurrency": "USD",
        "cik": "0001132979",
        "fillingDate": "2012-08-20",
        "acceptedDate": "2012-08-20 13:19:08",
        "calendarYear": "2012",
        "period": "Q2",
        "revenue": 327236000,
        "costOfRevenue": 0,
        "grossProfit": 327236000,
        "grossProfitRatio": 1,
        "researchAndDevelopmentExpenses": 0,
        "generalAndAdministrativeExpenses": 105181000,
        "sellingAndMarketingExpenses": 7144000,
        "sellingGeneralAndAdministrativeExpenses": 112325000,
        "otherExpenses": -267850000,
        "operatingExpenses": -155525000,
        "costAndExpenses": -155525000,
        "interestIncome": 322127000,
        "interestExpense": 31530000,
        "depreciationAndAmortization": 11155000,
        "ebitda": 182866000,
        "ebitdaratio": 0.5588199342,
        "operatingIncome": 171711000,
        "operatingIncomeRatio": 0.5247313865,
        "totalOtherIncomeExpensesNet": -30905000,
        "incomeBeforeTax": 140806000,
        "incomeBeforeTaxRatio": 0.4302888435,
        "incomeTaxExpense": 42274000,
        "netIncome": 97907000,
        "netIncomeRatio": 0.299193854,
        "eps": 0.75,
        "epsdiluted": 0.73,
        "weightedAverageShsOut": 129890000,
        "weightedAverageShsOutDil": 134002000,
        "link": "https://www.sec.gov/Archives/edgar/data/1420239/000107878212002112/0001078782-12-002112-index.html",
        "finalLink": "https://www.sec.gov/Archives/edgar/data/1420239/000107878212002112/f10q063012_10q.htm"
    },
    {
        "date": "2012-03-31",
        "symbol": "FRC",
        "reportedCurrency": "USD",
        "cik": "0001132979",
        "fillingDate": "2012-03-31",
        "acceptedDate": "2012-03-30 20:00:00",
        "calendarYear": "2012",
        "period": "Q1",
        "revenue": 308542000,
        "costOfRevenue": 0,
        "grossProfit": 308542000,
        "grossProfitRatio": 1,
        "researchAndDevelopmentExpenses": 0,
        "generalAndAdministrativeExpenses": 104081000,
        "sellingAndMarketingExpenses": 5962000,
        "sellingGeneralAndAdministrativeExpenses": 110043000,
        "otherExpenses": -257304000,
        "operatingExpenses": -147261000,
        "costAndExpenses": -147261000,
        "interestIncome": 309156000,
        "interestExpense": 27888000,
        "depreciationAndAmortization": 9128000,
        "ebitda": 170409000,
        "ebitdaratio": 0.5523040623,
        "operatingIncome": 161281000,
        "operatingIncomeRatio": 0.5227197594,
        "totalOtherIncomeExpensesNet": -26975000,
        "incomeBeforeTax": 134306000,
        "incomeBeforeTaxRatio": 0.4352924399,
        "incomeTaxExpense": 41635000,
        "netIncome": 91758000,
        "netIncomeRatio": 0.2973922513,
        "eps": 0.71,
        "epsdiluted": 0.69,
        "weightedAverageShsOut": 129498000,
        "weightedAverageShsOutDil": 133621000,
        "link": "",
        "finalLink": ""
    },
    {
        "date": "2011-12-31",
        "symbol": "FRC",
        "reportedCurrency": "USD",
        "cik": "0001132979",
        "fillingDate": "2012-03-30",
        "acceptedDate": "2012-03-30 16:10:26",
        "calendarYear": "2011",
        "period": "Q4",
        "revenue": 306082000,
        "costOfRevenue": 0,
        "grossProfit": 306082000,
        "grossProfitRatio": 1,
        "researchAndDevelopmentExpenses": 0,
        "generalAndAdministrativeExpenses": 49966000,
        "sellingAndMarketingExpenses": 8567000,
        "sellingGeneralAndAdministrativeExpenses": 58533000,
        "otherExpenses": -195684000,
        "operatingExpenses": -137151000,
        "costAndExpenses": -137151000,
        "interestIncome": 314761000,
        "interestExpense": 29224000,
        "depreciationAndAmortization": 4259000,
        "ebitda": 173190000,
        "ebitdaratio": 0.5658287648,
        "operatingIncome": 168931000,
        "operatingIncomeRatio": 0.5519141929,
        "totalOtherIncomeExpensesNet": -28152000,
        "incomeBeforeTax": 140779000,
        "incomeBeforeTaxRatio": 0.4599388399,
        "incomeTaxExpense": 49016000,
        "netIncome": 90691000,
        "netIncomeRatio": 0.2962964173,
        "eps": 0.7,
        "epsdiluted": 0.7,
        "weightedAverageShsOut": 129498000,
        "weightedAverageShsOutDil": 129498000,
        "link": "https://www.sec.gov/Archives/edgar/data/1420239/000107878212000884/0001078782-12-000884-index.html",
        "finalLink": "https://www.sec.gov/Archives/edgar/data/1420239/000107878212000884/f10k123111_10k.htm"
    },
    {
        "date": "2011-09-30",
        "symbol": "FRC",
        "reportedCurrency": "USD",
        "cik": "0001132979",
        "fillingDate": "2011-11-14",
        "acceptedDate": "2011-11-14 11:26:45",
        "calendarYear": "2011",
        "period": "Q3",
        "revenue": 295635000,
        "costOfRevenue": 0,
        "grossProfit": 295635000,
        "grossProfitRatio": 1,
        "researchAndDevelopmentExpenses": 0,
        "generalAndAdministrativeExpenses": 87846000,
        "sellingAndMarketingExpenses": 6883000,
        "sellingGeneralAndAdministrativeExpenses": 94729000,
        "otherExpenses": -221150000,
        "operatingExpenses": -126421000,
        "costAndExpenses": -126421000,
        "interestIncome": 300341000,
        "interestExpense": 31435000,
        "depreciationAndAmortization": 1805000,
        "ebitda": 171019000,
        "ebitdaratio": 0.5784802205,
        "operatingIncome": 169214000,
        "operatingIncomeRatio": 0.5723747188,
        "totalOtherIncomeExpensesNet": -30363000,
        "incomeBeforeTax": 138851000,
        "incomeBeforeTaxRatio": 0.4696703706,
        "incomeTaxExpense": 49986000,
        "netIncome": 87793000,
        "netIncomeRatio": 0.2969641619,
        "eps": 0.68,
        "epsdiluted": 0.66,
        "weightedAverageShsOut": 129207000,
        "weightedAverageShsOutDil": 132437000,
        "link": "https://www.sec.gov/Archives/edgar/data/1420239/000107878211003223/0001078782-11-003223-index.html",
        "finalLink": "https://www.sec.gov/Archives/edgar/data/1420239/000107878211003223/quarterlyreport_10q.htm"
    },
    {
        "date": "2011-06-30",
        "symbol": "FRC",
        "reportedCurrency": "USD",
        "cik": "0001132979",
        "fillingDate": "2011-08-22",
        "acceptedDate": "2011-08-22 14:43:07",
        "calendarYear": "2011",
        "period": "Q2",
        "revenue": 279907000,
        "costOfRevenue": 0,
        "grossProfit": 279907000,
        "grossProfitRatio": 1,
        "researchAndDevelopmentExpenses": 0,
        "generalAndAdministrativeExpenses": 87442000,
        "sellingAndMarketingExpenses": 7053000,
        "sellingGeneralAndAdministrativeExpenses": 94495000,
        "otherExpenses": -214296000,
        "operatingExpenses": -119801000,
        "costAndExpenses": -119801000,
        "interestIncome": 285934000,
        "interestExpense": 29132000,
        "depreciationAndAmortization": -1404000,
        "ebitda": 158702000,
        "ebitdaratio": 0.5669811759,
        "operatingIncome": 160106000,
        "operatingIncomeRatio": 0.5719971276,
        "totalOtherIncomeExpensesNet": -27962000,
        "incomeBeforeTax": 132144000,
        "incomeBeforeTaxRatio": 0.4720996617,
        "incomeTaxExpense": 46142000,
        "netIncome": 84832000,
        "netIncomeRatio": 0.3030720918,
        "eps": 0.66,
        "epsdiluted": 0.64,
        "weightedAverageShsOut": 128858000,
        "weightedAverageShsOutDil": 133091000,
        "link": "https://www.sec.gov/Archives/edgar/data/1420239/000107878211002393/0001078782-11-002393-index.html",
        "finalLink": "https://www.sec.gov/Archives/edgar/data/1420239/000107878211002393/firstres10q063011.htm"
    },
    {
        "date": "2011-03-31",
        "symbol": "FRC",
        "reportedCurrency": "USD",
        "cik": "0001132979",
        "fillingDate": "2011-04-15",
        "acceptedDate": "2011-04-14 17:48:09",
        "calendarYear": "2011",
        "period": "Q1",
        "revenue": 285560000,
        "costOfRevenue": 0,
        "grossProfit": 285560000,
        "grossProfitRatio": 1,
        "researchAndDevelopmentExpenses": 0,
        "generalAndAdministrativeExpenses": 64221000,
        "sellingAndMarketingExpenses": 6309000,
        "sellingGeneralAndAdministrativeExpenses": 70530000,
        "otherExpenses": -186996000,
        "operatingExpenses": -116466000,
        "costAndExpenses": -116466000,
        "interestIncome": 281921000,
        "interestExpense": 27427000,
        "depreciationAndAmortization": -5404000,
        "ebitda": 163690000,
        "ebitdaratio": 0.5732245413,
        "operatingIncome": 169094000,
        "operatingIncomeRatio": 0.5921487603,
        "totalOtherIncomeExpensesNet": -26136000,
        "incomeBeforeTax": 142958000,
        "incomeBeforeTaxRatio": 0.5006233366,
        "incomeTaxExpense": 52895000,
        "netIncome": 88772000,
        "netIncomeRatio": 0.3108698697,
        "eps": 0.69,
        "epsdiluted": 0.67,
        "weightedAverageShsOut": 128858000,
        "weightedAverageShsOutDil": 132509000,
        "link": "https://www.sec.gov/Archives/edgar/data/1420239/000107878211001014/0001078782-11-001014-index.html",
        "finalLink": "https://www.sec.gov/Archives/edgar/data/1420239/000107878211001014/firstres10k123110.htm"
    },
    {
        "date": "2010-12-31",
        "symbol": "FRC",
        "reportedCurrency": "USD",
        "cik": "0001132979",
        "fillingDate": "2010-12-31",
        "acceptedDate": "2010-12-30 19:00:00",
        "calendarYear": "2010",
        "period": "Q4",
        "revenue": 271112000,
        "costOfRevenue": 0,
        "grossProfit": 271112000,
        "grossProfitRatio": 1,
        "researchAndDevelopmentExpenses": 0,
        "generalAndAdministrativeExpenses": 71026000,
        "sellingAndMarketingExpenses": 5716000,
        "sellingGeneralAndAdministrativeExpenses": 76742000,
        "otherExpenses": -196003000,
        "operatingExpenses": -119261000,
        "costAndExpenses": -119261000,
        "interestIncome": 282979000,
        "interestExpense": 26349000,
        "depreciationAndAmortization": -9700000,
        "ebitda": 142151000,
        "ebitdaratio": 0.5243257399,
        "operatingIncome": 151851000,
        "operatingIncomeRatio": 0.5601043111,
        "totalOtherIncomeExpensesNet": -25151000,
        "incomeBeforeTax": 126700000,
        "incomeBeforeTaxRatio": 0.4673345333,
        "incomeTaxExpense": 49535000,
        "netIncome": 75967000,
        "netIncomeRatio": 0.2802052288,
        "eps": 0.59,
        "epsdiluted": 0.57,
        "weightedAverageShsOut": 128858000,
        "weightedAverageShsOutDil": 132509000,
        "link": "",
        "finalLink": ""
    },
    {
        "date": "2010-09-30",
        "symbol": "FRC",
        "reportedCurrency": "USD",
        "cik": "0001132979",
        "fillingDate": "2010-11-22",
        "acceptedDate": "2010-11-22 16:21:02",
        "calendarYear": "2010",
        "period": "Q3",
        "revenue": 254430000,
        "costOfRevenue": 0,
        "grossProfit": 254430000,
        "grossProfitRatio": 1,
        "researchAndDevelopmentExpenses": 0,
        "generalAndAdministrativeExpenses": 76368000,
        "sellingAndMarketingExpenses": 5872000,
        "sellingGeneralAndAdministrativeExpenses": 82240000,
        "otherExpenses": -195715000,
        "operatingExpenses": -113475000,
        "costAndExpenses": -113475000,
        "interestIncome": 263828000,
        "interestExpense": 27588000,
        "depreciationAndAmortization": -8000000,
        "ebitda": 132955000,
        "ebitdaratio": 0.5225602327,
        "operatingIncome": 140955000,
        "operatingIncomeRatio": 0.5540030657,
        "totalOtherIncomeExpensesNet": -26390000,
        "incomeBeforeTax": 114565000,
        "incomeBeforeTaxRatio": 0.4502810203,
        "incomeTaxExpense": 46972000,
        "netIncome": 66395000,
        "netIncomeRatio": 0.2609558621,
        "eps": 0.53,
        "epsdiluted": 0.53,
        "weightedAverageShsOut": 124133000,
        "weightedAverageShsOutDil": 125858000,
        "link": "https://www.sec.gov/Archives/edgar/data/1420239/000107878210002727/0001078782-10-002727-index.html",
        "finalLink": "https://www.sec.gov/Archives/edgar/data/1420239/000107878210002727/firstres10q093010.htm"
    },
    {
        "date": "2010-06-30",
        "symbol": "FRC",
        "reportedCurrency": "USD",
        "cik": "0001132979",
        "fillingDate": "2010-08-23",
        "acceptedDate": "2010-08-23 12:24:00",
        "calendarYear": "2010",
        "period": "Q2",
        "revenue": 223247000,
        "costOfRevenue": 0,
        "grossProfit": 223247000,
        "grossProfitRatio": 1,
        "researchAndDevelopmentExpenses": 0,
        "generalAndAdministrativeExpenses": 79528000,
        "sellingAndMarketingExpenses": 3508000,
        "sellingGeneralAndAdministrativeExpenses": 83036000,
        "otherExpenses": -153760000,
        "operatingExpenses": -70724000,
        "costAndExpenses": -70724000,
        "interestIncome": 243874000,
        "interestExpense": 45721000,
        "depreciationAndAmortization": -1922000,
        "ebitda": 150601000,
        "ebitdaratio": 0.6745936116,
        "operatingIncome": 152523000,
        "operatingIncomeRatio": 0.6832029098,
        "totalOtherIncomeExpensesNet": -44523000,
        "incomeBeforeTax": 108000000,
        "incomeBeforeTaxRatio": 0.4837690988,
        "incomeTaxExpense": 46255000,
        "netIncome": 60547000,
        "netIncomeRatio": 0.2712108113,
        "eps": 0.49,
        "epsdiluted": 0.48,
        "weightedAverageShsOut": 124133000,
        "weightedAverageShsOutDil": 125858000,
        "link": "https://www.sec.gov/Archives/edgar/data/1420239/000107878210001996/0001078782-10-001996-index.html",
        "finalLink": "https://www.sec.gov/Archives/edgar/data/1420239/000107878210001996/medzed10q063010.htm"
    },
    {
        "date": "2010-03-31",
        "symbol": "FRC",
        "reportedCurrency": "USD",
        "cik": "0001132979",
        "fillingDate": "2010-04-15",
        "acceptedDate": "2010-04-15 13:28:20",
        "calendarYear": "2010",
        "period": "Q1",
        "revenue": 239403000,
        "costOfRevenue": 0,
        "grossProfit": 239403000,
        "grossProfitRatio": 1,
        "researchAndDevelopmentExpenses": 0,
        "generalAndAdministrativeExpenses": 55649000,
        "sellingAndMarketingExpenses": 3102000,
        "sellingGeneralAndAdministrativeExpenses": 58751000,
        "otherExpenses": -129093000,
        "operatingExpenses": -70342000,
        "costAndExpenses": -70342000,
        "interestIncome": 264964000,
        "interestExpense": 49878000,
        "depreciationAndAmortization": 681000,
        "ebitda": 169742000,
        "ebitdaratio": 0.7090220256,
        "operatingIncome": 169061000,
        "operatingIncomeRatio": 0.7061774497,
        "totalOtherIncomeExpensesNet": -48680000,
        "incomeBeforeTax": 120381000,
        "incomeBeforeTaxRatio": 0.5028383103,
        "incomeTaxExpense": 50883000,
        "netIncome": 68300000,
        "netIncomeRatio": 0.2852929997,
        "eps": 0.55,
        "epsdiluted": 0.54,
        "weightedAverageShsOut": 124133000,
        "weightedAverageShsOutDil": 125858000,
        "link": "https://www.sec.gov/Archives/edgar/data/1420239/000107878210000817/0001078782-10-000817-index.html",
        "finalLink": "https://www.sec.gov/Archives/edgar/data/1420239/000107878210000817/medzed10k123109.htm"
    },
    {
        "date": "2009-12-31",
        "symbol": "FRC",
        "reportedCurrency": "USD",
        "cik": "0001132979",
        "fillingDate": "2009-12-31",
        "acceptedDate": "2009-12-30 19:00:00",
        "calendarYear": "2009",
        "period": "Q4",
        "revenue": 284700000,
        "costOfRevenue": 51800000,
        "grossProfit": 232900000,
        "grossProfitRatio": 0.818054092,
        "researchAndDevelopmentExpenses": 0,
        "generalAndAdministrativeExpenses": 114800000,
        "sellingAndMarketingExpenses": 51800000,
        "sellingGeneralAndAdministrativeExpenses": 166600000,
        "otherExpenses": 0,
        "operatingExpenses": 166600000,
        "costAndExpenses": 218400000,
        "interestIncome": 0,
        "interestExpense": 51800000,
        "depreciationAndAmortization": -2800000,
        "ebitda": 217700000,
        "ebitdaratio": 0.7646645592,
        "operatingIncome": 169900000,
        "operatingIncomeRatio": 0.5967685283,
        "totalOtherIncomeExpensesNet": 0,
        "incomeBeforeTax": 169900000,
        "incomeBeforeTaxRatio": 0.5967685283,
        "incomeTaxExpense": 71200000,
        "netIncome": 97500000,
        "netIncomeRatio": 0.3424657534,
        "eps": 0.77,
        "epsdiluted": 0.77,
        "weightedAverageShsOut": 125900000,
        "weightedAverageShsOutDil": 125900000,
        "link": "",
        "finalLink": ""
    },
    {
        "date": "2009-09-30",
        "symbol": "FRC",
        "reportedCurrency": "USD",
        "cik": "0001132979",
        "fillingDate": "2009-11-12",
        "acceptedDate": "2009-11-12 16:06:26",
        "calendarYear": "2009",
        "period": "Q3",
        "revenue": 270400000,
        "costOfRevenue": 60500000,
        "grossProfit": 209900000,
        "grossProfitRatio": 0.7762573964,
        "researchAndDevelopmentExpenses": 0,
        "generalAndAdministrativeExpenses": 129100000,
        "sellingAndMarketingExpenses": 60500000,
        "sellingGeneralAndAdministrativeExpenses": 189600000,
        "otherExpenses": 0,
        "operatingExpenses": 189600000,
        "costAndExpenses": 250100000,
        "interestIncome": 0,
        "interestExpense": 60500000,
        "depreciationAndAmortization": -36900000,
        "ebitda": 163700000,
        "ebitdaratio": 0.6053994083,
        "operatingIncome": 141300000,
        "operatingIncomeRatio": 0.5225591716,
        "totalOtherIncomeExpensesNet": 0,
        "incomeBeforeTax": 141300000,
        "incomeBeforeTaxRatio": 0.5225591716,
        "incomeTaxExpense": 59400000,
        "netIncome": 80700000,
        "netIncomeRatio": 0.2984467456,
        "eps": 0.64,
        "epsdiluted": 0.64,
        "weightedAverageShsOut": 125900000,
        "weightedAverageShsOutDil": 125900000,
        "link": "https://www.sec.gov/Archives/edgar/data/1420239/000107878209001764/0001078782-09-001764-index.html",
        "finalLink": "https://www.sec.gov/Archives/edgar/data/1420239/000107878209001764/medzed10q093009.htm"
    },
    {
        "date": "2007-03-31",
        "symbol": "FRC",
        "reportedCurrency": "USD",
        "cik": "0001132979",
        "fillingDate": "2007-03-31",
        "acceptedDate": "2007-03-30 20:00:00",
        "calendarYear": "2007",
        "period": "Q1",
        "revenue": -4027431000,
        "costOfRevenue": 0,
        "grossProfit": -4027431000,
        "grossProfitRatio": 1,
        "researchAndDevelopmentExpenses": 0,
        "generalAndAdministrativeExpenses": 0,
        "sellingAndMarketingExpenses": 0,
        "sellingGeneralAndAdministrativeExpenses": 0,
        "otherExpenses": 8762069000,
        "operatingExpenses": 8762069000,
        "costAndExpenses": 8762069000,
        "interestIncome": 0,
        "interestExpense": 4027431000,
        "depreciationAndAmortization": 0,
        "ebitda": 4734638000,
        "ebitdaratio": -1.1755975459,
        "operatingIncome": 4734638000,
        "operatingIncomeRatio": -1.1755975459,
        "totalOtherIncomeExpensesNet": 0,
        "incomeBeforeTax": 0,
        "incomeBeforeTaxRatio": 0,
        "incomeTaxExpense": -707207000,
        "netIncome": 707207000,
        "netIncomeRatio": -0.1755975459,
        "eps": 22.89,
        "epsdiluted": 22.89,
        "weightedAverageShsOut": 30899000,
        "weightedAverageShsOutDil": 30899000,
        "link": "",
        "finalLink": ""
    },
    {
        "date": "2006-12-31",
        "symbol": "FRC",
        "reportedCurrency": "USD",
        "cik": "0001132979",
        "fillingDate": "2006-12-31",
        "acceptedDate": "2006-12-30 19:00:00",
        "calendarYear": "2006",
        "period": "Q4",
        "revenue": 303900000,
        "costOfRevenue": 0,
        "grossProfit": 303900000,
        "grossProfitRatio": 1,
        "researchAndDevelopmentExpenses": 0,
        "generalAndAdministrativeExpenses": 45237000,
        "sellingAndMarketingExpenses": 4761000,
        "sellingGeneralAndAdministrativeExpenses": 49998000,
        "otherExpenses": -404184000,
        "operatingExpenses": -354186000,
        "costAndExpenses": -354186000,
        "interestIncome": 171416000,
        "interestExpense": 93661000,
        "depreciationAndAmortization": 168012000,
        "ebitda": 117726000,
        "ebitdaratio": 0.3873840079,
        "operatingIncome": -50286000,
        "operatingIncomeRatio": -0.1654689042,
        "totalOtherIncomeExpensesNet": 87567000,
        "incomeBeforeTax": 37281000,
        "incomeBeforeTaxRatio": 0.1226752221,
        "incomeTaxExpense": 6777000,
        "netIncome": 17288000,
        "netIncomeRatio": 0.0568871339,
        "eps": 0.67,
        "epsdiluted": 0.67,
        "weightedAverageShsOut": 25809000,
        "weightedAverageShsOutDil": 25809000,
        "link": "",
        "finalLink": ""
    },
    {
        "date": "2006-09-30",
        "symbol": "FRC",
        "reportedCurrency": "USD",
        "cik": "0001132979",
        "fillingDate": "2006-09-30",
        "acceptedDate": "2006-09-29 20:00:00",
        "calendarYear": "2006",
        "period": "Q3",
        "revenue": 22272000,
        "costOfRevenue": 0,
        "grossProfit": 22272000,
        "grossProfitRatio": 1,
        "researchAndDevelopmentExpenses": 0,
        "generalAndAdministrativeExpenses": 34504000,
        "sellingAndMarketingExpenses": 4613000,
        "sellingGeneralAndAdministrativeExpenses": 39117000,
        "otherExpenses": 44311000,
        "operatingExpenses": 83428000,
        "costAndExpenses": 83428000,
        "interestIncome": 155064000,
        "interestExpense": 84771000,
        "depreciationAndAmortization": 0,
        "ebitda": 105700000,
        "ebitdaratio": 4.7458692529,
        "operatingIncome": 105700000,
        "operatingIncomeRatio": 4.7458692529,
        "totalOtherIncomeExpensesNet": -84771000,
        "incomeBeforeTax": 20929000,
        "incomeBeforeTaxRatio": 0.9397000718,
        "incomeTaxExpense": 3526000,
        "netIncome": 17403000,
        "netIncomeRatio": 0.7813846983,
        "eps": 0.67,
        "epsdiluted": 0.64,
        "weightedAverageShsOut": 25809000,
        "weightedAverageShsOutDil": 27402000,
        "link": "",
        "finalLink": ""
    },
    {
        "date": "2006-06-30",
        "symbol": "FRC",
        "reportedCurrency": "USD",
        "cik": "0001132979",
        "fillingDate": "2006-06-30",
        "acceptedDate": "2006-06-29 20:00:00",
        "calendarYear": "2006",
        "period": "Q2",
        "revenue": 19091000,
        "costOfRevenue": 0,
        "grossProfit": 19091000,
        "grossProfitRatio": 1,
        "researchAndDevelopmentExpenses": 0,
        "generalAndAdministrativeExpenses": 33439000,
        "sellingAndMarketingExpenses": 4617000,
        "sellingGeneralAndAdministrativeExpenses": 38056000,
        "otherExpenses": 36759000,
        "operatingExpenses": 74815000,
        "costAndExpenses": 74815000,
        "interestIncome": 142299000,
        "interestExpense": 70382000,
        "depreciationAndAmortization": 0,
        "ebitda": 93906000,
        "ebitdaratio": 4.9188622911,
        "operatingIncome": 93906000,
        "operatingIncomeRatio": 4.9188622911,
        "totalOtherIncomeExpensesNet": -70382000,
        "incomeBeforeTax": 23524000,
        "incomeBeforeTaxRatio": 1.2322036562,
        "incomeTaxExpense": 6263000,
        "netIncome": 17261000,
        "netIncomeRatio": 0.9041433136,
        "eps": 0.67,
        "epsdiluted": 0.64,
        "weightedAverageShsOut": 25640000,
        "weightedAverageShsOutDil": 27126000,
        "link": "",
        "finalLink": ""
    },
    {
        "date": "2006-03-31",
        "symbol": "FRC",
        "reportedCurrency": "USD",
        "cik": "0001132979",
        "fillingDate": "2006-03-31",
        "acceptedDate": "2006-03-30 19:00:00",
        "calendarYear": "2006",
        "period": "Q1",
        "revenue": 19340000,
        "costOfRevenue": 0,
        "grossProfit": 19340000,
        "grossProfitRatio": 1,
        "researchAndDevelopmentExpenses": 0,
        "generalAndAdministrativeExpenses": 32610000,
        "sellingAndMarketingExpenses": 4222000,
        "sellingGeneralAndAdministrativeExpenses": 36832000,
        "otherExpenses": 27527000,
        "operatingExpenses": 64359000,
        "costAndExpenses": 64359000,
        "interestIncome": 129545000,
        "interestExpense": 58742000,
        "depreciationAndAmortization": 0,
        "ebitda": 83699000,
        "ebitdaratio": 4.3277662875,
        "operatingIncome": 83699000,
        "operatingIncomeRatio": 4.3277662875,
        "totalOtherIncomeExpensesNet": -58742000,
        "incomeBeforeTax": 24957000,
        "incomeBeforeTaxRatio": 1.290434333,
        "incomeTaxExpense": 7737000,
        "netIncome": 17220000,
        "netIncomeRatio": 0.8903826267,
        "eps": 0.68,
        "epsdiluted": 0.64,
        "weightedAverageShsOut": 25411000,
        "weightedAverageShsOutDil": 26967000,
        "link": "",
        "finalLink": ""
    },
    {
        "date": "2005-12-31",
        "symbol": "FRC",
        "reportedCurrency": "USD",
        "cik": "0001132979",
        "fillingDate": "2005-12-31",
        "acceptedDate": "2005-12-30 19:00:00",
        "calendarYear": "2005",
        "period": "Q4",
        "revenue": 24926000,
        "costOfRevenue": 0,
        "grossProfit": 24926000,
        "grossProfitRatio": 1,
        "researchAndDevelopmentExpenses": 0,
        "generalAndAdministrativeExpenses": 28845000,
        "sellingAndMarketingExpenses": -10127000,
        "sellingGeneralAndAdministrativeExpenses": 18718000,
        "otherExpenses": -82507000,
        "operatingExpenses": -63789000,
        "costAndExpenses": -63789000,
        "interestIncome": 124243000,
        "interestExpense": 56543000,
        "depreciationAndAmortization": 119973000,
        "ebitda": 81110000,
        "ebitdaratio": 3.2540319345,
        "operatingIncome": -38863000,
        "operatingIncomeRatio": -1.5591350397,
        "totalOtherIncomeExpensesNet": 63430000,
        "incomeBeforeTax": 24567000,
        "incomeBeforeTaxRatio": 0.9855973682,
        "incomeTaxExpense": 8305000,
        "netIncome": 16262000,
        "netIncomeRatio": 0.652411137,
        "eps": 0.66,
        "epsdiluted": 0.66,
        "weightedAverageShsOut": 24622000,
        "weightedAverageShsOutDil": 24622000,
        "link": "",
        "finalLink": ""
    },
    {
        "date": "2005-09-30",
        "symbol": "FRC",
        "reportedCurrency": "USD",
        "cik": "0001132979",
        "fillingDate": "2005-09-30",
        "acceptedDate": "2005-09-29 20:00:00",
        "calendarYear": "2005",
        "period": "Q3",
        "revenue": 17956000,
        "costOfRevenue": 0,
        "grossProfit": 17956000,
        "grossProfitRatio": 1,
        "researchAndDevelopmentExpenses": 0,
        "generalAndAdministrativeExpenses": 30253000,
        "sellingAndMarketingExpenses": 3516000,
        "sellingGeneralAndAdministrativeExpenses": 33769000,
        "otherExpenses": 18860000,
        "operatingExpenses": 52629000,
        "costAndExpenses": 52629000,
        "interestIncome": 112200000,
        "interestExpense": 46162000,
        "depreciationAndAmortization": 0,
        "ebitda": 70585000,
        "ebitdaratio": 3.9309979951,
        "operatingIncome": 70585000,
        "operatingIncomeRatio": 3.9309979951,
        "totalOtherIncomeExpensesNet": -46162000,
        "incomeBeforeTax": 24423000,
        "incomeBeforeTaxRatio": 1.3601581644,
        "incomeTaxExpense": 8267000,
        "netIncome": 16156000,
        "netIncomeRatio": 0.8997549566,
        "eps": 0.66,
        "epsdiluted": 0.61,
        "weightedAverageShsOut": 24622000,
        "weightedAverageShsOutDil": 26405000,
        "link": "",
        "finalLink": ""
    },
    {
        "date": "2005-06-30",
        "symbol": "FRC",
        "reportedCurrency": "USD",
        "cik": "0001132979",
        "fillingDate": "2005-06-30",
        "acceptedDate": "2005-06-29 20:00:00",
        "calendarYear": "2005",
        "period": "Q2",
        "revenue": 17026000,
        "costOfRevenue": 0,
        "grossProfit": 17026000,
        "grossProfitRatio": 1,
        "researchAndDevelopmentExpenses": 0,
        "generalAndAdministrativeExpenses": 27501000,
        "sellingAndMarketingExpenses": 3399000,
        "sellingGeneralAndAdministrativeExpenses": 30900000,
        "otherExpenses": -83291000,
        "operatingExpenses": -52391000,
        "costAndExpenses": -52391000,
        "interestIncome": 99452000,
        "interestExpense": 37244000,
        "depreciationAndAmortization": 95182000,
        "ebitda": 59817000,
        "ebitdaratio": 3.5132738165,
        "operatingIncome": -35365000,
        "operatingIncomeRatio": -2.0771173499,
        "totalOtherIncomeExpensesNet": 57938000,
        "incomeBeforeTax": 22573000,
        "incomeBeforeTaxRatio": 1.3257958417,
        "incomeTaxExpense": 7957000,
        "netIncome": 14616000,
        "netIncomeRatio": 0.8584517796,
        "eps": 0.6,
        "epsdiluted": 0.57,
        "weightedAverageShsOut": 24236000,
        "weightedAverageShsOutDil": 25776000,
        "link": "",
        "finalLink": ""
    },
    {
        "date": "2005-03-31",
        "symbol": "FRC",
        "reportedCurrency": "USD",
        "cik": "0001132979",
        "fillingDate": "2005-03-31",
        "acceptedDate": "2005-03-30 19:00:00",
        "calendarYear": "2005",
        "period": "Q1",
        "revenue": 17005000,
        "costOfRevenue": 0,
        "grossProfit": 17005000,
        "grossProfitRatio": 1,
        "researchAndDevelopmentExpenses": 0,
        "generalAndAdministrativeExpenses": 26469000,
        "sellingAndMarketingExpenses": 3212000,
        "sellingGeneralAndAdministrativeExpenses": 29681000,
        "otherExpenses": 4440000,
        "operatingExpenses": 34121000,
        "costAndExpenses": 34121000,
        "interestIncome": 87528000,
        "interestExpense": 29824000,
        "depreciationAndAmortization": 0,
        "ebitda": 51126000,
        "ebitdaratio": 3.0065274919,
        "operatingIncome": 51126000,
        "operatingIncomeRatio": 3.0065274919,
        "totalOtherIncomeExpensesNet": -29824000,
        "incomeBeforeTax": 21302000,
        "incomeBeforeTaxRatio": 1.2526903852,
        "incomeTaxExpense": 7509000,
        "netIncome": 13793000,
        "netIncomeRatio": 0.8111143781,
        "eps": 0.58,
        "epsdiluted": 0.54,
        "weightedAverageShsOut": 23898000,
        "weightedAverageShsOutDil": 25776000,
        "link": "",
        "finalLink": ""
    },
    {
        "date": "2004-12-31",
        "symbol": "FRC",
        "reportedCurrency": "USD",
        "cik": "0001132979",
        "fillingDate": "2004-12-31",
        "acceptedDate": "2004-12-30 19:00:00",
        "calendarYear": "2004",
        "period": "Q4",
        "revenue": 28136000,
        "costOfRevenue": 0,
        "grossProfit": 28136000,
        "grossProfitRatio": 1,
        "researchAndDevelopmentExpenses": 0,
        "generalAndAdministrativeExpenses": 24456000,
        "sellingAndMarketingExpenses": -6784000,
        "sellingGeneralAndAdministrativeExpenses": 17672000,
        "otherExpenses": 2183000,
        "operatingExpenses": 19855000,
        "costAndExpenses": 19855000,
        "interestIncome": 82087000,
        "interestExpense": 27028000,
        "depreciationAndAmortization": 0,
        "ebitda": 47991000,
        "ebitdaratio": 1.7056795564,
        "operatingIncome": 47991000,
        "operatingIncomeRatio": 1.7056795564,
        "totalOtherIncomeExpensesNet": -27028000,
        "incomeBeforeTax": 20963000,
        "incomeBeforeTaxRatio": 0.74505971,
        "incomeTaxExpense": 7766000,
        "netIncome": 13197000,
        "netIncomeRatio": 0.4690432187,
        "eps": 0.56,
        "epsdiluted": 0.56,
        "weightedAverageShsOut": 23401000,
        "weightedAverageShsOutDil": 23401000,
        "link": "",
        "finalLink": ""
    },
    {
        "date": "2004-09-30",
        "symbol": "FRC",
        "reportedCurrency": "USD",
        "cik": "0001132979",
        "fillingDate": "2004-09-30",
        "acceptedDate": "2004-09-29 20:00:00",
        "calendarYear": "2004",
        "period": "Q3",
        "revenue": 13142000,
        "costOfRevenue": 0,
        "grossProfit": 13142000,
        "grossProfitRatio": 1,
        "researchAndDevelopmentExpenses": 0,
        "generalAndAdministrativeExpenses": 22163000,
        "sellingAndMarketingExpenses": 2291000,
        "sellingGeneralAndAdministrativeExpenses": 24454000,
        "otherExpenses": 3679000,
        "operatingExpenses": 28133000,
        "costAndExpenses": 28133000,
        "interestIncome": 74519000,
        "interestExpense": 22574000,
        "depreciationAndAmortization": 0,
        "ebitda": 41275000,
        "ebitdaratio": 3.1406939583,
        "operatingIncome": 41275000,
        "operatingIncomeRatio": 3.1406939583,
        "totalOtherIncomeExpensesNet": -22574000,
        "incomeBeforeTax": 18701000,
        "incomeBeforeTaxRatio": 1.4229949779,
        "incomeTaxExpense": 6631000,
        "netIncome": 12070000,
        "netIncomeRatio": 0.9184294628,
        "eps": 0.52,
        "epsdiluted": 0.48,
        "weightedAverageShsOut": 23401000,
        "weightedAverageShsOutDil": 25405000,
        "link": "",
        "finalLink": ""
    },
    {
        "date": "2004-06-30",
        "symbol": "FRC",
        "reportedCurrency": "USD",
        "cik": "0001132979",
        "fillingDate": "2004-06-30",
        "acceptedDate": "2004-06-29 20:00:00",
        "calendarYear": "2004",
        "period": "Q2",
        "revenue": 11809000,
        "costOfRevenue": 0,
        "grossProfit": 11809000,
        "grossProfitRatio": 1,
        "researchAndDevelopmentExpenses": 0,
        "generalAndAdministrativeExpenses": 19120000,
        "sellingAndMarketingExpenses": 2468000,
        "sellingGeneralAndAdministrativeExpenses": 21588000,
        "otherExpenses": 5388000,
        "operatingExpenses": 26976000,
        "costAndExpenses": 26976000,
        "interestIncome": 68642000,
        "interestExpense": 19503000,
        "depreciationAndAmortization": 0,
        "ebitda": 38785000,
        "ebitdaratio": 3.2843593869,
        "operatingIncome": 38785000,
        "operatingIncomeRatio": 3.2843593869,
        "totalOtherIncomeExpensesNet": -19503000,
        "incomeBeforeTax": 19282000,
        "incomeBeforeTaxRatio": 1.6328224236,
        "incomeTaxExpense": 7921000,
        "netIncome": 11361000,
        "netIncomeRatio": 0.9620628334,
        "eps": 0.49,
        "epsdiluted": 0.46,
        "weightedAverageShsOut": 22977000,
        "weightedAverageShsOutDil": 24906000,
        "link": "",
        "finalLink": ""
    },
    {
        "date": "2004-03-31",
        "symbol": "FRC",
        "reportedCurrency": "USD",
        "cik": "0001132979",
        "fillingDate": "2004-03-31",
        "acceptedDate": "2004-03-30 19:00:00",
        "calendarYear": "2004",
        "period": "Q1",
        "revenue": 13857000,
        "costOfRevenue": 0,
        "grossProfit": 13857000,
        "grossProfitRatio": 1,
        "researchAndDevelopmentExpenses": 0,
        "generalAndAdministrativeExpenses": 21724000,
        "sellingAndMarketingExpenses": 2025000,
        "sellingGeneralAndAdministrativeExpenses": 23749000,
        "otherExpenses": -63818000,
        "operatingExpenses": -40069000,
        "costAndExpenses": -40069000,
        "interestIncome": 64564000,
        "interestExpense": 18653000,
        "depreciationAndAmortization": 61665000,
        "ebitda": 35453000,
        "ebitdaratio": 2.5584902937,
        "operatingIncome": -26212000,
        "operatingIncomeRatio": -1.89160713,
        "totalOtherIncomeExpensesNet": 43012000,
        "incomeBeforeTax": 16800000,
        "incomeBeforeTaxRatio": 1.2123836328,
        "incomeTaxExpense": 6929000,
        "netIncome": 9871000,
        "netIncomeRatio": 0.71234755,
        "eps": 0.43,
        "epsdiluted": 0.4,
        "weightedAverageShsOut": 22818000,
        "weightedAverageShsOutDil": 24792000,
        "link": "",
        "finalLink": ""
    },
    {
        "date": "2003-12-31",
        "symbol": "FRC",
        "reportedCurrency": "USD",
        "cik": "0001132979",
        "fillingDate": "2003-12-31",
        "acceptedDate": "2003-12-30 19:00:00",
        "calendarYear": "2003",
        "period": "Q4",
        "revenue": 26002000,
        "costOfRevenue": 0,
        "grossProfit": 26002000,
        "grossProfitRatio": 1,
        "researchAndDevelopmentExpenses": 0,
        "generalAndAdministrativeExpenses": 17469000,
        "sellingAndMarketingExpenses": -4353000,
        "sellingGeneralAndAdministrativeExpenses": 13116000,
        "otherExpenses": -62993000,
        "operatingExpenses": -49877000,
        "costAndExpenses": -49877000,
        "interestIncome": 63895000,
        "interestExpense": 20979000,
        "depreciationAndAmortization": 60942000,
        "ebitda": 37067000,
        "ebitdaratio": 1.4255441889,
        "operatingIncome": -23875000,
        "operatingIncomeRatio": -0.9181986001,
        "totalOtherIncomeExpensesNet": 46446000,
        "incomeBeforeTax": 22571000,
        "incomeBeforeTaxRatio": 0.8680486116,
        "incomeTaxExpense": 9434000,
        "netIncome": 6654000,
        "netIncomeRatio": 0.255903392,
        "eps": 0.31,
        "epsdiluted": 0.31,
        "weightedAverageShsOut": 21741000,
        "weightedAverageShsOutDil": 21741000,
        "link": "",
        "finalLink": ""
    },
    {
        "date": "2003-09-30",
        "symbol": "FRC",
        "reportedCurrency": "USD",
        "cik": "0001132979",
        "fillingDate": "2003-09-30",
        "acceptedDate": "2003-09-29 20:00:00",
        "calendarYear": "2003",
        "period": "Q3",
        "revenue": 12979000,
        "costOfRevenue": 0,
        "grossProfit": 12979000,
        "grossProfitRatio": 1,
        "researchAndDevelopmentExpenses": 0,
        "generalAndAdministrativeExpenses": 21624000,
        "sellingAndMarketingExpenses": 1283000,
        "sellingGeneralAndAdministrativeExpenses": 22907000,
        "otherExpenses": -60085000,
        "operatingExpenses": -37178000,
        "costAndExpenses": -37178000,
        "interestIncome": 63940000,
        "interestExpense": 21158000,
        "depreciationAndAmortization": 58970000,
        "ebitda": 34771000,
        "ebitdaratio": 2.6790199553,
        "operatingIncome": -24199000,
        "operatingIncomeRatio": -1.8644733801,
        "totalOtherIncomeExpensesNet": 37812000,
        "incomeBeforeTax": 13613000,
        "incomeBeforeTaxRatio": 1.0488481393,
        "incomeTaxExpense": 5692000,
        "netIncome": 7921000,
        "netIncomeRatio": 0.6102935511,
        "eps": 0.36,
        "epsdiluted": 0.33,
        "weightedAverageShsOut": 21741000,
        "weightedAverageShsOutDil": 23697000,
        "link": "",
        "finalLink": ""
    },
    {
        "date": "2003-06-30",
        "symbol": "FRC",
        "reportedCurrency": "USD",
        "cik": "0001132979",
        "fillingDate": "2003-06-30",
        "acceptedDate": "2003-06-29 20:00:00",
        "calendarYear": "2003",
        "period": "Q2",
        "revenue": 14881000,
        "costOfRevenue": 0,
        "grossProfit": 14881000,
        "grossProfitRatio": 1,
        "researchAndDevelopmentExpenses": 0,
        "generalAndAdministrativeExpenses": 18873000,
        "sellingAndMarketingExpenses": 1568000,
        "sellingGeneralAndAdministrativeExpenses": 20441000,
        "otherExpenses": 3351000,
        "operatingExpenses": 23792000,
        "costAndExpenses": 23792000,
        "interestIncome": 62218000,
        "interestExpense": 20800000,
        "depreciationAndAmortization": 0,
        "ebitda": 38673000,
        "ebitdaratio": 2.5988172838,
        "operatingIncome": 38673000,
        "operatingIncomeRatio": 2.5988172838,
        "totalOtherIncomeExpensesNet": -20800000,
        "incomeBeforeTax": 17873000,
        "incomeBeforeTaxRatio": 1.2010617566,
        "incomeTaxExpense": 7034000,
        "netIncome": 10839000,
        "netIncomeRatio": 0.7283784692,
        "eps": 0.5,
        "epsdiluted": 0.47,
        "weightedAverageShsOut": 21516000,
        "weightedAverageShsOutDil": 23162000,
        "link": "",
        "finalLink": ""
    },
    {
        "date": "2003-03-31",
        "symbol": "FRC",
        "reportedCurrency": "USD",
        "cik": "0001132979",
        "fillingDate": "2003-03-31",
        "acceptedDate": "2003-03-30 19:00:00",
        "calendarYear": "2003",
        "period": "Q1",
        "revenue": 17314000,
        "costOfRevenue": 0,
        "grossProfit": 17314000,
        "grossProfitRatio": 1,
        "researchAndDevelopmentExpenses": 0,
        "generalAndAdministrativeExpenses": 17294000,
        "sellingAndMarketingExpenses": 1502000,
        "sellingGeneralAndAdministrativeExpenses": 18796000,
        "otherExpenses": 5056000,
        "operatingExpenses": 23852000,
        "costAndExpenses": 23852000,
        "interestIncome": 59930000,
        "interestExpense": 22273000,
        "depreciationAndAmortization": 0,
        "ebitda": 41166000,
        "ebitdaratio": 2.377613492,
        "operatingIncome": 41166000,
        "operatingIncomeRatio": 2.377613492,
        "totalOtherIncomeExpensesNet": -22273000,
        "incomeBeforeTax": 18893000,
        "incomeBeforeTaxRatio": 1.0911978746,
        "incomeTaxExpense": 7257000,
        "netIncome": 11636000,
        "netIncomeRatio": 0.6720572947,
        "eps": 0.54,
        "epsdiluted": 0.51,
        "weightedAverageShsOut": 21583000,
        "weightedAverageShsOutDil": 23040000,
        "link": "",
        "finalLink": ""
    },
    {
        "date": "2002-12-31",
        "symbol": "FRC",
        "reportedCurrency": "USD",
        "cik": "0001132979",
        "fillingDate": "2002-12-31",
        "acceptedDate": "2002-12-30 19:00:00",
        "calendarYear": "2002",
        "period": "Q4",
        "revenue": 21600000,
        "costOfRevenue": 0,
        "grossProfit": 21600000,
        "grossProfitRatio": 1,
        "researchAndDevelopmentExpenses": 0,
        "generalAndAdministrativeExpenses": 16015000,
        "sellingAndMarketingExpenses": -4654000,
        "sellingGeneralAndAdministrativeExpenses": 11361000,
        "otherExpenses": 3575000,
        "operatingExpenses": 14936000,
        "costAndExpenses": 14936000,
        "interestIncome": 206103000,
        "interestExpense": 24654000,
        "depreciationAndAmortization": 0,
        "ebitda": 36536000,
        "ebitdaratio": 1.6914814815,
        "operatingIncome": 36536000,
        "operatingIncomeRatio": 1.6914814815,
        "totalOtherIncomeExpensesNet": -19285000,
        "incomeBeforeTax": 17251000,
        "incomeBeforeTaxRatio": 0.7986574074,
        "incomeTaxExpense": 4781000,
        "netIncome": 7101000,
        "netIncomeRatio": 0.32875,
        "eps": 0.32,
        "epsdiluted": 0.32,
        "weightedAverageShsOut": 21878000,
        "weightedAverageShsOutDil": 21878000,
        "link": "",
        "finalLink": ""
    },
    {
        "date": "2002-09-30",
        "symbol": "FRC",
        "reportedCurrency": "USD",
        "cik": "0001132979",
        "fillingDate": "2002-09-30",
        "acceptedDate": "2002-09-29 20:00:00",
        "calendarYear": "2002",
        "period": "Q3",
        "revenue": 12769000,
        "costOfRevenue": 0,
        "grossProfit": 12769000,
        "grossProfitRatio": 1,
        "researchAndDevelopmentExpenses": 0,
        "generalAndAdministrativeExpenses": 16780000,
        "sellingAndMarketingExpenses": 1910000,
        "sellingGeneralAndAdministrativeExpenses": 18690000,
        "otherExpenses": 5627000,
        "operatingExpenses": 24317000,
        "costAndExpenses": 24317000,
        "interestIncome": 61040000,
        "interestExpense": 26459000,
        "depreciationAndAmortization": 0,
        "ebitda": 37086000,
        "ebitdaratio": 2.90437779,
        "operatingIncome": 37086000,
        "operatingIncomeRatio": 2.90437779,
        "totalOtherIncomeExpensesNet": -26459000,
        "incomeBeforeTax": 10627000,
        "incomeBeforeTaxRatio": 0.8322499804,
        "incomeTaxExpense": 4331000,
        "netIncome": 6296000,
        "netIncomeRatio": 0.4930691519,
        "eps": 0.29,
        "epsdiluted": 0.27,
        "weightedAverageShsOut": 21878000,
        "weightedAverageShsOutDil": 23683000,
        "link": "",
        "finalLink": ""
    },
    {
        "date": "2002-06-30",
        "symbol": "FRC",
        "reportedCurrency": "USD",
        "cik": "0001132979",
        "fillingDate": "2002-06-30",
        "acceptedDate": "2002-06-29 20:00:00",
        "calendarYear": "2002",
        "period": "Q2",
        "revenue": 9307000,
        "costOfRevenue": 0,
        "grossProfit": 9307000,
        "grossProfitRatio": 1,
        "researchAndDevelopmentExpenses": 0,
        "generalAndAdministrativeExpenses": 16808000,
        "sellingAndMarketingExpenses": 1829000,
        "sellingGeneralAndAdministrativeExpenses": 18637000,
        "otherExpenses": -50585000,
        "operatingExpenses": -31948000,
        "costAndExpenses": -31948000,
        "interestIncome": 59983000,
        "interestExpense": 25656000,
        "depreciationAndAmortization": 64982000,
        "ebitda": 42341000,
        "ebitdaratio": 4.5493714409,
        "operatingIncome": -22641000,
        "operatingIncomeRatio": -2.4326850757,
        "totalOtherIncomeExpensesNet": 32160000,
        "incomeBeforeTax": 9519000,
        "incomeBeforeTaxRatio": 1.0227785538,
        "incomeTaxExpense": 3937000,
        "netIncome": 12748000,
        "netIncomeRatio": 1.3697217148,
        "eps": 0.59,
        "epsdiluted": 0.53,
        "weightedAverageShsOut": 21577000,
        "weightedAverageShsOutDil": 23843000,
        "link": "",
        "finalLink": ""
    },
    {
        "date": "2002-03-31",
        "symbol": "FRC",
        "reportedCurrency": "USD",
        "cik": "0001132979",
        "fillingDate": "2002-03-31",
        "acceptedDate": "2002-03-30 19:00:00",
        "calendarYear": "2002",
        "period": "Q1",
        "revenue": 8124000,
        "costOfRevenue": 0,
        "grossProfit": 8124000,
        "grossProfitRatio": 1,
        "researchAndDevelopmentExpenses": 0,
        "generalAndAdministrativeExpenses": 15503000,
        "sellingAndMarketingExpenses": 915000,
        "sellingGeneralAndAdministrativeExpenses": 16418000,
        "otherExpenses": 13484000,
        "operatingExpenses": 29902000,
        "costAndExpenses": 29902000,
        "interestIncome": 60083000,
        "interestExpense": 25702000,
        "depreciationAndAmortization": 0,
        "ebitda": 38026000,
        "ebitdaratio": 4.680699163,
        "operatingIncome": 38026000,
        "operatingIncomeRatio": 4.680699163,
        "totalOtherIncomeExpensesNet": -25702000,
        "incomeBeforeTax": 12324000,
        "incomeBeforeTaxRatio": 1.5169867061,
        "incomeTaxExpense": 4902000,
        "netIncome": 7422000,
        "netIncomeRatio": 0.9135893648,
        "eps": 0.36,
        "epsdiluted": 0.33,
        "weightedAverageShsOut": 20431000,
        "weightedAverageShsOutDil": 22212000,
        "link": "",
        "finalLink": ""
    },
    {
        "date": "2001-12-31",
        "symbol": "FRC",
        "reportedCurrency": "USD",
        "cik": "0001132979",
        "fillingDate": "2001-12-31",
        "acceptedDate": "2001-12-30 19:00:00",
        "calendarYear": "2001",
        "period": "Q4",
        "revenue": 9888000,
        "costOfRevenue": 0,
        "grossProfit": 9888000,
        "grossProfitRatio": 1,
        "researchAndDevelopmentExpenses": 0,
        "generalAndAdministrativeExpenses": 13678000,
        "sellingAndMarketingExpenses": -4179000,
        "sellingGeneralAndAdministrativeExpenses": 9499000,
        "otherExpenses": 25299000,
        "operatingExpenses": 34798000,
        "costAndExpenses": 34798000,
        "interestIncome": 66691000,
        "interestExpense": 32639000,
        "depreciationAndAmortization": 0,
        "ebitda": 44686000,
        "ebitdaratio": 4.5192152104,
        "operatingIncome": 44686000,
        "operatingIncomeRatio": 4.5192152104,
        "totalOtherIncomeExpensesNet": -28981000,
        "incomeBeforeTax": 15705000,
        "incomeBeforeTaxRatio": 1.588288835,
        "incomeTaxExpense": 4714000,
        "netIncome": 7333000,
        "netIncomeRatio": 0.7416059871,
        "eps": 0.36,
        "epsdiluted": 0.36,
        "weightedAverageShsOut": 20228000,
        "weightedAverageShsOutDil": 20228000,
        "link": "",
        "finalLink": ""
    },
    {
        "date": "2001-09-30",
        "symbol": "FRC",
        "reportedCurrency": "USD",
        "cik": "0001132979",
        "fillingDate": "2001-09-30",
        "acceptedDate": "2001-09-29 20:00:00",
        "calendarYear": "2001",
        "period": "Q3",
        "revenue": 4793000,
        "costOfRevenue": 0,
        "grossProfit": 4793000,
        "grossProfitRatio": 1,
        "researchAndDevelopmentExpenses": 0,
        "generalAndAdministrativeExpenses": 12951000,
        "sellingAndMarketingExpenses": 1171000,
        "sellingGeneralAndAdministrativeExpenses": 14122000,
        "otherExpenses": 30237000,
        "operatingExpenses": 44359000,
        "costAndExpenses": 44359000,
        "interestIncome": 70354000,
        "interestExpense": 36909000,
        "depreciationAndAmortization": 0,
        "ebitda": 49152000,
        "ebitdaratio": 10.2549551429,
        "operatingIncome": 49152000,
        "operatingIncomeRatio": 10.2549551429,
        "totalOtherIncomeExpensesNet": -36909000,
        "incomeBeforeTax": 12243000,
        "incomeBeforeTaxRatio": 2.5543500939,
        "incomeTaxExpense": 5732000,
        "netIncome": 6511000,
        "netIncomeRatio": 1.3584393908,
        "eps": 0.32,
        "epsdiluted": 0.3,
        "weightedAverageShsOut": 20228000,
        "weightedAverageShsOutDil": 21979000,
        "link": "",
        "finalLink": ""
    },
    {
        "date": "2001-06-30",
        "symbol": "FRC",
        "reportedCurrency": "USD",
        "cik": "0001132979",
        "fillingDate": "2001-06-30",
        "acceptedDate": "2001-06-29 20:00:00",
        "calendarYear": "2001",
        "period": "Q2",
        "revenue": 7140000,
        "costOfRevenue": 0,
        "grossProfit": 7140000,
        "grossProfitRatio": 1,
        "researchAndDevelopmentExpenses": 0,
        "generalAndAdministrativeExpenses": 12464000,
        "sellingAndMarketingExpenses": 1301000,
        "sellingGeneralAndAdministrativeExpenses": 13765000,
        "otherExpenses": 32085000,
        "operatingExpenses": 45850000,
        "costAndExpenses": 45850000,
        "interestIncome": 71134000,
        "interestExpense": 41918000,
        "depreciationAndAmortization": 0,
        "ebitda": 52990000,
        "ebitdaratio": 7.4215686275,
        "operatingIncome": 52990000,
        "operatingIncomeRatio": 7.4215686275,
        "totalOtherIncomeExpensesNet": -41918000,
        "incomeBeforeTax": 11072000,
        "incomeBeforeTaxRatio": 1.5507002801,
        "incomeTaxExpense": 5211000,
        "netIncome": 5861000,
        "netIncomeRatio": 0.8208683473,
        "eps": 0.29,
        "epsdiluted": 0.27,
        "weightedAverageShsOut": 20206000,
        "weightedAverageShsOutDil": 21553000,
        "link": "",
        "finalLink": ""
    },
    {
        "date": "2001-03-31",
        "symbol": "FRC",
        "reportedCurrency": "USD",
        "cik": "0001132979",
        "fillingDate": "2001-03-31",
        "acceptedDate": "2001-03-30 19:00:00",
        "calendarYear": "2001",
        "period": "Q1",
        "revenue": 6579000,
        "costOfRevenue": 0,
        "grossProfit": 6579000,
        "grossProfitRatio": 1,
        "researchAndDevelopmentExpenses": 0,
        "generalAndAdministrativeExpenses": 12163000,
        "sellingAndMarketingExpenses": 1707000,
        "sellingGeneralAndAdministrativeExpenses": 13870000,
        "otherExpenses": 34226000,
        "operatingExpenses": 48096000,
        "costAndExpenses": 48096000,
        "interestIncome": 72852000,
        "interestExpense": 44512000,
        "depreciationAndAmortization": 0,
        "ebitda": 54675000,
        "ebitdaratio": 8.3105335157,
        "operatingIncome": 54675000,
        "operatingIncomeRatio": 8.3105335157,
        "totalOtherIncomeExpensesNet": -44512000,
        "incomeBeforeTax": 10163000,
        "incomeBeforeTaxRatio": 1.5447636419,
        "incomeTaxExpense": 4806000,
        "netIncome": 5357000,
        "netIncomeRatio": 0.8142574859,
        "eps": 0.27,
        "epsdiluted": 0.25,
        "weightedAverageShsOut": 20094000,
        "weightedAverageShsOutDil": 21548000,
        "link": "",
        "finalLink": ""
    },
    {
        "date": "2000-12-31",
        "symbol": "FRC",
        "reportedCurrency": "USD",
        "cik": "0001132979",
        "fillingDate": "2000-12-31",
        "acceptedDate": "2000-12-30 19:00:00",
        "calendarYear": "2000",
        "period": "Q4",
        "revenue": 6819000,
        "costOfRevenue": 0,
        "grossProfit": 6819000,
        "grossProfitRatio": 1,
        "researchAndDevelopmentExpenses": 0,
        "generalAndAdministrativeExpenses": 12004000,
        "sellingAndMarketingExpenses": 1202000,
        "sellingGeneralAndAdministrativeExpenses": 13206000,
        "otherExpenses": -35393000,
        "operatingExpenses": -22187000,
        "costAndExpenses": -22187000,
        "interestIncome": 74259000,
        "interestExpense": 47084000,
        "depreciationAndAmortization": 73001000,
        "ebitda": 57633000,
        "ebitdaratio": 8.4518257809,
        "operatingIncome": -15368000,
        "operatingIncomeRatio": -2.253702889,
        "totalOtherIncomeExpensesNet": 26040000,
        "incomeBeforeTax": 10672000,
        "incomeBeforeTaxRatio": 1.565038862,
        "incomeTaxExpense": 5027000,
        "netIncome": 5522000,
        "netIncomeRatio": 0.8097961578,
        "eps": 0.27,
        "epsdiluted": 0.27,
        "weightedAverageShsOut": 20317000,
        "weightedAverageShsOutDil": 20317000,
        "link": "",
        "finalLink": ""
    },
    {
        "date": "2000-09-30",
        "symbol": "FRC",
        "reportedCurrency": "USD",
        "cik": "0001132979",
        "fillingDate": "2000-09-30",
        "acceptedDate": "2000-09-29 20:00:00",
        "calendarYear": "2000",
        "period": "Q3",
        "revenue": 6835000,
        "costOfRevenue": 0,
        "grossProfit": 6835000,
        "grossProfitRatio": 1,
        "researchAndDevelopmentExpenses": 0,
        "generalAndAdministrativeExpenses": 11432000,
        "sellingAndMarketingExpenses": 934000,
        "sellingGeneralAndAdministrativeExpenses": 12366000,
        "otherExpenses": 42720000,
        "operatingExpenses": 55086000,
        "costAndExpenses": 55086000,
        "interestIncome": 77336000,
        "interestExpense": 51304000,
        "depreciationAndAmortization": 0,
        "ebitda": 61921000,
        "ebitdaratio": 9.0594001463,
        "operatingIncome": 61921000,
        "operatingIncomeRatio": 9.0594001463,
        "totalOtherIncomeExpensesNet": -51304000,
        "incomeBeforeTax": 10617000,
        "incomeBeforeTaxRatio": 1.5533284565,
        "incomeTaxExpense": 5003000,
        "netIncome": 5614000,
        "netIncomeRatio": 0.8213606437,
        "eps": 0.28,
        "epsdiluted": 0.27,
        "weightedAverageShsOut": 20317000,
        "weightedAverageShsOutDil": 20760000,
        "link": "",
        "finalLink": ""
    },
    {
        "date": "2000-06-30",
        "symbol": "FRC",
        "reportedCurrency": "USD",
        "cik": "0001132979",
        "fillingDate": "2000-06-30",
        "acceptedDate": "2000-06-29 20:00:00",
        "calendarYear": "2000",
        "period": "Q2",
        "revenue": 6848000,
        "costOfRevenue": 0,
        "grossProfit": 6848000,
        "grossProfitRatio": 1,
        "researchAndDevelopmentExpenses": 0,
        "generalAndAdministrativeExpenses": 10064000,
        "sellingAndMarketingExpenses": 1089000,
        "sellingGeneralAndAdministrativeExpenses": 11153000,
        "otherExpenses": 38945000,
        "operatingExpenses": 50098000,
        "costAndExpenses": 50098000,
        "interestIncome": 70411000,
        "interestExpense": 46571000,
        "depreciationAndAmortization": 0,
        "ebitda": 56946000,
        "ebitdaratio": 8.3157126168,
        "operatingIncome": 56946000,
        "operatingIncomeRatio": 8.3157126168,
        "totalOtherIncomeExpensesNet": -46571000,
        "incomeBeforeTax": 10375000,
        "incomeBeforeTaxRatio": 1.5150408879,
        "incomeTaxExpense": 4890000,
        "netIncome": 5485000,
        "netIncomeRatio": 0.800963785,
        "eps": 0.27,
        "epsdiluted": 0.26,
        "weightedAverageShsOut": 20630000,
        "weightedAverageShsOutDil": 20980000,
        "link": "",
        "finalLink": ""
    },
    {
        "date": "2000-03-31",
        "symbol": "FRC",
        "reportedCurrency": "USD",
        "cik": "0001132979",
        "fillingDate": "2000-03-31",
        "acceptedDate": "2000-03-30 19:00:00",
        "calendarYear": "2000",
        "period": "Q1",
        "revenue": 7293000,
        "costOfRevenue": 0,
        "grossProfit": 7293000,
        "grossProfitRatio": 1,
        "researchAndDevelopmentExpenses": 0,
        "generalAndAdministrativeExpenses": 9506000,
        "sellingAndMarketingExpenses": 1248000,
        "sellingGeneralAndAdministrativeExpenses": 10754000,
        "otherExpenses": 36951000,
        "operatingExpenses": 47705000,
        "costAndExpenses": 47705000,
        "interestIncome": 67614000,
        "interestExpense": 43650000,
        "depreciationAndAmortization": 0,
        "ebitda": 54998000,
        "ebitdaratio": 7.5412038941,
        "operatingIncome": 54998000,
        "operatingIncomeRatio": 7.5412038941,
        "totalOtherIncomeExpensesNet": -43650000,
        "incomeBeforeTax": 11348000,
        "incomeBeforeTaxRatio": 1.5560126148,
        "incomeTaxExpense": 5329000,
        "netIncome": 6019000,
        "netIncomeRatio": 0.825311943,
        "eps": 0.3,
        "epsdiluted": 0.29,
        "weightedAverageShsOut": 20204000,
        "weightedAverageShsOutDil": 21003000,
        "link": "",
        "finalLink": ""
    },
    {
        "date": "1999-12-31",
        "symbol": "FRC",
        "reportedCurrency": "USD",
        "cik": "0001132979",
        "fillingDate": "1999-12-31",
        "acceptedDate": "1999-12-30 19:00:00",
        "calendarYear": "1999",
        "period": "Q4",
        "revenue": 16142000,
        "costOfRevenue": 0,
        "grossProfit": 16142000,
        "grossProfitRatio": 1,
        "researchAndDevelopmentExpenses": 0,
        "generalAndAdministrativeExpenses": 8558000,
        "sellingAndMarketingExpenses": 987000,
        "sellingGeneralAndAdministrativeExpenses": 9545000,
        "otherExpenses": 24091000,
        "operatingExpenses": 33636000,
        "costAndExpenses": 33636000,
        "interestIncome": 61713000,
        "interestExpense": 40282000,
        "depreciationAndAmortization": 0,
        "ebitda": 49778000,
        "ebitdaratio": 3.0837566596,
        "operatingIncome": 49778000,
        "operatingIncomeRatio": 3.0837566596,
        "totalOtherIncomeExpensesNet": -40282000,
        "incomeBeforeTax": 9496000,
        "incomeBeforeTaxRatio": 0.5882790237,
        "incomeTaxExpense": 4374000,
        "netIncome": 5122000,
        "netIncomeRatio": 0.3173088837,
        "eps": 0.24,
        "epsdiluted": 0.24,
        "weightedAverageShsOut": 20990000,
        "weightedAverageShsOutDil": 20990000,
        "link": "",
        "finalLink": ""
    },
    {
        "date": "1999-09-30",
        "symbol": "FRC",
        "reportedCurrency": "USD",
        "cik": "0001132979",
        "fillingDate": "1999-09-30",
        "acceptedDate": "1999-09-29 20:00:00",
        "calendarYear": "1999",
        "period": "Q3",
        "revenue": 1400000,
        "costOfRevenue": 0,
        "grossProfit": 1400000,
        "grossProfitRatio": 1,
        "researchAndDevelopmentExpenses": 0,
        "generalAndAdministrativeExpenses": 7800000,
        "sellingAndMarketingExpenses": 1000000,
        "sellingGeneralAndAdministrativeExpenses": 8800000,
        "otherExpenses": 37400000,
        "operatingExpenses": 46200000,
        "costAndExpenses": 46200000,
        "interestIncome": 57600000,
        "interestExpense": 36900000,
        "depreciationAndAmortization": 0,
        "ebitda": 47600000,
        "ebitdaratio": 34,
        "operatingIncome": 47600000,
        "operatingIncomeRatio": 34,
        "totalOtherIncomeExpensesNet": -36900000,
        "incomeBeforeTax": 10700000,
        "incomeBeforeTaxRatio": 7.6428571429,
        "incomeTaxExpense": 5100000,
        "netIncome": 5600000,
        "netIncomeRatio": 4,
        "eps": 0.27,
        "epsdiluted": 0.25,
        "weightedAverageShsOut": 20990000,
        "weightedAverageShsOutDil": 22094000,
        "link": "",
        "finalLink": ""
    },
    {
        "date": "1999-06-30",
        "symbol": "FRC",
        "reportedCurrency": "USD",
        "cik": "0001132979",
        "fillingDate": "1999-06-30",
        "acceptedDate": "1999-06-29 20:00:00",
        "calendarYear": "1999",
        "period": "Q2",
        "revenue": 1700000,
        "costOfRevenue": 0,
        "grossProfit": 1700000,
        "grossProfitRatio": 1,
        "researchAndDevelopmentExpenses": 0,
        "generalAndAdministrativeExpenses": 6400000,
        "sellingAndMarketingExpenses": 1300000,
        "sellingGeneralAndAdministrativeExpenses": 7700000,
        "otherExpenses": 36400000,
        "operatingExpenses": 44100000,
        "costAndExpenses": 44100000,
        "interestIncome": 55000000,
        "interestExpense": 35300000,
        "depreciationAndAmortization": 0,
        "ebitda": 45800000,
        "ebitdaratio": 26.9411764706,
        "operatingIncome": 45800000,
        "operatingIncomeRatio": 26.9411764706,
        "totalOtherIncomeExpensesNet": -35300000,
        "incomeBeforeTax": 10500000,
        "incomeBeforeTaxRatio": 6.1764705882,
        "incomeTaxExpense": 4700000,
        "netIncome": 5800000,
        "netIncomeRatio": 3.4117647059,
        "eps": 0.27,
        "epsdiluted": 0.25,
        "weightedAverageShsOut": 21739000,
        "weightedAverageShsOutDil": 22883000,
        "link": "",
        "finalLink": ""
    },
    {
        "date": "1999-03-31",
        "symbol": "FRC",
        "reportedCurrency": "USD",
        "cik": "0001132979",
        "fillingDate": "1999-03-31",
        "acceptedDate": "1999-03-30 19:00:00",
        "calendarYear": "1999",
        "period": "Q1",
        "revenue": 1300000,
        "costOfRevenue": 0,
        "grossProfit": 1300000,
        "grossProfitRatio": 1,
        "researchAndDevelopmentExpenses": 0,
        "generalAndAdministrativeExpenses": 6100000,
        "sellingAndMarketingExpenses": 2200000,
        "sellingGeneralAndAdministrativeExpenses": 8300000,
        "otherExpenses": 35000000,
        "operatingExpenses": 43300000,
        "costAndExpenses": 43300000,
        "interestIncome": 53900000,
        "interestExpense": 34600000,
        "depreciationAndAmortization": 0,
        "ebitda": 44600000,
        "ebitdaratio": 34.3076923077,
        "operatingIncome": 44600000,
        "operatingIncomeRatio": 34.3076923077,
        "totalOtherIncomeExpensesNet": -34600000,
        "incomeBeforeTax": 10000000,
        "incomeBeforeTaxRatio": 7.6923076923,
        "incomeTaxExpense": 4300000,
        "netIncome": 5700000,
        "netIncomeRatio": 4.3846153846,
        "eps": 0.27,
        "epsdiluted": 0.25,
        "weightedAverageShsOut": 21364000,
        "weightedAverageShsOutDil": 22489000,
        "link": "",
        "finalLink": ""
    },
    {
        "date": "1998-12-31",
        "symbol": "FRC",
        "reportedCurrency": "USD",
        "cik": "0001132979",
        "fillingDate": "1998-12-31",
        "acceptedDate": "1998-12-30 19:00:00",
        "calendarYear": "1998",
        "period": "Q4",
        "revenue": 2200000,
        "costOfRevenue": 0,
        "grossProfit": 2200000,
        "grossProfitRatio": 1,
        "researchAndDevelopmentExpenses": 0,
        "generalAndAdministrativeExpenses": 4400000,
        "sellingAndMarketingExpenses": 1100000,
        "sellingGeneralAndAdministrativeExpenses": 5500000,
        "otherExpenses": 34400000,
        "operatingExpenses": 39900000,
        "costAndExpenses": 39900000,
        "interestIncome": 49900000,
        "interestExpense": 33100000,
        "depreciationAndAmortization": 0,
        "ebitda": 42100000,
        "ebitdaratio": 19.1363636364,
        "operatingIncome": 42100000,
        "operatingIncomeRatio": 19.1363636364,
        "totalOtherIncomeExpensesNet": -33100000,
        "incomeBeforeTax": 9000000,
        "incomeBeforeTaxRatio": 4.0909090909,
        "incomeTaxExpense": 3800000,
        "netIncome": 5200000,
        "netIncomeRatio": 2.3636363636,
        "eps": 0.26,
        "epsdiluted": 0.26,
        "weightedAverageShsOut": 20374000,
        "weightedAverageShsOutDil": 20374000,
        "link": "",
        "finalLink": ""
    },
    {
        "date": "1998-09-30",
        "symbol": "FRC",
        "reportedCurrency": "USD",
        "cik": "0001132979",
        "fillingDate": "1998-09-30",
        "acceptedDate": "1998-09-29 20:00:00",
        "calendarYear": "1998",
        "period": "Q3",
        "revenue": 1800000,
        "costOfRevenue": 0,
        "grossProfit": 1800000,
        "grossProfitRatio": 1,
        "researchAndDevelopmentExpenses": 0,
        "generalAndAdministrativeExpenses": 4000000,
        "sellingAndMarketingExpenses": 1000000,
        "sellingGeneralAndAdministrativeExpenses": 5000000,
        "otherExpenses": -13600000,
        "operatingExpenses": -8600000,
        "costAndExpenses": -8600000,
        "interestIncome": 48900000,
        "interestExpense": 33000000,
        "depreciationAndAmortization": 48900000,
        "ebitda": 42100000,
        "ebitdaratio": 23.3888888889,
        "operatingIncome": -6800000,
        "operatingIncomeRatio": -3.7777777778,
        "totalOtherIncomeExpensesNet": 15900000,
        "incomeBeforeTax": 9100000,
        "incomeBeforeTaxRatio": 5.0555555556,
        "incomeTaxExpense": 3800000,
        "netIncome": 5300000,
        "netIncomeRatio": 2.9444444444,
        "eps": 0.26,
        "epsdiluted": 0.24,
        "weightedAverageShsOut": 20374000,
        "weightedAverageShsOutDil": 22072000,
        "link": "",
        "finalLink": ""
    },
    {
        "date": "1998-06-30",
        "symbol": "FRC",
        "reportedCurrency": "USD",
        "cik": "0001132979",
        "fillingDate": "1998-06-30",
        "acceptedDate": "1998-06-29 20:00:00",
        "calendarYear": "1998",
        "period": "Q2",
        "revenue": 1900000,
        "costOfRevenue": 0,
        "grossProfit": 1900000,
        "grossProfitRatio": 1,
        "researchAndDevelopmentExpenses": 0,
        "generalAndAdministrativeExpenses": 3900000,
        "sellingAndMarketingExpenses": 600000,
        "sellingGeneralAndAdministrativeExpenses": 4500000,
        "otherExpenses": 34900000,
        "operatingExpenses": 39400000,
        "costAndExpenses": 39400000,
        "interestIncome": 49000000,
        "interestExpense": 32800000,
        "depreciationAndAmortization": 0,
        "ebitda": 41300000,
        "ebitdaratio": 21.7368421053,
        "operatingIncome": 41300000,
        "operatingIncomeRatio": 21.7368421053,
        "totalOtherIncomeExpensesNet": -32800000,
        "incomeBeforeTax": 8500000,
        "incomeBeforeTaxRatio": 4.4736842105,
        "incomeTaxExpense": 3600000,
        "netIncome": 4900000,
        "netIncomeRatio": 2.5789473684,
        "eps": 0.24,
        "epsdiluted": 0.22,
        "weightedAverageShsOut": 20406000,
        "weightedAverageShsOutDil": 22262000,
        "link": "",
        "finalLink": ""
    },
    {
        "date": "1998-03-31",
        "symbol": "FRC",
        "reportedCurrency": "USD",
        "cik": "0001132979",
        "fillingDate": "1998-03-31",
        "acceptedDate": "1998-03-30 19:00:00",
        "calendarYear": "1998",
        "period": "Q1",
        "revenue": 1400000,
        "costOfRevenue": 0,
        "grossProfit": 1400000,
        "grossProfitRatio": 1,
        "researchAndDevelopmentExpenses": 0,
        "generalAndAdministrativeExpenses": 3900000,
        "sellingAndMarketingExpenses": 600000,
        "sellingGeneralAndAdministrativeExpenses": 4500000,
        "otherExpenses": 34900000,
        "operatingExpenses": 39400000,
        "costAndExpenses": 39400000,
        "interestIncome": 47700000,
        "interestExpense": 32200000,
        "depreciationAndAmortization": 0,
        "ebitda": 40800000,
        "ebitdaratio": 29.1428571429,
        "operatingIncome": 40800000,
        "operatingIncomeRatio": 29.1428571429,
        "totalOtherIncomeExpensesNet": -32200000,
        "incomeBeforeTax": 8600000,
        "incomeBeforeTaxRatio": 6.1428571429,
        "incomeTaxExpense": 3600000,
        "netIncome": 5000000,
        "netIncomeRatio": 3.5714285714,
        "eps": 0.24,
        "epsdiluted": 0.22,
        "weightedAverageShsOut": 20823000,
        "weightedAverageShsOutDil": 22716000,
        "link": "",
        "finalLink": ""
    },
    {
        "date": "1997-12-31",
        "symbol": "FRC",
        "reportedCurrency": "USD",
        "cik": "0001132979",
        "fillingDate": "1997-12-31",
        "acceptedDate": "1997-12-30 19:00:00",
        "calendarYear": "1997",
        "period": "Q4",
        "revenue": 1300000,
        "costOfRevenue": 0,
        "grossProfit": 1300000,
        "grossProfitRatio": 1,
        "researchAndDevelopmentExpenses": 0,
        "generalAndAdministrativeExpenses": 3500000,
        "sellingAndMarketingExpenses": 700000,
        "sellingGeneralAndAdministrativeExpenses": 4200000,
        "otherExpenses": 34300000,
        "operatingExpenses": 38500000,
        "costAndExpenses": 38500000,
        "interestIncome": 47000000,
        "interestExpense": 32500000,
        "depreciationAndAmortization": 0,
        "ebitda": 39800000,
        "ebitdaratio": 30.6153846154,
        "operatingIncome": 39800000,
        "operatingIncomeRatio": 30.6153846154,
        "totalOtherIncomeExpensesNet": -32500000,
        "incomeBeforeTax": 7300000,
        "incomeBeforeTaxRatio": 5.6153846154,
        "incomeTaxExpense": 3100000,
        "netIncome": 4200000,
        "netIncomeRatio": 3.2307692308,
        "eps": 0.19,
        "epsdiluted": 0.19,
        "weightedAverageShsOut": 22247000,
        "weightedAverageShsOutDil": 22247000,
        "link": "",
        "finalLink": ""
    },
    {
        "date": "1997-09-30",
        "symbol": "FRC",
        "reportedCurrency": "USD",
        "cik": "0001132979",
        "fillingDate": "1997-09-30",
        "acceptedDate": "1997-09-29 20:00:00",
        "calendarYear": "1997",
        "period": "Q3",
        "revenue": 1200000,
        "costOfRevenue": 0,
        "grossProfit": 1200000,
        "grossProfitRatio": 1,
        "researchAndDevelopmentExpenses": 0,
        "generalAndAdministrativeExpenses": 3300000,
        "sellingAndMarketingExpenses": 600000,
        "sellingGeneralAndAdministrativeExpenses": 3900000,
        "otherExpenses": 33400000,
        "operatingExpenses": 37300000,
        "costAndExpenses": 37300000,
        "interestIncome": 44700000,
        "interestExpense": 30600000,
        "depreciationAndAmortization": 0,
        "ebitda": 38500000,
        "ebitdaratio": 32.0833333333,
        "operatingIncome": 38500000,
        "operatingIncomeRatio": 32.0833333333,
        "totalOtherIncomeExpensesNet": -30600000,
        "incomeBeforeTax": 7900000,
        "incomeBeforeTaxRatio": 6.5833333333,
        "incomeTaxExpense": 3300000,
        "netIncome": 4600000,
        "netIncomeRatio": 3.8333333333,
        "eps": 0.21,
        "epsdiluted": 0.21,
        "weightedAverageShsOut": 22247000,
        "weightedAverageShsOutDil": 22247000,
        "link": "",
        "finalLink": ""
    },
    {
        "date": "1997-06-30",
        "symbol": "FRC",
        "reportedCurrency": "USD",
        "cik": "0001132979",
        "fillingDate": "1997-06-30",
        "acceptedDate": "1997-06-29 20:00:00",
        "calendarYear": "1997",
        "period": "Q2",
        "revenue": 2100000,
        "costOfRevenue": 0,
        "grossProfit": 2100000,
        "grossProfitRatio": 1,
        "researchAndDevelopmentExpenses": 0,
        "generalAndAdministrativeExpenses": 3200000,
        "sellingAndMarketingExpenses": 700000,
        "sellingGeneralAndAdministrativeExpenses": 3900000,
        "otherExpenses": 30600000,
        "operatingExpenses": 34500000,
        "costAndExpenses": 34500000,
        "interestIncome": 42800000,
        "interestExpense": 29100000,
        "depreciationAndAmortization": 0,
        "ebitda": 36600000,
        "ebitdaratio": 17.4285714286,
        "operatingIncome": 36600000,
        "operatingIncomeRatio": 17.4285714286,
        "totalOtherIncomeExpensesNet": -29100000,
        "incomeBeforeTax": 7500000,
        "incomeBeforeTaxRatio": 3.5714285714,
        "incomeTaxExpense": 3100000,
        "netIncome": 4400000,
        "netIncomeRatio": 2.0952380952,
        "eps": 0.19,
        "epsdiluted": 0.19,
        "weightedAverageShsOut": 23560000,
        "weightedAverageShsOutDil": 23560000,
        "link": "",
        "finalLink": ""
    },
    {
        "date": "1997-03-31",
        "symbol": "FRC",
        "reportedCurrency": "USD",
        "cik": "0001132979",
        "fillingDate": "1997-03-31",
        "acceptedDate": "1997-03-30 19:00:00",
        "calendarYear": "1997",
        "period": "Q1",
        "revenue": 1300000,
        "costOfRevenue": 0,
        "grossProfit": 1300000,
        "grossProfitRatio": 1,
        "researchAndDevelopmentExpenses": 0,
        "generalAndAdministrativeExpenses": 3200000,
        "sellingAndMarketingExpenses": 500000,
        "sellingGeneralAndAdministrativeExpenses": 3700000,
        "otherExpenses": 30400000,
        "operatingExpenses": 34100000,
        "costAndExpenses": 34100000,
        "interestIncome": 41500000,
        "interestExpense": 28500000,
        "depreciationAndAmortization": 0,
        "ebitda": 35400000,
        "ebitdaratio": 27.2307692308,
        "operatingIncome": 35400000,
        "operatingIncomeRatio": 27.2307692308,
        "totalOtherIncomeExpensesNet": -28500000,
        "incomeBeforeTax": 6900000,
        "incomeBeforeTaxRatio": 5.3076923077,
        "incomeTaxExpense": 2900000,
        "netIncome": 4000000,
        "netIncomeRatio": 3.0769230769,
        "eps": 0.19,
        "epsdiluted": 0.17,
        "weightedAverageShsOut": 20679000,
        "weightedAverageShsOutDil": 23065000,
        "link": "",
        "finalLink": ""
    },
    {
        "date": "1996-12-31",
        "symbol": "FRC",
        "reportedCurrency": "USD",
        "cik": "0001132979",
        "fillingDate": "1996-12-31",
        "acceptedDate": "1996-12-30 19:00:00",
        "calendarYear": "1996",
        "period": "Q4",
        "revenue": 700000,
        "costOfRevenue": 0,
        "grossProfit": 700000,
        "grossProfitRatio": 1,
        "researchAndDevelopmentExpenses": 0,
        "generalAndAdministrativeExpenses": 3300000,
        "sellingAndMarketingExpenses": 500000,
        "sellingGeneralAndAdministrativeExpenses": 3800000,
        "otherExpenses": 30800000,
        "operatingExpenses": 34600000,
        "costAndExpenses": 34600000,
        "interestIncome": 41300000,
        "interestExpense": 29300000,
        "depreciationAndAmortization": 0,
        "ebitda": 35300000,
        "ebitdaratio": 50.4285714286,
        "operatingIncome": 35300000,
        "operatingIncomeRatio": 50.4285714286,
        "totalOtherIncomeExpensesNet": -29300000,
        "incomeBeforeTax": 6000000,
        "incomeBeforeTaxRatio": 8.5714285714,
        "incomeTaxExpense": 2500000,
        "netIncome": 3500000,
        "netIncomeRatio": 5,
        "eps": 0.17,
        "epsdiluted": 0.17,
        "weightedAverageShsOut": 20679000,
        "weightedAverageShsOutDil": 20679000,
        "link": "",
        "finalLink": ""
    },
    {
        "date": "1996-09-30",
        "symbol": "FRC",
        "reportedCurrency": "USD",
        "cik": "0001132979",
        "fillingDate": "1996-09-30",
        "acceptedDate": "1996-09-29 20:00:00",
        "calendarYear": "1996",
        "period": "Q3",
        "revenue": 0,
        "costOfRevenue": 0,
        "grossProfit": 0,
        "grossProfitRatio": 0,
        "researchAndDevelopmentExpenses": 0,
        "generalAndAdministrativeExpenses": 2300000,
        "sellingAndMarketingExpenses": 600000,
        "sellingGeneralAndAdministrativeExpenses": 2900000,
        "otherExpenses": -7500000,
        "operatingExpenses": -4600000,
        "costAndExpenses": -4600000,
        "interestIncome": 40400000,
        "interestExpense": 28700000,
        "depreciationAndAmortization": 38900000,
        "ebitda": 34300000,
        "ebitdaratio": 0,
        "operatingIncome": -4600000,
        "operatingIncomeRatio": 0,
        "totalOtherIncomeExpensesNet": 10200000,
        "incomeBeforeTax": 5600000,
        "incomeBeforeTaxRatio": 0,
        "incomeTaxExpense": 2300000,
        "netIncome": 3300000,
        "netIncomeRatio": 0,
        "eps": 0.19,
        "epsdiluted": 0.17,
        "weightedAverageShsOut": 17060000,
        "weightedAverageShsOutDil": 19790000,
        "link": "",
        "finalLink": ""
    },
    {
        "date": "1996-06-30",
        "symbol": "FRC",
        "reportedCurrency": "USD",
        "cik": "0001132979",
        "fillingDate": "1996-06-30",
        "acceptedDate": "1996-06-29 20:00:00",
        "calendarYear": "1996",
        "period": "Q2",
        "revenue": -900000,
        "costOfRevenue": 0,
        "grossProfit": -900000,
        "grossProfitRatio": 1,
        "researchAndDevelopmentExpenses": 0,
        "generalAndAdministrativeExpenses": 2300000,
        "sellingAndMarketingExpenses": 500000,
        "sellingGeneralAndAdministrativeExpenses": 2800000,
        "otherExpenses": 30600000,
        "operatingExpenses": 33400000,
        "costAndExpenses": 33400000,
        "interestIncome": 39300000,
        "interestExpense": 27500000,
        "depreciationAndAmortization": 0,
        "ebitda": 32500000,
        "ebitdaratio": -36.1111111111,
        "operatingIncome": 32500000,
        "operatingIncomeRatio": -36.1111111111,
        "totalOtherIncomeExpensesNet": -27500000,
        "incomeBeforeTax": 5000000,
        "incomeBeforeTaxRatio": -5.5555555556,
        "incomeTaxExpense": 2000000,
        "netIncome": 3000000,
        "netIncomeRatio": -3.3333333333,
        "eps": 0.17,
        "epsdiluted": 0.15,
        "weightedAverageShsOut": 17299000,
        "weightedAverageShsOutDil": 19555000,
        "link": "",
        "finalLink": ""
    },
    {
        "date": "1996-03-31",
        "symbol": "FRC",
        "reportedCurrency": "USD",
        "cik": "0001132979",
        "fillingDate": "1996-03-31",
        "acceptedDate": "1996-03-30 19:00:00",
        "calendarYear": "1996",
        "period": "Q1",
        "revenue": -500000,
        "costOfRevenue": 0,
        "grossProfit": -500000,
        "grossProfitRatio": 1,
        "researchAndDevelopmentExpenses": 0,
        "generalAndAdministrativeExpenses": 2200000,
        "sellingAndMarketingExpenses": 500000,
        "sellingGeneralAndAdministrativeExpenses": 2700000,
        "otherExpenses": 30000000,
        "operatingExpenses": 32700000,
        "costAndExpenses": 32700000,
        "interestIncome": 38700000,
        "interestExpense": 27400000,
        "depreciationAndAmortization": 0,
        "ebitda": 32200000,
        "ebitdaratio": -64.4,
        "operatingIncome": 32200000,
        "operatingIncomeRatio": -64.4,
        "totalOtherIncomeExpensesNet": -27400000,
        "incomeBeforeTax": 4800000,
        "incomeBeforeTaxRatio": -9.6,
        "incomeTaxExpense": 2000000,
        "netIncome": 2800000,
        "netIncomeRatio": -5.6,
        "eps": 0.16,
        "epsdiluted": 0.14,
        "weightedAverageShsOut": 17491000,
        "weightedAverageShsOutDil": 19990000,
        "link": "",
        "finalLink": ""
    },
    {
        "date": "1995-12-31",
        "symbol": "FRC",
        "reportedCurrency": "USD",
        "cik": "0001132979",
        "fillingDate": "1995-12-31",
        "acceptedDate": "1995-12-30 19:00:00",
        "calendarYear": "1995",
        "period": "Q4",
        "revenue": -1100000,
        "costOfRevenue": 0,
        "grossProfit": -1100000,
        "grossProfitRatio": 1,
        "researchAndDevelopmentExpenses": 0,
        "generalAndAdministrativeExpenses": 2000000,
        "sellingAndMarketingExpenses": 400000,
        "sellingGeneralAndAdministrativeExpenses": 2400000,
        "otherExpenses": 28700000,
        "operatingExpenses": 31100000,
        "costAndExpenses": 31100000,
        "interestIncome": 37300000,
        "interestExpense": 27300000,
        "depreciationAndAmortization": 0,
        "ebitda": 30000000,
        "ebitdaratio": -27.2727272727,
        "operatingIncome": 30000000,
        "operatingIncomeRatio": -27.2727272727,
        "totalOtherIncomeExpensesNet": -27300000,
        "incomeBeforeTax": 2700000,
        "incomeBeforeTaxRatio": -2.4545454545,
        "incomeTaxExpense": 1100000,
        "netIncome": 1600000,
        "netIncomeRatio": -1.4545454545,
        "eps": 0.0903,
        "epsdiluted": 0.0903,
        "weightedAverageShsOut": 17718000,
        "weightedAverageShsOutDil": 17718000,
        "link": "",
        "finalLink": ""
    },
    {
        "date": "1995-09-30",
        "symbol": "FRC",
        "reportedCurrency": "USD",
        "cik": "0001132979",
        "fillingDate": "1995-09-30",
        "acceptedDate": "1995-09-29 20:00:00",
        "calendarYear": "1995",
        "period": "Q3",
        "revenue": -1300000,
        "costOfRevenue": 0,
        "grossProfit": -1300000,
        "grossProfitRatio": 1,
        "researchAndDevelopmentExpenses": 0,
        "generalAndAdministrativeExpenses": 1900000,
        "sellingAndMarketingExpenses": 300000,
        "sellingGeneralAndAdministrativeExpenses": 2200000,
        "otherExpenses": 28500000,
        "operatingExpenses": 30700000,
        "costAndExpenses": 30700000,
        "interestIncome": 36100000,
        "interestExpense": 27200000,
        "depreciationAndAmortization": 0,
        "ebitda": 29400000,
        "ebitdaratio": -22.6153846154,
        "operatingIncome": 29400000,
        "operatingIncomeRatio": -22.6153846154,
        "totalOtherIncomeExpensesNet": -27200000,
        "incomeBeforeTax": 2200000,
        "incomeBeforeTaxRatio": -1.6923076923,
        "incomeTaxExpense": 900000,
        "netIncome": 1300000,
        "netIncomeRatio": -1,
        "eps": 0.0734,
        "epsdiluted": 0.0734,
        "weightedAverageShsOut": 17718000,
        "weightedAverageShsOutDil": 17718000,
        "link": "",
        "finalLink": ""
    },
    {
        "date": "1995-06-30",
        "symbol": "FRC",
        "reportedCurrency": "USD",
        "cik": "0001132979",
        "fillingDate": "1995-06-30",
        "acceptedDate": "1995-06-29 20:00:00",
        "calendarYear": "1995",
        "period": "Q2",
        "revenue": -7700000,
        "costOfRevenue": 0,
        "grossProfit": -7700000,
        "grossProfitRatio": 1,
        "researchAndDevelopmentExpenses": 0,
        "generalAndAdministrativeExpenses": 1600000,
        "sellingAndMarketingExpenses": 400000,
        "sellingGeneralAndAdministrativeExpenses": 2000000,
        "otherExpenses": 27000000,
        "operatingExpenses": 29000000,
        "costAndExpenses": 29000000,
        "interestIncome": 34300000,
        "interestExpense": 26600000,
        "depreciationAndAmortization": 0,
        "ebitda": 21300000,
        "ebitdaratio": -2.7662337662,
        "operatingIncome": 21300000,
        "operatingIncomeRatio": -2.7662337662,
        "totalOtherIncomeExpensesNet": -26600000,
        "incomeBeforeTax": -5300000,
        "incomeBeforeTaxRatio": 0.6883116883,
        "incomeTaxExpense": -2200000,
        "netIncome": -3100000,
        "netIncomeRatio": 0.4025974026,
        "eps": -0.18,
        "epsdiluted": -0.18,
        "weightedAverageShsOut": 17214000,
        "weightedAverageShsOutDil": 17214000,
        "link": "",
        "finalLink": ""
    },
    {
        "date": "1995-03-31",
        "symbol": "FRC",
        "reportedCurrency": "USD",
        "cik": "0001132979",
        "fillingDate": "1995-03-31",
        "acceptedDate": "1995-03-30 19:00:00",
        "calendarYear": "1995",
        "period": "Q1",
        "revenue": -600000,
        "costOfRevenue": 0,
        "grossProfit": -600000,
        "grossProfitRatio": 1,
        "researchAndDevelopmentExpenses": 0,
        "generalAndAdministrativeExpenses": 2000000,
        "sellingAndMarketingExpenses": 300000,
        "sellingGeneralAndAdministrativeExpenses": 2300000,
        "otherExpenses": 24500000,
        "operatingExpenses": 26800000,
        "costAndExpenses": 26800000,
        "interestIncome": 32000000,
        "interestExpense": 23800000,
        "depreciationAndAmortization": 0,
        "ebitda": 26200000,
        "ebitdaratio": -43.6666666667,
        "operatingIncome": 26200000,
        "operatingIncomeRatio": -43.6666666667,
        "totalOtherIncomeExpensesNet": -23800000,
        "incomeBeforeTax": 2400000,
        "incomeBeforeTaxRatio": -4,
        "incomeTaxExpense": 1000000,
        "netIncome": 1400000,
        "netIncomeRatio": -2.3333333333,
        "eps": 0.08,
        "epsdiluted": 0.08,
        "weightedAverageShsOut": 17491000,
        "weightedAverageShsOutDil": 17491000,
        "link": "",
        "finalLink": ""
    },
    {
        "date": "1994-12-31",
        "symbol": "FRC",
        "reportedCurrency": "USD",
        "cik": "0001132979",
        "fillingDate": "1994-12-31",
        "acceptedDate": "1994-12-30 19:00:00",
        "calendarYear": "1994",
        "period": "Q4",
        "revenue": -1000000,
        "costOfRevenue": 0,
        "grossProfit": -1000000,
        "grossProfitRatio": 1,
        "researchAndDevelopmentExpenses": 0,
        "generalAndAdministrativeExpenses": 2000000,
        "sellingAndMarketingExpenses": 500000,
        "sellingGeneralAndAdministrativeExpenses": 2500000,
        "otherExpenses": 22100000,
        "operatingExpenses": 24600000,
        "costAndExpenses": 24600000,
        "interestIncome": 30100000,
        "interestExpense": 21200000,
        "depreciationAndAmortization": 0,
        "ebitda": 23600000,
        "ebitdaratio": -23.6,
        "operatingIncome": 23600000,
        "operatingIncomeRatio": -23.6,
        "totalOtherIncomeExpensesNet": -21200000,
        "incomeBeforeTax": 2400000,
        "incomeBeforeTaxRatio": -2.4,
        "incomeTaxExpense": 800000,
        "netIncome": 1600000,
        "netIncomeRatio": -1.6,
        "eps": 0.0862,
        "epsdiluted": 0.0862,
        "weightedAverageShsOut": 18562000,
        "weightedAverageShsOutDil": 18562000,
        "link": "",
        "finalLink": ""
    },
    {
        "date": "1994-09-30",
        "symbol": "FRC",
        "reportedCurrency": "USD",
        "cik": "0001132979",
        "fillingDate": "1994-09-30",
        "acceptedDate": "1994-09-29 20:00:00",
        "calendarYear": "1994",
        "period": "Q3",
        "revenue": -100000,
        "costOfRevenue": 0,
        "grossProfit": -100000,
        "grossProfitRatio": 1,
        "researchAndDevelopmentExpenses": 0,
        "generalAndAdministrativeExpenses": 1600000,
        "sellingAndMarketingExpenses": 400000,
        "sellingGeneralAndAdministrativeExpenses": 2000000,
        "otherExpenses": 21300000,
        "operatingExpenses": 23300000,
        "costAndExpenses": 23300000,
        "interestIncome": 28200000,
        "interestExpense": 18900000,
        "depreciationAndAmortization": 0,
        "ebitda": 23200000,
        "ebitdaratio": -232,
        "operatingIncome": 23200000,
        "operatingIncomeRatio": -232,
        "totalOtherIncomeExpensesNet": -18900000,
        "incomeBeforeTax": 4300000,
        "incomeBeforeTaxRatio": -43,
        "incomeTaxExpense": 1700000,
        "netIncome": 2600000,
        "netIncomeRatio": -26,
        "eps": 0.14,
        "epsdiluted": 0.13,
        "weightedAverageShsOut": 18562000,
        "weightedAverageShsOutDil": 20516000,
        "link": "",
        "finalLink": ""
    },
    {
        "date": "1994-06-30",
        "symbol": "FRC",
        "reportedCurrency": "USD",
        "cik": "0001132979",
        "fillingDate": "1994-06-30",
        "acceptedDate": "1994-06-29 20:00:00",
        "calendarYear": "1994",
        "period": "Q2",
        "revenue": 0,
        "costOfRevenue": 0,
        "grossProfit": 0,
        "grossProfitRatio": 0,
        "researchAndDevelopmentExpenses": 0,
        "generalAndAdministrativeExpenses": 1700000,
        "sellingAndMarketingExpenses": 400000,
        "sellingGeneralAndAdministrativeExpenses": 2100000,
        "otherExpenses": 18800000,
        "operatingExpenses": 20900000,
        "costAndExpenses": 20900000,
        "interestIncome": 26200000,
        "interestExpense": 16500000,
        "depreciationAndAmortization": 0,
        "ebitda": 20900000,
        "ebitdaratio": 0,
        "operatingIncome": 20900000,
        "operatingIncomeRatio": 0,
        "totalOtherIncomeExpensesNet": -16500000,
        "incomeBeforeTax": 4400000,
        "incomeBeforeTaxRatio": 0,
        "incomeTaxExpense": 1900000,
        "netIncome": 2500000,
        "netIncomeRatio": 0,
        "eps": 0.14,
        "epsdiluted": 0.13,
        "weightedAverageShsOut": 17848000,
        "weightedAverageShsOutDil": 19727000,
        "link": "",
        "finalLink": ""
    },
    {
        "date": "1994-03-31",
        "symbol": "FRC",
        "reportedCurrency": "USD",
        "cik": "0001132979",
        "fillingDate": "1994-03-31",
        "acceptedDate": "1994-03-30 19:00:00",
        "calendarYear": "1994",
        "period": "Q1",
        "revenue": -3500000,
        "costOfRevenue": 0,
        "grossProfit": -3500000,
        "grossProfitRatio": 1,
        "researchAndDevelopmentExpenses": 0,
        "generalAndAdministrativeExpenses": 1900000,
        "sellingAndMarketingExpenses": 600000,
        "sellingGeneralAndAdministrativeExpenses": 2500000,
        "otherExpenses": 17100000,
        "operatingExpenses": 19600000,
        "costAndExpenses": 19600000,
        "interestIncome": 25000000,
        "interestExpense": 14900000,
        "depreciationAndAmortization": 0,
        "ebitda": 16100000,
        "ebitdaratio": -4.6,
        "operatingIncome": 16100000,
        "operatingIncomeRatio": -4.6,
        "totalOtherIncomeExpensesNet": -14900000,
        "incomeBeforeTax": 1200000,
        "incomeBeforeTaxRatio": -0.3428571429,
        "incomeTaxExpense": 500000,
        "netIncome": 700000,
        "netIncomeRatio": -0.2,
        "eps": 0.0334,
        "epsdiluted": 0.0334,
        "weightedAverageShsOut": 20990000,
        "weightedAverageShsOutDil": 20990000,
        "link": "",
        "finalLink": ""
    },
    {
        "date": "1993-12-31",
        "symbol": "FRC",
        "reportedCurrency": "USD",
        "cik": "0001132979",
        "fillingDate": "1993-12-31",
        "acceptedDate": "1993-12-30 19:00:00",
        "calendarYear": "1993",
        "period": "Q4",
        "revenue": 300000,
        "costOfRevenue": 0,
        "grossProfit": 300000,
        "grossProfitRatio": 1,
        "researchAndDevelopmentExpenses": 0,
        "generalAndAdministrativeExpenses": 1100000,
        "sellingAndMarketingExpenses": 400000,
        "sellingGeneralAndAdministrativeExpenses": 1500000,
        "otherExpenses": 18500000,
        "operatingExpenses": 20000000,
        "costAndExpenses": 20000000,
        "interestIncome": 25000000,
        "interestExpense": 14400000,
        "depreciationAndAmortization": 0,
        "ebitda": 20300000,
        "ebitdaratio": 67.6666666667,
        "operatingIncome": 20300000,
        "operatingIncomeRatio": 67.6666666667,
        "totalOtherIncomeExpensesNet": -14400000,
        "incomeBeforeTax": 5900000,
        "incomeBeforeTaxRatio": 19.6666666667,
        "incomeTaxExpense": 2500000,
        "netIncome": 3400000,
        "netIncomeRatio": 11.3333333333,
        "eps": 0.19,
        "epsdiluted": 0.19,
        "weightedAverageShsOut": 17577000,
        "weightedAverageShsOutDil": 17577000,
        "link": "",
        "finalLink": ""
    },
    {
        "date": "1993-09-30",
        "symbol": "FRC",
        "reportedCurrency": "USD",
        "cik": "0001132979",
        "fillingDate": "1993-09-30",
        "acceptedDate": "1993-09-29 20:00:00",
        "calendarYear": "1993",
        "period": "Q3",
        "revenue": 700000,
        "costOfRevenue": 0,
        "grossProfit": 700000,
        "grossProfitRatio": 1,
        "researchAndDevelopmentExpenses": 0,
        "generalAndAdministrativeExpenses": 1500000,
        "sellingAndMarketingExpenses": 300000,
        "sellingGeneralAndAdministrativeExpenses": 1800000,
        "otherExpenses": 17700000,
        "operatingExpenses": 19500000,
        "costAndExpenses": 19500000,
        "interestIncome": 24700000,
        "interestExpense": 14300000,
        "depreciationAndAmortization": 0,
        "ebitda": 20200000,
        "ebitdaratio": 28.8571428571,
        "operatingIncome": 20200000,
        "operatingIncomeRatio": 28.8571428571,
        "totalOtherIncomeExpensesNet": -14300000,
        "incomeBeforeTax": 5900000,
        "incomeBeforeTaxRatio": 8.4285714286,
        "incomeTaxExpense": 2500000,
        "netIncome": 3400000,
        "netIncomeRatio": 4.8571428571,
        "eps": 0.19,
        "epsdiluted": 0.17,
        "weightedAverageShsOut": 17577000,
        "weightedAverageShsOutDil": 20390000,
        "link": "",
        "finalLink": ""
    },
    {
        "date": "1993-06-30",
        "symbol": "FRC",
        "reportedCurrency": "USD",
        "cik": "0001132979",
        "fillingDate": "1993-06-30",
        "acceptedDate": "1993-06-29 20:00:00",
        "calendarYear": "1993",
        "period": "Q2",
        "revenue": -100000,
        "costOfRevenue": 0,
        "grossProfit": -100000,
        "grossProfitRatio": 1,
        "researchAndDevelopmentExpenses": 0,
        "generalAndAdministrativeExpenses": 3600000,
        "sellingAndMarketingExpenses": 300000,
        "sellingGeneralAndAdministrativeExpenses": 3900000,
        "otherExpenses": 14800000,
        "operatingExpenses": 18700000,
        "costAndExpenses": 18700000,
        "interestIncome": 24400000,
        "interestExpense": 14100000,
        "depreciationAndAmortization": 0,
        "ebitda": 18600000,
        "ebitdaratio": -186,
        "operatingIncome": 18600000,
        "operatingIncomeRatio": -186,
        "totalOtherIncomeExpensesNet": -14100000,
        "incomeBeforeTax": 4500000,
        "incomeBeforeTaxRatio": -45,
        "incomeTaxExpense": 1900000,
        "netIncome": 2600000,
        "netIncomeRatio": -26,
        "eps": 0.15,
        "epsdiluted": 0.13,
        "weightedAverageShsOut": 16948000,
        "weightedAverageShsOutDil": 19490000,
        "link": "",
        "finalLink": ""
    },
    {
        "date": "1993-03-31",
        "symbol": "FRC",
        "reportedCurrency": "USD",
        "cik": "0001132979",
        "fillingDate": "1993-03-31",
        "acceptedDate": "1993-03-30 19:00:00",
        "calendarYear": "1993",
        "period": "Q1",
        "revenue": -300000,
        "costOfRevenue": 0,
        "grossProfit": -300000,
        "grossProfitRatio": 1,
        "researchAndDevelopmentExpenses": 0,
        "generalAndAdministrativeExpenses": 2500000,
        "sellingAndMarketingExpenses": 0,
        "sellingGeneralAndAdministrativeExpenses": 2500000,
        "otherExpenses": -6000000,
        "operatingExpenses": -3500000,
        "costAndExpenses": -3500000,
        "interestIncome": 24200000,
        "interestExpense": 14200000,
        "depreciationAndAmortization": 22900000,
        "ebitda": 19100000,
        "ebitdaratio": -63.6666666667,
        "operatingIncome": -3800000,
        "operatingIncomeRatio": 12.6666666667,
        "totalOtherIncomeExpensesNet": 8700000,
        "incomeBeforeTax": 4900000,
        "incomeBeforeTaxRatio": -16.3333333333,
        "incomeTaxExpense": 2000000,
        "netIncome": 2900000,
        "netIncomeRatio": -9.6666666667,
        "eps": 0.17,
        "epsdiluted": 0.15,
        "weightedAverageShsOut": 17391000,
        "weightedAverageShsOutDil": 19763000,
        "link": "",
        "finalLink": ""
    },
    {
        "date": "1992-12-31",
        "symbol": "FRC",
        "reportedCurrency": "USD",
        "cik": "0001132979",
        "fillingDate": "1992-12-31",
        "acceptedDate": "1992-12-30 19:00:00",
        "calendarYear": "1992",
        "period": "Q4",
        "revenue": -800000,
        "costOfRevenue": 0,
        "grossProfit": -800000,
        "grossProfitRatio": 1,
        "researchAndDevelopmentExpenses": 0,
        "generalAndAdministrativeExpenses": 1700000,
        "sellingAndMarketingExpenses": 200000,
        "sellingGeneralAndAdministrativeExpenses": 1900000,
        "otherExpenses": 17700000,
        "operatingExpenses": 19600000,
        "costAndExpenses": 19600000,
        "interestIncome": 24700000,
        "interestExpense": 14800000,
        "depreciationAndAmortization": 0,
        "ebitda": 18800000,
        "ebitdaratio": -23.5,
        "operatingIncome": 18800000,
        "operatingIncomeRatio": -23.5,
        "totalOtherIncomeExpensesNet": -14800000,
        "incomeBeforeTax": 4000000,
        "incomeBeforeTaxRatio": -5,
        "incomeTaxExpense": 1600000,
        "netIncome": 2400000,
        "netIncomeRatio": -3,
        "eps": 0.14,
        "epsdiluted": 0.14,
        "weightedAverageShsOut": 16992000,
        "weightedAverageShsOutDil": 16992000,
        "link": "",
        "finalLink": ""
    },
    {
        "date": "1992-09-30",
        "symbol": "FRC",
        "reportedCurrency": "USD",
        "cik": "0001132979",
        "fillingDate": "1992-09-30",
        "acceptedDate": "1992-09-29 20:00:00",
        "calendarYear": "1992",
        "period": "Q3",
        "revenue": 200000,
        "costOfRevenue": 0,
        "grossProfit": 200000,
        "grossProfitRatio": 1,
        "researchAndDevelopmentExpenses": 0,
        "generalAndAdministrativeExpenses": 1400000,
        "sellingAndMarketingExpenses": 300000,
        "sellingGeneralAndAdministrativeExpenses": 1700000,
        "otherExpenses": 19000000,
        "operatingExpenses": 20700000,
        "costAndExpenses": 20700000,
        "interestIncome": 24500000,
        "interestExpense": 15100000,
        "depreciationAndAmortization": 0,
        "ebitda": 20900000,
        "ebitdaratio": 104.5,
        "operatingIncome": 20900000,
        "operatingIncomeRatio": 104.5,
        "totalOtherIncomeExpensesNet": -15100000,
        "incomeBeforeTax": 5800000,
        "incomeBeforeTaxRatio": 29,
        "incomeTaxExpense": 2400000,
        "netIncome": 3400000,
        "netIncomeRatio": 17,
        "eps": 0.2,
        "epsdiluted": 0.2,
        "weightedAverageShsOut": 16992000,
        "weightedAverageShsOutDil": 16992000,
        "link": "",
        "finalLink": ""
    },
    {
        "date": "1992-06-30",
        "symbol": "FRC",
        "reportedCurrency": "USD",
        "cik": "0001132979",
        "fillingDate": "1992-06-30",
        "acceptedDate": "1992-06-29 20:00:00",
        "calendarYear": "1992",
        "period": "Q2",
        "revenue": -900000,
        "costOfRevenue": 0,
        "grossProfit": -900000,
        "grossProfitRatio": 1,
        "researchAndDevelopmentExpenses": 0,
        "generalAndAdministrativeExpenses": 900000,
        "sellingAndMarketingExpenses": 200000,
        "sellingGeneralAndAdministrativeExpenses": 1100000,
        "otherExpenses": 20100000,
        "operatingExpenses": 21200000,
        "costAndExpenses": 21200000,
        "interestIncome": 24100000,
        "interestExpense": 14800000,
        "depreciationAndAmortization": 0,
        "ebitda": 20300000,
        "ebitdaratio": -22.5555555556,
        "operatingIncome": 20300000,
        "operatingIncomeRatio": -22.5555555556,
        "totalOtherIncomeExpensesNet": -14800000,
        "incomeBeforeTax": 5500000,
        "incomeBeforeTaxRatio": -6.1111111111,
        "incomeTaxExpense": 2200000,
        "netIncome": 3300000,
        "netIncomeRatio": -3.6666666667,
        "eps": 0.19,
        "epsdiluted": 0.19,
        "weightedAverageShsOut": 17670000,
        "weightedAverageShsOutDil": 17670000,
        "link": "",
        "finalLink": ""
    },
    {
        "date": "1992-03-31",
        "symbol": "FRC",
        "reportedCurrency": "USD",
        "cik": "0001132979",
        "fillingDate": "1992-03-31",
        "acceptedDate": "1992-03-30 19:00:00",
        "calendarYear": "1992",
        "period": "Q1",
        "revenue": -600000,
        "costOfRevenue": 0,
        "grossProfit": -600000,
        "grossProfitRatio": 1,
        "researchAndDevelopmentExpenses": 0,
        "generalAndAdministrativeExpenses": 1200000,
        "sellingAndMarketingExpenses": 200000,
        "sellingGeneralAndAdministrativeExpenses": 1400000,
        "otherExpenses": 18100000,
        "operatingExpenses": 19500000,
        "costAndExpenses": 19500000,
        "interestIncome": 22400000,
        "interestExpense": 14300000,
        "depreciationAndAmortization": 0,
        "ebitda": 18900000,
        "ebitdaratio": -31.5,
        "operatingIncome": 18900000,
        "operatingIncomeRatio": -31.5,
        "totalOtherIncomeExpensesNet": -14300000,
        "incomeBeforeTax": 4600000,
        "incomeBeforeTaxRatio": -7.6666666667,
        "incomeTaxExpense": 1900000,
        "netIncome": 2700000,
        "netIncomeRatio": -4.5,
        "eps": 0.18,
        "epsdiluted": 0.18,
        "weightedAverageShsOut": 14993000,
        "weightedAverageShsOutDil": 14993000,
        "link": "",
        "finalLink": ""
    },
    {
        "date": "1991-12-31",
        "symbol": "FRC",
        "reportedCurrency": "USD",
        "cik": "0001132979",
        "fillingDate": "1991-12-31",
        "acceptedDate": "1991-12-30 19:00:00",
        "calendarYear": "1991",
        "period": "Q4",
        "revenue": -900000,
        "costOfRevenue": 0,
        "grossProfit": -900000,
        "grossProfitRatio": 1,
        "researchAndDevelopmentExpenses": 0,
        "generalAndAdministrativeExpenses": 5600000,
        "sellingAndMarketingExpenses": 700000,
        "sellingGeneralAndAdministrativeExpenses": 6300000,
        "otherExpenses": 12800000,
        "operatingExpenses": 19100000,
        "costAndExpenses": 19100000,
        "interestIncome": 22300000,
        "interestExpense": 14400000,
        "depreciationAndAmortization": 0,
        "ebitda": 18200000,
        "ebitdaratio": -20.2222222222,
        "operatingIncome": 18200000,
        "operatingIncomeRatio": -20.2222222222,
        "totalOtherIncomeExpensesNet": -14400000,
        "incomeBeforeTax": 3800000,
        "incomeBeforeTaxRatio": -4.2222222222,
        "incomeTaxExpense": 1500000,
        "netIncome": 2300000,
        "netIncomeRatio": -2.5555555556,
        "eps": 0.22,
        "epsdiluted": 0.22,
        "weightedAverageShsOut": 10550000,
        "weightedAverageShsOutDil": 10550000,
        "link": "",
        "finalLink": ""
    },
    {
        "date": "1991-09-30",
        "symbol": "FRC",
        "reportedCurrency": "USD",
        "cik": "0001132979",
        "fillingDate": "1991-09-30",
        "acceptedDate": "1991-09-29 20:00:00",
        "calendarYear": "1991",
        "period": "Q3",
        "revenue": -400000,
        "costOfRevenue": 0,
        "grossProfit": -400000,
        "grossProfitRatio": 1,
        "researchAndDevelopmentExpenses": 0,
        "generalAndAdministrativeExpenses": 1200000,
        "sellingAndMarketingExpenses": 200000,
        "sellingGeneralAndAdministrativeExpenses": 1400000,
        "otherExpenses": 16300000,
        "operatingExpenses": 17700000,
        "costAndExpenses": 17700000,
        "interestIncome": 20800000,
        "interestExpense": 14000000,
        "depreciationAndAmortization": 0,
        "ebitda": 17300000,
        "ebitdaratio": -43.25,
        "operatingIncome": 17300000,
        "operatingIncomeRatio": -43.25,
        "totalOtherIncomeExpensesNet": -14000000,
        "incomeBeforeTax": 3300000,
        "incomeBeforeTaxRatio": -8.25,
        "incomeTaxExpense": 1300000,
        "netIncome": 2000000,
        "netIncomeRatio": -5,
        "eps": 0.19,
        "epsdiluted": 0.18,
        "weightedAverageShsOut": 10550000,
        "weightedAverageShsOutDil": 11394000,
        "link": "",
        "finalLink": ""
    },
    {
        "date": "1991-06-30",
        "symbol": "FRC",
        "reportedCurrency": "USD",
        "cik": "0001132979",
        "fillingDate": "1991-06-30",
        "acceptedDate": "1991-06-29 20:00:00",
        "calendarYear": "1991",
        "period": "Q2",
        "revenue": -800000,
        "costOfRevenue": 0,
        "grossProfit": -800000,
        "grossProfitRatio": 1,
        "researchAndDevelopmentExpenses": 0,
        "generalAndAdministrativeExpenses": 1100000,
        "sellingAndMarketingExpenses": 200000,
        "sellingGeneralAndAdministrativeExpenses": 1300000,
        "otherExpenses": 16000000,
        "operatingExpenses": 17300000,
        "costAndExpenses": 17300000,
        "interestIncome": 19900000,
        "interestExpense": 13600000,
        "depreciationAndAmortization": 0,
        "ebitda": 16500000,
        "ebitdaratio": -20.625,
        "operatingIncome": 16500000,
        "operatingIncomeRatio": -20.625,
        "totalOtherIncomeExpensesNet": -13600000,
        "incomeBeforeTax": 2900000,
        "incomeBeforeTaxRatio": -3.625,
        "incomeTaxExpense": 1200000,
        "netIncome": 1700000,
        "netIncomeRatio": -2.125,
        "eps": 0.2,
        "epsdiluted": 0.18,
        "weightedAverageShsOut": 8567000,
        "weightedAverageShsOutDil": 9595000,
        "link": "",
        "finalLink": ""
    },
    {
        "date": "1991-03-31",
        "symbol": "FRC",
        "reportedCurrency": "USD",
        "cik": "0001132979",
        "fillingDate": "1991-03-31",
        "acceptedDate": "1991-03-30 19:00:00",
        "calendarYear": "1991",
        "period": "Q1",
        "revenue": -900000,
        "costOfRevenue": 0,
        "grossProfit": -900000,
        "grossProfitRatio": 1,
        "researchAndDevelopmentExpenses": 0,
        "generalAndAdministrativeExpenses": 1000000,
        "sellingAndMarketingExpenses": 200000,
        "sellingGeneralAndAdministrativeExpenses": 1200000,
        "otherExpenses": 16100000,
        "operatingExpenses": 17300000,
        "costAndExpenses": 17300000,
        "interestIncome": 19600000,
        "interestExpense": 13900000,
        "depreciationAndAmortization": 0,
        "ebitda": 16400000,
        "ebitdaratio": -18.2222222222,
        "operatingIncome": 16400000,
        "operatingIncomeRatio": -18.2222222222,
        "totalOtherIncomeExpensesNet": -13900000,
        "incomeBeforeTax": 2500000,
        "incomeBeforeTaxRatio": -2.7777777778,
        "incomeTaxExpense": 1000000,
        "netIncome": 1500000,
        "netIncomeRatio": -1.6666666667,
        "eps": 0.19,
        "epsdiluted": 0.17,
        "weightedAverageShsOut": 8073000,
        "weightedAverageShsOutDil": 8746000,
        "link": "",
        "finalLink": ""
    },
    {
        "date": "1990-12-31",
        "symbol": "FRC",
        "reportedCurrency": "USD",
        "cik": "0001132979",
        "fillingDate": "1990-12-31",
        "acceptedDate": "1990-12-30 19:00:00",
        "calendarYear": "1990",
        "period": "Q4",
        "revenue": -900000,
        "costOfRevenue": 0,
        "grossProfit": -900000,
        "grossProfitRatio": 1,
        "researchAndDevelopmentExpenses": 0,
        "generalAndAdministrativeExpenses": 800000,
        "sellingAndMarketingExpenses": 200000,
        "sellingGeneralAndAdministrativeExpenses": 1000000,
        "otherExpenses": 15900000,
        "operatingExpenses": 16900000,
        "costAndExpenses": 16900000,
        "interestIncome": 19200000,
        "interestExpense": 14100000,
        "depreciationAndAmortization": 0,
        "ebitda": 16000000,
        "ebitdaratio": -17.7777777778,
        "operatingIncome": 16000000,
        "operatingIncomeRatio": -17.7777777778,
        "totalOtherIncomeExpensesNet": -14100000,
        "incomeBeforeTax": 1900000,
        "incomeBeforeTaxRatio": -2.1111111111,
        "incomeTaxExpense": 600000,
        "netIncome": 1300000,
        "netIncomeRatio": -1.4444444444,
        "eps": 0.17,
        "epsdiluted": 0.17,
        "weightedAverageShsOut": 7853000,
        "weightedAverageShsOutDil": 7853000,
        "link": "",
        "finalLink": ""
    },
    {
        "date": "1990-09-30",
        "symbol": "FRC",
        "reportedCurrency": "USD",
        "cik": "0001132979",
        "fillingDate": "1990-09-30",
        "acceptedDate": "1990-09-29 20:00:00",
        "calendarYear": "1990",
        "period": "Q3",
        "revenue": -500000,
        "costOfRevenue": 0,
        "grossProfit": -500000,
        "grossProfitRatio": 1,
        "researchAndDevelopmentExpenses": 0,
        "generalAndAdministrativeExpenses": 700000,
        "sellingAndMarketingExpenses": 200000,
        "sellingGeneralAndAdministrativeExpenses": 900000,
        "otherExpenses": 14700000,
        "operatingExpenses": 15600000,
        "costAndExpenses": 15600000,
        "interestIncome": 17600000,
        "interestExpense": 13400000,
        "depreciationAndAmortization": 0,
        "ebitda": 15100000,
        "ebitdaratio": -30.2,
        "operatingIncome": 15100000,
        "operatingIncomeRatio": -30.2,
        "totalOtherIncomeExpensesNet": -13400000,
        "incomeBeforeTax": 1700000,
        "incomeBeforeTaxRatio": -3.4,
        "incomeTaxExpense": 500000,
        "netIncome": 1200000,
        "netIncomeRatio": -2.4,
        "eps": 0.15,
        "epsdiluted": 0.15,
        "weightedAverageShsOut": 7853000,
        "weightedAverageShsOutDil": 7853000,
        "link": "",
        "finalLink": ""
    },
    {
        "date": "1990-06-30",
        "symbol": "FRC",
        "reportedCurrency": "USD",
        "cik": "0001132979",
        "fillingDate": "1990-06-30",
        "acceptedDate": "1990-06-29 20:00:00",
        "calendarYear": "1990",
        "period": "Q2",
        "revenue": 200000,
        "costOfRevenue": 0,
        "grossProfit": 200000,
        "grossProfitRatio": 1,
        "researchAndDevelopmentExpenses": 0,
        "generalAndAdministrativeExpenses": 1000000,
        "sellingAndMarketingExpenses": 300000,
        "sellingGeneralAndAdministrativeExpenses": 1300000,
        "otherExpenses": -3500000,
        "operatingExpenses": -2200000,
        "costAndExpenses": -2200000,
        "interestIncome": 15300000,
        "interestExpense": 11600000,
        "depreciationAndAmortization": 15100000,
        "ebitda": 13100000,
        "ebitdaratio": 65.5,
        "operatingIncome": -2000000,
        "operatingIncomeRatio": -10,
        "totalOtherIncomeExpensesNet": 3500000,
        "incomeBeforeTax": 1500000,
        "incomeBeforeTaxRatio": 7.5,
        "incomeTaxExpense": 500000,
        "netIncome": 1000000,
        "netIncomeRatio": 5,
        "eps": 0.13,
        "epsdiluted": 0.13,
        "weightedAverageShsOut": 7891000,
        "weightedAverageShsOutDil": 7891000,
        "link": "",
        "finalLink": ""
    },
    {
        "date": "1990-03-31",
        "symbol": "FRC",
        "reportedCurrency": "USD",
        "cik": "0001132979",
        "fillingDate": "1990-03-31",
        "acceptedDate": "1990-03-30 19:00:00",
        "calendarYear": "1990",
        "period": "Q1",
        "revenue": -200000,
        "costOfRevenue": 0,
        "grossProfit": -200000,
        "grossProfitRatio": 1,
        "researchAndDevelopmentExpenses": 0,
        "generalAndAdministrativeExpenses": 800000,
        "sellingAndMarketingExpenses": 400000,
        "sellingGeneralAndAdministrativeExpenses": 1200000,
        "otherExpenses": 11000000,
        "operatingExpenses": 12200000,
        "costAndExpenses": 12200000,
        "interestIncome": 14300000,
        "interestExpense": 11600000,
        "depreciationAndAmortization": 0,
        "ebitda": 12000000,
        "ebitdaratio": -60,
        "operatingIncome": 12000000,
        "operatingIncomeRatio": -60,
        "totalOtherIncomeExpensesNet": -11600000,
        "incomeBeforeTax": 400000,
        "incomeBeforeTaxRatio": -2,
        "incomeTaxExpense": 100000,
        "netIncome": 300000,
        "netIncomeRatio": -1.5,
        "eps": 0.0334,
        "epsdiluted": 0.0334,
        "weightedAverageShsOut": 8996000,
        "weightedAverageShsOutDil": 8996000,
        "link": "",
        "finalLink": ""
    },
    {
        "date": "1989-12-31",
        "symbol": "FRC",
        "reportedCurrency": "USD",
        "cik": "0001132979",
        "fillingDate": "1989-12-31",
        "acceptedDate": "1989-12-30 19:00:00",
        "calendarYear": "1989",
        "period": "Q4",
        "revenue": -4600000,
        "costOfRevenue": 0,
        "grossProfit": -4600000,
        "grossProfitRatio": 1,
        "researchAndDevelopmentExpenses": 0,
        "generalAndAdministrativeExpenses": 0,
        "sellingAndMarketingExpenses": 0,
        "sellingGeneralAndAdministrativeExpenses": 0,
        "otherExpenses": -17600000,
        "operatingExpenses": -17600000,
        "costAndExpenses": -17600000,
        "interestIncome": 32600000,
        "interestExpense": 22800000,
        "depreciationAndAmortization": 0,
        "ebitda": -22200000,
        "ebitdaratio": 4.8260869565,
        "operatingIncome": -22200000,
        "operatingIncomeRatio": 4.8260869565,
        "totalOtherIncomeExpensesNet": 22800000,
        "incomeBeforeTax": 600000,
        "incomeBeforeTaxRatio": -0.1304347826,
        "incomeTaxExpense": 300000,
        "netIncome": 300000,
        "netIncomeRatio": -0.0652173913,
        "eps": 0.0334,
        "epsdiluted": 0.0334,
        "weightedAverageShsOut": 8996000,
        "weightedAverageShsOutDil": 8996000,
        "link": "",
        "finalLink": ""
    },
    {
        "date": "1989-09-30",
        "symbol": "FRC",
        "reportedCurrency": "USD",
        "cik": "0001132979",
        "fillingDate": "1989-09-30",
        "acceptedDate": "1989-09-29 20:00:00",
        "calendarYear": "1989",
        "period": "Q3",
        "revenue": 200000,
        "costOfRevenue": 0,
        "grossProfit": 200000,
        "grossProfitRatio": 1,
        "researchAndDevelopmentExpenses": 0,
        "generalAndAdministrativeExpenses": 700000,
        "sellingAndMarketingExpenses": 300000,
        "sellingGeneralAndAdministrativeExpenses": 1000000,
        "otherExpenses": 9300000,
        "operatingExpenses": 10300000,
        "costAndExpenses": 10300000,
        "interestIncome": 12100000,
        "interestExpense": 10000000,
        "depreciationAndAmortization": 0,
        "ebitda": 10500000,
        "ebitdaratio": 52.5,
        "operatingIncome": 10500000,
        "operatingIncomeRatio": 52.5,
        "totalOtherIncomeExpensesNet": -10000000,
        "incomeBeforeTax": 500000,
        "incomeBeforeTaxRatio": 2.5,
        "incomeTaxExpense": 200000,
        "netIncome": 300000,
        "netIncomeRatio": 1.5,
        "eps": 0.0334,
        "epsdiluted": 0.0334,
        "weightedAverageShsOut": 8996000,
        "weightedAverageShsOutDil": 8996000,
        "link": "",
        "finalLink": ""
    },
    {
        "date": "1989-06-30",
        "symbol": "FRC",
        "reportedCurrency": "USD",
        "cik": "0001132979",
        "fillingDate": "1989-06-30",
        "acceptedDate": "1989-06-29 20:00:00",
        "calendarYear": "1989",
        "period": "Q2",
        "revenue": 0,
        "costOfRevenue": 0,
        "grossProfit": 0,
        "grossProfitRatio": 0,
        "researchAndDevelopmentExpenses": 0,
        "generalAndAdministrativeExpenses": 0,
        "sellingAndMarketingExpenses": 0,
        "sellingGeneralAndAdministrativeExpenses": 0,
        "otherExpenses": 300000,
        "operatingExpenses": 300000,
        "costAndExpenses": 300000,
        "interestIncome": 0,
        "interestExpense": 0,
        "depreciationAndAmortization": 0,
        "ebitda": 300000,
        "ebitdaratio": 0,
        "operatingIncome": 300000,
        "operatingIncomeRatio": 0,
        "totalOtherIncomeExpensesNet": 0,
        "incomeBeforeTax": 0,
        "incomeBeforeTaxRatio": 0,
        "incomeTaxExpense": -300000,
        "netIncome": 300000,
        "netIncomeRatio": 0,
        "eps": 0.04,
        "epsdiluted": 0.04,
        "weightedAverageShsOut": 7496000,
        "weightedAverageShsOutDil": 7496000,
        "link": "",
        "finalLink": ""
    },
    {
        "date": "1989-03-31",
        "symbol": "FRC",
        "reportedCurrency": "USD",
        "cik": "0001132979",
        "fillingDate": "1989-03-31",
        "acceptedDate": "1989-03-30 19:00:00",
        "calendarYear": "1989",
        "period": "Q1",
        "revenue": 0,
        "costOfRevenue": 0,
        "grossProfit": 0,
        "grossProfitRatio": 0,
        "researchAndDevelopmentExpenses": 0,
        "generalAndAdministrativeExpenses": 0,
        "sellingAndMarketingExpenses": 0,
        "sellingGeneralAndAdministrativeExpenses": 0,
        "otherExpenses": 200000,
        "operatingExpenses": 200000,
        "costAndExpenses": 200000,
        "interestIncome": 0,
        "interestExpense": 0,
        "depreciationAndAmortization": 0,
        "ebitda": 200000,
        "ebitdaratio": 0,
        "operatingIncome": 200000,
        "operatingIncomeRatio": 0,
        "totalOtherIncomeExpensesNet": 0,
        "incomeBeforeTax": 0,
        "incomeBeforeTaxRatio": 0,
        "incomeTaxExpense": -200000,
        "netIncome": 200000,
        "netIncomeRatio": 0,
        "eps": 0.0267,
        "epsdiluted": 0.0267,
        "weightedAverageShsOut": 7496000,
        "weightedAverageShsOutDil": 7496000,
        "link": "",
        "finalLink": ""
    },
    {
        "date": "1988-12-31",
        "symbol": "FRC",
        "reportedCurrency": "USD",
        "cik": "0001132979",
        "fillingDate": "1988-12-31",
        "acceptedDate": "1988-12-30 19:00:00",
        "calendarYear": "1988",
        "period": "Q4",
        "revenue": 0,
        "costOfRevenue": 0,
        "grossProfit": 0,
        "grossProfitRatio": 0,
        "researchAndDevelopmentExpenses": 0,
        "generalAndAdministrativeExpenses": 0,
        "sellingAndMarketingExpenses": 0,
        "sellingGeneralAndAdministrativeExpenses": 0,
        "otherExpenses": 400000,
        "operatingExpenses": 400000,
        "costAndExpenses": 400000,
        "interestIncome": 0,
        "interestExpense": 0,
        "depreciationAndAmortization": 0,
        "ebitda": 400000,
        "ebitdaratio": 0,
        "operatingIncome": 400000,
        "operatingIncomeRatio": 0,
        "totalOtherIncomeExpensesNet": 0,
        "incomeBeforeTax": 0,
        "incomeBeforeTaxRatio": 0,
        "incomeTaxExpense": -400000,
        "netIncome": 400000,
        "netIncomeRatio": 0,
        "eps": 0.08,
        "epsdiluted": 0.08,
        "weightedAverageShsOut": 4998000,
        "weightedAverageShsOutDil": 4998000,
        "link": "",
        "finalLink": ""
    },
    {
        "date": "1988-09-30",
        "symbol": "FRC",
        "reportedCurrency": "USD",
        "cik": "0001132979",
        "fillingDate": "1988-09-30",
        "acceptedDate": "1988-09-29 20:00:00",
        "calendarYear": "1988",
        "period": "Q3",
        "revenue": 0,
        "costOfRevenue": 0,
        "grossProfit": 0,
        "grossProfitRatio": 0,
        "researchAndDevelopmentExpenses": 0,
        "generalAndAdministrativeExpenses": 0,
        "sellingAndMarketingExpenses": 0,
        "sellingGeneralAndAdministrativeExpenses": 0,
        "otherExpenses": 100000,
        "operatingExpenses": 100000,
        "costAndExpenses": 100000,
        "interestIncome": 0,
        "interestExpense": 0,
        "depreciationAndAmortization": 0,
        "ebitda": 100000,
        "ebitdaratio": 0,
        "operatingIncome": 100000,
        "operatingIncomeRatio": 0,
        "totalOtherIncomeExpensesNet": 0,
        "incomeBeforeTax": 0,
        "incomeBeforeTaxRatio": 0,
        "incomeTaxExpense": -100000,
        "netIncome": 100000,
        "netIncomeRatio": 0,
        "eps": 0.02,
        "epsdiluted": 0.02,
        "weightedAverageShsOut": 4998000,
        "weightedAverageShsOutDil": 4998000,
        "link": "",
        "finalLink": ""
    },
    {
        "date": "1988-06-30",
        "symbol": "FRC",
        "reportedCurrency": "USD",
        "cik": "0001132979",
        "fillingDate": "1988-06-30",
        "acceptedDate": "1988-06-29 20:00:00",
        "calendarYear": "1988",
        "period": "Q2",
        "revenue": 0,
        "costOfRevenue": 0,
        "grossProfit": 0,
        "grossProfitRatio": 0,
        "researchAndDevelopmentExpenses": 0,
        "generalAndAdministrativeExpenses": 0,
        "sellingAndMarketingExpenses": 0,
        "sellingGeneralAndAdministrativeExpenses": 0,
        "otherExpenses": 300000,
        "operatingExpenses": 300000,
        "costAndExpenses": 300000,
        "interestIncome": 0,
        "interestExpense": 0,
        "depreciationAndAmortization": 0,
        "ebitda": 300000,
        "ebitdaratio": 0,
        "operatingIncome": 300000,
        "operatingIncomeRatio": 0,
        "totalOtherIncomeExpensesNet": 0,
        "incomeBeforeTax": 0,
        "incomeBeforeTaxRatio": 0,
        "incomeTaxExpense": -300000,
        "netIncome": 300000,
        "netIncomeRatio": 0,
        "eps": 0.04,
        "epsdiluted": 0.06,
        "weightedAverageShsOut": 4998000,
        "weightedAverageShsOutDil": 4998000,
        "link": "",
        "finalLink": ""
    },
    {
        "date": "1988-03-31",
        "symbol": "FRC",
        "reportedCurrency": "USD",
        "cik": "0001132979",
        "fillingDate": "1988-03-31",
        "acceptedDate": "1988-03-30 19:00:00",
        "calendarYear": "1988",
        "period": "Q1",
        "revenue": 0,
        "costOfRevenue": 0,
        "grossProfit": 0,
        "grossProfitRatio": 0,
        "researchAndDevelopmentExpenses": 0,
        "generalAndAdministrativeExpenses": 0,
        "sellingAndMarketingExpenses": 0,
        "sellingGeneralAndAdministrativeExpenses": 0,
        "otherExpenses": 100000,
        "operatingExpenses": 100000,
        "costAndExpenses": 100000,
        "interestIncome": 0,
        "interestExpense": 0,
        "depreciationAndAmortization": 0,
        "ebitda": 100000,
        "ebitdaratio": 0,
        "operatingIncome": 100000,
        "operatingIncomeRatio": 0,
        "totalOtherIncomeExpensesNet": 0,
        "incomeBeforeTax": 0,
        "incomeBeforeTaxRatio": 0,
        "incomeTaxExpense": -100000,
        "netIncome": 100000,
        "netIncomeRatio": 0,
        "eps": 0.02,
        "epsdiluted": 0.02,
        "weightedAverageShsOut": 4998000,
        "weightedAverageShsOutDil": 4998000,
        "link": "",
        "finalLink": ""
    },
    {
        "date": "1987-12-31",
        "symbol": "FRC",
        "reportedCurrency": "USD",
        "cik": "0001132979",
        "fillingDate": "1987-12-31",
        "acceptedDate": "1987-12-30 19:00:00",
        "calendarYear": "1987",
        "period": "Q4",
        "revenue": 0,
        "costOfRevenue": 0,
        "grossProfit": 0,
        "grossProfitRatio": 0,
        "researchAndDevelopmentExpenses": 0,
        "generalAndAdministrativeExpenses": 0,
        "sellingAndMarketingExpenses": 0,
        "sellingGeneralAndAdministrativeExpenses": 0,
        "otherExpenses": 200000,
        "operatingExpenses": 200000,
        "costAndExpenses": 200000,
        "interestIncome": 0,
        "interestExpense": 0,
        "depreciationAndAmortization": 0,
        "ebitda": 200000,
        "ebitdaratio": 0,
        "operatingIncome": 200000,
        "operatingIncomeRatio": 0,
        "totalOtherIncomeExpensesNet": 0,
        "incomeBeforeTax": 0,
        "incomeBeforeTaxRatio": 0,
        "incomeTaxExpense": -200000,
        "netIncome": 200000,
        "netIncomeRatio": 0,
        "eps": 0.0334,
        "epsdiluted": 0.0334,
        "weightedAverageShsOut": 5997000,
        "weightedAverageShsOutDil": 5997000,
        "link": "",
        "finalLink": ""
    },
    {
        "date": "1987-09-30",
        "symbol": "FRC",
        "reportedCurrency": "USD",
        "cik": "0001132979",
        "fillingDate": "1987-09-30",
        "acceptedDate": "1987-09-29 20:00:00",
        "calendarYear": "1987",
        "period": "Q3",
        "revenue": 0,
        "costOfRevenue": 0,
        "grossProfit": 0,
        "grossProfitRatio": 0,
        "researchAndDevelopmentExpenses": 0,
        "generalAndAdministrativeExpenses": 0,
        "sellingAndMarketingExpenses": 0,
        "sellingGeneralAndAdministrativeExpenses": 0,
        "otherExpenses": 200000,
        "operatingExpenses": 200000,
        "costAndExpenses": 200000,
        "interestIncome": 0,
        "interestExpense": 0,
        "depreciationAndAmortization": 0,
        "ebitda": 200000,
        "ebitdaratio": 0,
        "operatingIncome": 200000,
        "operatingIncomeRatio": 0,
        "totalOtherIncomeExpensesNet": 0,
        "incomeBeforeTax": 0,
        "incomeBeforeTaxRatio": 0,
        "incomeTaxExpense": -200000,
        "netIncome": 200000,
        "netIncomeRatio": 0,
        "eps": 0.0334,
        "epsdiluted": 0.0334,
        "weightedAverageShsOut": 5997000,
        "weightedAverageShsOutDil": 5997000,
        "link": "",
        "finalLink": ""
    },
    {
        "date": "1987-06-30",
        "symbol": "FRC",
        "reportedCurrency": "USD",
        "cik": "0001132979",
        "fillingDate": "1987-06-30",
        "acceptedDate": "1987-06-29 20:00:00",
        "calendarYear": "1987",
        "period": "Q2",
        "revenue": 0,
        "costOfRevenue": 0,
        "grossProfit": 0,
        "grossProfitRatio": 0,
        "researchAndDevelopmentExpenses": 0,
        "generalAndAdministrativeExpenses": 0,
        "sellingAndMarketingExpenses": 0,
        "sellingGeneralAndAdministrativeExpenses": 0,
        "otherExpenses": 200000,
        "operatingExpenses": 200000,
        "costAndExpenses": 200000,
        "interestIncome": 0,
        "interestExpense": 0,
        "depreciationAndAmortization": 0,
        "ebitda": 200000,
        "ebitdaratio": 0,
        "operatingIncome": 200000,
        "operatingIncomeRatio": 0,
        "totalOtherIncomeExpensesNet": 0,
        "incomeBeforeTax": 0,
        "incomeBeforeTaxRatio": 0,
        "incomeTaxExpense": -200000,
        "netIncome": 200000,
        "netIncomeRatio": 0,
        "eps": 0.0334,
        "epsdiluted": 0.0334,
        "weightedAverageShsOut": 5997000,
        "weightedAverageShsOutDil": 5997000,
        "link": "",
        "finalLink": ""
    },
    {
        "date": "1987-03-31",
        "symbol": "FRC",
        "reportedCurrency": "USD",
        "cik": "0001132979",
        "fillingDate": "1987-03-31",
        "acceptedDate": "1987-03-30 19:00:00",
        "calendarYear": "1987",
        "period": "Q1",
        "revenue": 0,
        "costOfRevenue": 0,
        "grossProfit": 0,
        "grossProfitRatio": 0,
        "researchAndDevelopmentExpenses": 0,
        "generalAndAdministrativeExpenses": 0,
        "sellingAndMarketingExpenses": 0,
        "sellingGeneralAndAdministrativeExpenses": 0,
        "otherExpenses": 100000,
        "operatingExpenses": 100000,
        "costAndExpenses": 100000,
        "interestIncome": 0,
        "interestExpense": 0,
        "depreciationAndAmortization": 0,
        "ebitda": 100000,
        "ebitdaratio": 0,
        "operatingIncome": 100000,
        "operatingIncomeRatio": 0,
        "totalOtherIncomeExpensesNet": 0,
        "incomeBeforeTax": 0,
        "incomeBeforeTaxRatio": 0,
        "incomeTaxExpense": -100000,
        "netIncome": 100000,
        "netIncomeRatio": 0,
        "eps": 0.02,
        "epsdiluted": 0.02,
        "weightedAverageShsOut": 4998000,
        "weightedAverageShsOutDil": 4998000,
        "link": "",
        "finalLink": ""
    },
    {
        "date": "1986-12-31",
        "symbol": "FRC",
        "reportedCurrency": "USD",
        "cik": "0001132979",
        "fillingDate": "1986-12-31",
        "acceptedDate": "1986-12-30 19:00:00",
        "calendarYear": "1986",
        "period": "Q4",
        "revenue": 0,
        "costOfRevenue": 0,
        "grossProfit": 0,
        "grossProfitRatio": 0,
        "researchAndDevelopmentExpenses": 0,
        "generalAndAdministrativeExpenses": 0,
        "sellingAndMarketingExpenses": 0,
        "sellingGeneralAndAdministrativeExpenses": 0,
        "otherExpenses": 200000,
        "operatingExpenses": 200000,
        "costAndExpenses": 200000,
        "interestIncome": 0,
        "interestExpense": 0,
        "depreciationAndAmortization": 0,
        "ebitda": 200000,
        "ebitdaratio": 0,
        "operatingIncome": 200000,
        "operatingIncomeRatio": 0,
        "totalOtherIncomeExpensesNet": 0,
        "incomeBeforeTax": 0,
        "incomeBeforeTaxRatio": 0,
        "incomeTaxExpense": -200000,
        "netIncome": 200000,
        "netIncomeRatio": 0,
        "eps": 0.0667,
        "epsdiluted": 0.0667,
        "weightedAverageShsOut": 2999000,
        "weightedAverageShsOutDil": 2999000,
        "link": "",
        "finalLink": ""
    },
    {
        "date": "1986-09-30",
        "symbol": "FRC",
        "reportedCurrency": "USD",
        "cik": "0001132979",
        "fillingDate": "1986-09-30",
        "acceptedDate": "1986-09-29 20:00:00",
        "calendarYear": "1986",
        "period": "Q3",
        "revenue": 0,
        "costOfRevenue": 0,
        "grossProfit": 0,
        "grossProfitRatio": 0,
        "researchAndDevelopmentExpenses": 0,
        "generalAndAdministrativeExpenses": 0,
        "sellingAndMarketingExpenses": 0,
        "sellingGeneralAndAdministrativeExpenses": 0,
        "otherExpenses": 100000,
        "operatingExpenses": 100000,
        "costAndExpenses": 100000,
        "interestIncome": 0,
        "interestExpense": 0,
        "depreciationAndAmortization": 0,
        "ebitda": 100000,
        "ebitdaratio": 0,
        "operatingIncome": 100000,
        "operatingIncomeRatio": 0,
        "totalOtherIncomeExpensesNet": 0,
        "incomeBeforeTax": 0,
        "incomeBeforeTaxRatio": 0,
        "incomeTaxExpense": -100000,
        "netIncome": 100000,
        "netIncomeRatio": 0,
        "eps": 0.0333,
        "epsdiluted": 0.0333,
        "weightedAverageShsOut": 2999000,
        "weightedAverageShsOutDil": 2999000,
        "link": "",
        "finalLink": ""
    },
    {
        "date": "1986-06-30",
        "symbol": "FRC",
        "reportedCurrency": "USD",
        "cik": "0001132979",
        "fillingDate": "1986-06-30",
        "acceptedDate": "1986-06-29 20:00:00",
        "calendarYear": "1986",
        "period": "Q2",
        "revenue": 0,
        "costOfRevenue": 0,
        "grossProfit": 0,
        "grossProfitRatio": 0,
        "researchAndDevelopmentExpenses": 0,
        "generalAndAdministrativeExpenses": 0,
        "sellingAndMarketingExpenses": 0,
        "sellingGeneralAndAdministrativeExpenses": 0,
        "otherExpenses": 100000,
        "operatingExpenses": 100000,
        "costAndExpenses": 100000,
        "interestIncome": 0,
        "interestExpense": 0,
        "depreciationAndAmortization": 0,
        "ebitda": 100000,
        "ebitdaratio": 0,
        "operatingIncome": 100000,
        "operatingIncomeRatio": 0,
        "totalOtherIncomeExpensesNet": 0,
        "incomeBeforeTax": 0,
        "incomeBeforeTaxRatio": 0,
        "incomeTaxExpense": -100000,
        "netIncome": 100000,
        "netIncomeRatio": 0,
        "eps": 0.0333,
        "epsdiluted": 0.0333,
        "weightedAverageShsOut": 2999000,
        "weightedAverageShsOutDil": 2999000,
        "link": "",
        "finalLink": ""
    },
    {
        "date": "1986-03-31",
        "symbol": "FRC",
        "reportedCurrency": "USD",
        "cik": "0001132979",
        "fillingDate": "1986-03-31",
        "acceptedDate": "1986-03-30 19:00:00",
        "calendarYear": "1986",
        "period": "Q1",
        "revenue": 0,
        "costOfRevenue": 0,
        "grossProfit": 0,
        "grossProfitRatio": 0,
        "researchAndDevelopmentExpenses": 0,
        "generalAndAdministrativeExpenses": 0,
        "sellingAndMarketingExpenses": 0,
        "sellingGeneralAndAdministrativeExpenses": 0,
        "otherExpenses": 100000,
        "operatingExpenses": 100000,
        "costAndExpenses": 100000,
        "interestIncome": 0,
        "interestExpense": 0,
        "depreciationAndAmortization": 0,
        "ebitda": 100000,
        "ebitdaratio": 0,
        "operatingIncome": 100000,
        "operatingIncomeRatio": 0,
        "totalOtherIncomeExpensesNet": 0,
        "incomeBeforeTax": 0,
        "incomeBeforeTaxRatio": 0,
        "incomeTaxExpense": -100000,
        "netIncome": 100000,
        "netIncomeRatio": 0,
        "eps": 0.0333,
        "epsdiluted": 0.0333,
        "weightedAverageShsOut": 2999000,
        "weightedAverageShsOutDil": 2999000,
        "link": "",
        "finalLink": ""
    }
]