[
    {
        "date": "2025-06-30",
        "symbol": "GF",
        "reportedCurrency": "USD",
        "cik": "0000858706",
        "fillingDate": "2025-06-30",
        "acceptedDate": "2025-06-30 00:00:00",
        "calendarYear": "2025",
        "period": "Q2",
        "revenue": 3291392,
        "costOfRevenue": 890951,
        "grossProfit": 3291392,
        "grossProfitRatio": 1,
        "researchAndDevelopmentExpenses": 0,
        "generalAndAdministrativeExpenses": 1176823,
        "sellingAndMarketingExpenses": 27857,
        "sellingGeneralAndAdministrativeExpenses": 1204680,
        "otherExpenses": 0,
        "operatingExpenses": 1204680,
        "costAndExpenses": 1204680,
        "interestIncome": 0,
        "interestExpense": 0,
        "depreciationAndAmortization": -2086712,
        "ebitda": 0,
        "ebitdaratio": 0,
        "operatingIncome": 2086712,
        "operatingIncomeRatio": 0.6339907249,
        "totalOtherIncomeExpensesNet": 62937596,
        "incomeBeforeTax": 65024308,
        "incomeBeforeTaxRatio": 19.7558686416,
        "incomeTaxExpense": 0,
        "netIncome": 65024308,
        "netIncomeRatio": 19.7558686416,
        "eps": 4.02,
        "epsdiluted": 4.02,
        "weightedAverageShsOut": 16179781,
        "weightedAverageShsOutDil": 16179780,
        "link": null,
        "finalLink": null
    },
    {
        "date": "2024-12-31",
        "symbol": "GF",
        "reportedCurrency": "USD",
        "cik": "0000858706",
        "fillingDate": "2024-12-31",
        "acceptedDate": "2024-12-30 19:00:00",
        "calendarYear": "2024",
        "period": "Q4",
        "revenue": -3685894,
        "costOfRevenue": 802592,
        "grossProfit": -4488486,
        "grossProfitRatio": 1.2177469021,
        "researchAndDevelopmentExpenses": 0,
        "generalAndAdministrativeExpenses": 1036524,
        "sellingAndMarketingExpenses": 44031,
        "sellingGeneralAndAdministrativeExpenses": 2028983,
        "otherExpenses": 0,
        "operatingExpenses": 2028983,
        "costAndExpenses": 2831575,
        "interestIncome": 0,
        "interestExpense": 0,
        "depreciationAndAmortization": 890512,
        "ebitda": -6517469,
        "ebitdaratio": 1.7682193248,
        "operatingIncome": -6517469,
        "operatingIncomeRatio": 1.7682193248,
        "totalOtherIncomeExpensesNet": -19094,
        "incomeBeforeTax": -6536563,
        "incomeBeforeTaxRatio": 1.7733996149,
        "incomeTaxExpense": 0,
        "netIncome": -6536563,
        "netIncomeRatio": 1.7733996149,
        "eps": -0.4,
        "epsdiluted": -0.4,
        "weightedAverageShsOut": 16179780,
        "weightedAverageShsOutDil": 16179780,
        "link": null,
        "finalLink": null
    },
    {
        "date": "2024-06-30",
        "symbol": "GF",
        "reportedCurrency": "USD",
        "cik": "0000858706",
        "fillingDate": "2024-06-30",
        "acceptedDate": "2024-06-30 00:00:00",
        "calendarYear": "2024",
        "period": "Q2",
        "revenue": 3053614,
        "costOfRevenue": 843430,
        "grossProfit": 3053613,
        "grossProfitRatio": 0.9999996725,
        "researchAndDevelopmentExpenses": 0,
        "generalAndAdministrativeExpenses": 1157062,
        "sellingAndMarketingExpenses": 26338,
        "sellingGeneralAndAdministrativeExpenses": 1183400,
        "otherExpenses": 0,
        "operatingExpenses": 1183400,
        "costAndExpenses": 1183399,
        "interestIncome": 0,
        "interestExpense": 0,
        "depreciationAndAmortization": -1870214,
        "ebitda": -13687216,
        "ebitdaratio": -4.4823006444,
        "operatingIncome": 1870214,
        "operatingIncomeRatio": 0.6124592041,
        "totalOtherIncomeExpensesNet": -29221464,
        "incomeBeforeTax": -27351250,
        "incomeBeforeTaxRatio": -8.9570096286,
        "incomeTaxExpense": -13675624,
        "netIncome": -13675626,
        "netIncomeRatio": -4.4785051418,
        "eps": -0.84,
        "epsdiluted": -0.84,
        "weightedAverageShsOut": 16301290,
        "weightedAverageShsOutDil": 16301279,
        "link": null,
        "finalLink": null
    },
    {
        "date": "2023-12-31",
        "symbol": "GF",
        "reportedCurrency": "USD",
        "cik": "0000858706",
        "fillingDate": "2023-12-31",
        "acceptedDate": "2023-12-30 19:00:00",
        "calendarYear": "2023",
        "period": "Q4",
        "revenue": 137968,
        "costOfRevenue": 862376,
        "grossProfit": 137968,
        "grossProfitRatio": 1,
        "researchAndDevelopmentExpenses": 0,
        "generalAndAdministrativeExpenses": 1136910,
        "sellingAndMarketingExpenses": 51374,
        "sellingGeneralAndAdministrativeExpenses": 1188284,
        "otherExpenses": 0,
        "operatingExpenses": 1188284,
        "costAndExpenses": 1188284,
        "interestIncome": 0,
        "interestExpense": 0,
        "depreciationAndAmortization": 1050316,
        "ebitda": 0,
        "ebitdaratio": 0,
        "operatingIncome": -1050316,
        "operatingIncomeRatio": -7.6127507828,
        "totalOtherIncomeExpensesNet": 2831408,
        "incomeBeforeTax": 1781092,
        "incomeBeforeTaxRatio": 12.9094572655,
        "incomeTaxExpense": 0,
        "netIncome": 1781092,
        "netIncomeRatio": 12.9094572655,
        "eps": 0.09,
        "epsdiluted": 0.09,
        "weightedAverageShsOut": 33547908,
        "weightedAverageShsOutDil": 33547558,
        "link": null,
        "finalLink": null
    },
    {
        "date": "2023-06-30",
        "symbol": "GF",
        "reportedCurrency": "USD",
        "cik": "0000858706",
        "fillingDate": "2023-06-30",
        "acceptedDate": "2023-06-30 00:00:00",
        "calendarYear": "2023",
        "period": "Q2",
        "revenue": 3437082,
        "costOfRevenue": 0,
        "grossProfit": 3437082,
        "grossProfitRatio": 1,
        "researchAndDevelopmentExpenses": 0,
        "generalAndAdministrativeExpenses": 1232280,
        "sellingAndMarketingExpenses": 9566,
        "sellingGeneralAndAdministrativeExpenses": 1241846,
        "otherExpenses": 0,
        "operatingExpenses": 18812190,
        "costAndExpenses": 18812190,
        "interestIncome": 0,
        "interestExpense": 0,
        "depreciationAndAmortization": -2195236,
        "ebitda": 0,
        "ebitdaratio": 0,
        "operatingIncome": 2195236,
        "operatingIncomeRatio": 0.638691774,
        "totalOtherIncomeExpensesNet": 20054036,
        "incomeBeforeTax": 22249272,
        "incomeBeforeTaxRatio": 6.4733026445,
        "incomeTaxExpense": 0,
        "netIncome": 22249272,
        "netIncomeRatio": 6.4733026445,
        "eps": 1.3,
        "epsdiluted": 1.3,
        "weightedAverageShsOut": 34208596,
        "weightedAverageShsOutDil": 34208596,
        "link": null,
        "finalLink": null
    },
    {
        "date": "2022-12-31",
        "symbol": "GF",
        "reportedCurrency": "USD",
        "cik": "0000858706",
        "fillingDate": "2022-12-31",
        "acceptedDate": "2022-12-31 00:00:00",
        "calendarYear": "2022",
        "period": "Q4",
        "revenue": 343146,
        "costOfRevenue": 0,
        "grossProfit": 343146,
        "grossProfitRatio": 1,
        "researchAndDevelopmentExpenses": 0,
        "generalAndAdministrativeExpenses": 1198130,
        "sellingAndMarketingExpenses": 20622,
        "sellingGeneralAndAdministrativeExpenses": 1218752,
        "otherExpenses": 0,
        "operatingExpenses": 2221318,
        "costAndExpenses": 2221318,
        "interestIncome": 0,
        "interestExpense": 0,
        "depreciationAndAmortization": 875606,
        "ebitda": 0,
        "ebitdaratio": 0,
        "operatingIncome": -875606,
        "operatingIncomeRatio": -2.5517010252,
        "totalOtherIncomeExpensesNet": -1002566,
        "incomeBeforeTax": -1878172,
        "incomeBeforeTaxRatio": -5.4733903353,
        "incomeTaxExpense": 0,
        "netIncome": -1878172,
        "netIncomeRatio": -5.4733903353,
        "eps": -0.108,
        "epsdiluted": -0.108,
        "weightedAverageShsOut": 34783538,
        "weightedAverageShsOutDil": 34782960,
        "link": null,
        "finalLink": null
    },
    {
        "date": "2022-06-30",
        "symbol": "GF",
        "reportedCurrency": "USD",
        "cik": "0000858706",
        "fillingDate": "2022-06-30",
        "acceptedDate": "2022-06-30 00:00:00",
        "calendarYear": "2022",
        "period": "Q2",
        "revenue": 3166218,
        "costOfRevenue": 0,
        "grossProfit": 3166218,
        "grossProfitRatio": 1,
        "researchAndDevelopmentExpenses": 0,
        "generalAndAdministrativeExpenses": 1366170,
        "sellingAndMarketingExpenses": 22198,
        "sellingGeneralAndAdministrativeExpenses": 1388368,
        "otherExpenses": 0,
        "operatingExpenses": 107651064,
        "costAndExpenses": 107651064,
        "interestIncome": 0,
        "interestExpense": 0,
        "depreciationAndAmortization": -1777850,
        "ebitda": 0,
        "ebitdaratio": 0,
        "operatingIncome": 1777850,
        "operatingIncomeRatio": 0.5615058723,
        "totalOtherIncomeExpensesNet": -106262696,
        "incomeBeforeTax": -104484846,
        "incomeBeforeTaxRatio": -32.9998900897,
        "incomeTaxExpense": 0,
        "netIncome": -104484846,
        "netIncomeRatio": -32.9998900897,
        "eps": -5.94,
        "epsdiluted": -5.94,
        "weightedAverageShsOut": 35135564,
        "weightedAverageShsOutDil": 35135560,
        "link": null,
        "finalLink": null
    },
    {
        "date": "2021-12-31",
        "symbol": "GF",
        "reportedCurrency": "USD",
        "cik": "0000858706",
        "fillingDate": "2021-12-31",
        "acceptedDate": "2021-12-31 00:00:00",
        "calendarYear": "2021",
        "period": "Q4",
        "revenue": 1078894,
        "costOfRevenue": 0,
        "grossProfit": 1078894,
        "grossProfitRatio": 1,
        "researchAndDevelopmentExpenses": 0,
        "generalAndAdministrativeExpenses": 2003546,
        "sellingAndMarketingExpenses": 31494,
        "sellingGeneralAndAdministrativeExpenses": 2035040,
        "otherExpenses": 0,
        "operatingExpenses": 21288414,
        "costAndExpenses": 21288414,
        "interestIncome": 0,
        "interestExpense": 0,
        "depreciationAndAmortization": 956150,
        "ebitda": 0,
        "ebitdaratio": 0,
        "operatingIncome": -956150,
        "operatingIncomeRatio": -0.8862316409,
        "totalOtherIncomeExpensesNet": -19253372,
        "incomeBeforeTax": -20209522,
        "incomeBeforeTaxRatio": -18.7317030218,
        "incomeTaxExpense": 0,
        "netIncome": -20209522,
        "netIncomeRatio": -18.7317030218,
        "eps": -1.3,
        "epsdiluted": -1.3,
        "weightedAverageShsOut": 31061322,
        "weightedAverageShsOutDil": 31061310,
        "link": null,
        "finalLink": null
    },
    {
        "date": "2021-06-30",
        "symbol": "GF",
        "reportedCurrency": "USD",
        "cik": "0000858706",
        "fillingDate": "2021-06-30",
        "acceptedDate": "2021-06-30 00:00:00",
        "calendarYear": "2021",
        "period": "Q2",
        "revenue": 2292486,
        "costOfRevenue": 0,
        "grossProfit": 2292486,
        "grossProfitRatio": 1,
        "researchAndDevelopmentExpenses": 0,
        "generalAndAdministrativeExpenses": 1871180,
        "sellingAndMarketingExpenses": 23780,
        "sellingGeneralAndAdministrativeExpenses": 1894960,
        "otherExpenses": 0,
        "operatingExpenses": 27107088,
        "costAndExpenses": 27107088,
        "interestIncome": 0,
        "interestExpense": 0,
        "depreciationAndAmortization": -397528,
        "ebitda": 0,
        "ebitdaratio": 0,
        "operatingIncome": 397528,
        "operatingIncomeRatio": 0.1734047667,
        "totalOtherIncomeExpensesNet": 29002048,
        "incomeBeforeTax": 29399574,
        "incomeBeforeTaxRatio": 12.824319974,
        "incomeTaxExpense": 0,
        "netIncome": 29399574,
        "netIncomeRatio": 12.824319974,
        "eps": 1.86,
        "epsdiluted": 1.86,
        "weightedAverageShsOut": 31501512,
        "weightedAverageShsOutDil": 31501510,
        "link": null,
        "finalLink": null
    },
    {
        "date": "2020-12-31",
        "symbol": "GF",
        "reportedCurrency": "USD",
        "cik": "0000858706",
        "fillingDate": "2020-12-31",
        "acceptedDate": "2020-12-31 00:00:00",
        "calendarYear": "2020",
        "period": "Q4",
        "revenue": 1219448,
        "costOfRevenue": 0,
        "grossProfit": 1219448,
        "grossProfitRatio": 1,
        "researchAndDevelopmentExpenses": 0,
        "generalAndAdministrativeExpenses": 1725020,
        "sellingAndMarketingExpenses": 21546,
        "sellingGeneralAndAdministrativeExpenses": 1746566,
        "otherExpenses": 0,
        "operatingExpenses": 93142774,
        "costAndExpenses": 93142774,
        "interestIncome": 0,
        "interestExpense": 0,
        "depreciationAndAmortization": 527120,
        "ebitda": 0,
        "ebitdaratio": 0,
        "operatingIncome": -527120,
        "operatingIncomeRatio": -0.4322611542,
        "totalOtherIncomeExpensesNet": 94889340,
        "incomeBeforeTax": 94362222,
        "incomeBeforeTaxRatio": 77.3810953809,
        "incomeTaxExpense": 0,
        "netIncome": 94362222,
        "netIncomeRatio": 77.3810953809,
        "eps": 6.12,
        "epsdiluted": 6.12,
        "weightedAverageShsOut": 30878438,
        "weightedAverageShsOutDil": 30878430,
        "link": null,
        "finalLink": null
    },
    {
        "date": "2020-06-30",
        "symbol": "GF",
        "reportedCurrency": "USD",
        "cik": "0000858706",
        "fillingDate": "2020-06-30",
        "acceptedDate": "2020-06-30 00:00:00",
        "calendarYear": "2020",
        "period": "Q2",
        "revenue": 1554456,
        "costOfRevenue": 0,
        "grossProfit": 1554456,
        "grossProfitRatio": 1,
        "researchAndDevelopmentExpenses": 0,
        "generalAndAdministrativeExpenses": 1438760,
        "sellingAndMarketingExpenses": 13336,
        "sellingGeneralAndAdministrativeExpenses": 1452096,
        "otherExpenses": 0,
        "operatingExpenses": 1577026,
        "costAndExpenses": 1577026,
        "interestIncome": 0,
        "interestExpense": 0,
        "depreciationAndAmortization": -102362,
        "ebitda": 0,
        "ebitdaratio": 0,
        "operatingIncome": 102362,
        "operatingIncomeRatio": 0.0658506899,
        "totalOtherIncomeExpensesNet": 3029122,
        "incomeBeforeTax": 3131482,
        "incomeBeforeTaxRatio": 2.014519549,
        "incomeTaxExpense": 0,
        "netIncome": 3131482,
        "netIncomeRatio": 2.014519549,
        "eps": 0.199,
        "epsdiluted": 0.199,
        "weightedAverageShsOut": 31458268,
        "weightedAverageShsOutDil": 31458056,
        "link": null,
        "finalLink": null
    },
    {
        "date": "2019-12-31",
        "symbol": "GF",
        "reportedCurrency": "USD",
        "cik": "0000858706",
        "fillingDate": "2019-12-31",
        "acceptedDate": "2019-12-31 00:00:00",
        "calendarYear": "2019",
        "period": "Q4",
        "revenue": 5095189,
        "costOfRevenue": 1232002,
        "grossProfit": 3863187,
        "grossProfitRatio": 0.7582028851,
        "researchAndDevelopmentExpenses": 0,
        "generalAndAdministrativeExpenses": 715042,
        "sellingAndMarketingExpenses": 13807,
        "sellingGeneralAndAdministrativeExpenses": 728849,
        "otherExpenses": 6.066068599221737,
        "operatingExpenses": 15134449,
        "costAndExpenses": 30895250,
        "interestIncome": 0,
        "interestExpense": 0,
        "depreciationAndAmortization": 30907766,
        "ebitda": 30895248,
        "ebitdaratio": 6.0636117718,
        "operatingIncome": 30907766,
        "operatingIncomeRatio": 6.0660685992,
        "totalOtherIncomeExpensesNet": 15863298,
        "incomeBeforeTax": 1.94,
        "incomeBeforeTaxRatio": 3.808e-07,
        "incomeTaxExpense": 1.94,
        "netIncome": 15931838,
        "netIncomeRatio": 3.1268394558,
        "eps": 1,
        "epsdiluted": 1,
        "weightedAverageShsOut": 15870108,
        "weightedAverageShsOutDil": 15870103,
        "link": null,
        "finalLink": null
    },
    {
        "date": "2019-06-30",
        "symbol": "GF",
        "reportedCurrency": "USD",
        "cik": "0000858706",
        "fillingDate": "2019-06-30",
        "acceptedDate": "2019-06-30 00:00:00",
        "calendarYear": "2019",
        "period": "Q2",
        "revenue": 6501258,
        "costOfRevenue": 1201600,
        "grossProfit": 5299658,
        "grossProfitRatio": 0.8151742324,
        "researchAndDevelopmentExpenses": 0,
        "generalAndAdministrativeExpenses": 753408,
        "sellingAndMarketingExpenses": 8415,
        "sellingGeneralAndAdministrativeExpenses": 761823,
        "otherExpenses": 42755435,
        "operatingExpenses": -42755435,
        "costAndExpenses": -41553834,
        "interestIncome": 0,
        "interestExpense": 0,
        "depreciationAndAmortization": -1524665,
        "ebitda": 48055090,
        "ebitdaratio": 7.3916601987,
        "operatingIncome": 48055090,
        "operatingIncomeRatio": 7.3916601987,
        "totalOtherIncomeExpensesNet": -20466,
        "incomeBeforeTax": 48034626,
        "incomeBeforeTaxRatio": 7.3885125002,
        "incomeTaxExpense": 0,
        "netIncome": 48034626,
        "netIncomeRatio": 7.3885125002,
        "eps": 3.05,
        "epsdiluted": 3.05,
        "weightedAverageShsOut": 15749057,
        "weightedAverageShsOutDil": 15749057,
        "link": null,
        "finalLink": null
    },
    {
        "date": "2018-12-31",
        "symbol": "GF",
        "reportedCurrency": "USD",
        "cik": "0000858706",
        "fillingDate": "2018-12-31",
        "acceptedDate": "2018-12-31 00:00:00",
        "calendarYear": "2018",
        "period": "Q4",
        "revenue": 446498,
        "costOfRevenue": 0,
        "grossProfit": 446498,
        "grossProfitRatio": 1,
        "researchAndDevelopmentExpenses": 0,
        "generalAndAdministrativeExpenses": 1853306,
        "sellingAndMarketingExpenses": 24276,
        "sellingGeneralAndAdministrativeExpenses": 1877582,
        "otherExpenses": 0,
        "operatingExpenses": 64611226,
        "costAndExpenses": 64611226,
        "interestIncome": 0,
        "interestExpense": 0,
        "depreciationAndAmortization": 1431082,
        "ebitda": -128199062,
        "ebitdaratio": -287.1212457839,
        "operatingIncome": -1431082,
        "operatingIncomeRatio": -3.2051252189,
        "totalOtherIncomeExpensesNet": -126898374,
        "incomeBeforeTax": -64164728,
        "incomeBeforeTaxRatio": -143.7066414631,
        "incomeTaxExpense": -62733646,
        "netIncome": -64164728,
        "netIncomeRatio": -143.7066414631,
        "eps": -4.12,
        "epsdiluted": -4.12,
        "weightedAverageShsOut": 15560614,
        "weightedAverageShsOutDil": 15560615,
        "link": null,
        "finalLink": null
    },
    {
        "date": "2018-06-30",
        "symbol": "GF",
        "reportedCurrency": "USD",
        "cik": "0000858706",
        "fillingDate": "2018-06-30",
        "acceptedDate": "2018-06-30 00:00:00",
        "calendarYear": "2018",
        "period": "Q2",
        "revenue": 5060030,
        "costOfRevenue": 0,
        "grossProfit": 5060030,
        "grossProfitRatio": 1,
        "researchAndDevelopmentExpenses": 0,
        "generalAndAdministrativeExpenses": 1896748,
        "sellingAndMarketingExpenses": 23884,
        "sellingGeneralAndAdministrativeExpenses": 1920632,
        "otherExpenses": 0,
        "operatingExpenses": 9061920,
        "costAndExpenses": 9061920,
        "interestIncome": 0,
        "interestExpense": 0,
        "depreciationAndAmortization": -3139398,
        "ebitda": 0,
        "ebitdaratio": 0,
        "operatingIncome": 3139398,
        "operatingIncomeRatio": 0.6204307089,
        "totalOtherIncomeExpensesNet": -4001888,
        "incomeBeforeTax": -4001890,
        "incomeBeforeTaxRatio": -0.7908826628,
        "incomeTaxExpense": -7141288,
        "netIncome": -4001890,
        "netIncomeRatio": -0.7908826628,
        "eps": -0.26,
        "epsdiluted": -0.26,
        "weightedAverageShsOut": 15951014,
        "weightedAverageShsOutDil": 15951029,
        "link": null,
        "finalLink": null
    },
    {
        "date": "2017-12-31",
        "symbol": "GF",
        "reportedCurrency": "USD",
        "cik": "0000858706",
        "fillingDate": "2017-12-31",
        "acceptedDate": "2017-12-30 19:00:00",
        "calendarYear": "2017",
        "period": "Q4",
        "revenue": 6872928,
        "costOfRevenue": 0,
        "grossProfit": 6872928,
        "grossProfitRatio": 1,
        "researchAndDevelopmentExpenses": 0,
        "generalAndAdministrativeExpenses": 1834282,
        "sellingAndMarketingExpenses": 26040,
        "sellingGeneralAndAdministrativeExpenses": 1860322,
        "otherExpenses": 0,
        "operatingExpenses": 53387772,
        "costAndExpenses": 53387772,
        "interestIncome": 0,
        "interestExpense": 0,
        "depreciationAndAmortization": -5012606,
        "ebitda": 0,
        "ebitdaratio": 0,
        "operatingIncome": 5012606,
        "operatingIncomeRatio": 0.7293261329,
        "totalOtherIncomeExpensesNet": 55248094,
        "incomeBeforeTax": 60260700,
        "incomeBeforeTaxRatio": 8.7678351934,
        "incomeTaxExpense": 0,
        "netIncome": 60260700,
        "netIncomeRatio": 8.7678351934,
        "eps": 3.82,
        "epsdiluted": 3.82,
        "weightedAverageShsOut": 15803390,
        "weightedAverageShsOutDil": 15803388,
        "link": null,
        "finalLink": null
    },
    {
        "date": "2017-06-30",
        "symbol": "GF",
        "reportedCurrency": "USD",
        "cik": "0000858706",
        "fillingDate": "2017-06-30",
        "acceptedDate": "2017-06-30 00:00:00",
        "calendarYear": "2017",
        "period": "Q2",
        "revenue": 4541284,
        "costOfRevenue": 0,
        "grossProfit": 4541284,
        "grossProfitRatio": 1,
        "researchAndDevelopmentExpenses": 0,
        "generalAndAdministrativeExpenses": 1541770,
        "sellingAndMarketingExpenses": 25702,
        "sellingGeneralAndAdministrativeExpenses": 1567472,
        "otherExpenses": 0,
        "operatingExpenses": 50604646,
        "costAndExpenses": 50604646,
        "interestIncome": 0,
        "interestExpense": 0,
        "depreciationAndAmortization": -2973812,
        "ebitda": 0,
        "ebitdaratio": 0,
        "operatingIncome": 2973812,
        "operatingIncomeRatio": 0.6548394683,
        "totalOtherIncomeExpensesNet": 52172118,
        "incomeBeforeTax": 55145930,
        "incomeBeforeTaxRatio": 12.1432462713,
        "incomeTaxExpense": 0,
        "netIncome": 55145930,
        "netIncomeRatio": 12.1432462713,
        "eps": 3.46,
        "epsdiluted": 3.46,
        "weightedAverageShsOut": 15911889,
        "weightedAverageShsOutDil": 15911888,
        "link": null,
        "finalLink": null
    },
    {
        "date": "2016-12-31",
        "symbol": "GF",
        "reportedCurrency": "USD",
        "cik": "0000858706",
        "fillingDate": "2016-12-31",
        "acceptedDate": "2016-12-30 19:00:00",
        "calendarYear": "2016",
        "period": "Q4",
        "revenue": 549666,
        "costOfRevenue": 0,
        "grossProfit": 549666,
        "grossProfitRatio": 1,
        "researchAndDevelopmentExpenses": 0,
        "generalAndAdministrativeExpenses": 1482132,
        "sellingAndMarketingExpenses": 24684,
        "sellingGeneralAndAdministrativeExpenses": 1506816,
        "otherExpenses": 0,
        "operatingExpenses": 16212544,
        "costAndExpenses": 16212544,
        "interestIncome": 0,
        "interestExpense": 0,
        "depreciationAndAmortization": 957150,
        "ebitda": 0,
        "ebitdaratio": 0,
        "operatingIncome": -957150,
        "operatingIncomeRatio": -1.7413301896,
        "totalOtherIncomeExpensesNet": 17719360,
        "incomeBeforeTax": 16762210,
        "incomeBeforeTaxRatio": 30.4952643969,
        "incomeTaxExpense": 0,
        "netIncome": 16762210,
        "netIncomeRatio": 30.4952643969,
        "eps": 1.06,
        "epsdiluted": 1.06,
        "weightedAverageShsOut": 15750729,
        "weightedAverageShsOutDil": 15750714,
        "link": null,
        "finalLink": null
    },
    {
        "date": "2016-06-30",
        "symbol": "GF",
        "reportedCurrency": "USD",
        "cik": "0000858706",
        "fillingDate": "2016-06-30",
        "acceptedDate": "2016-06-30 00:00:00",
        "calendarYear": "2016",
        "period": "Q2",
        "revenue": 4309272,
        "costOfRevenue": 0,
        "grossProfit": 4309272,
        "grossProfitRatio": 1,
        "researchAndDevelopmentExpenses": 0,
        "generalAndAdministrativeExpenses": 1455684,
        "sellingAndMarketingExpenses": 26940,
        "sellingGeneralAndAdministrativeExpenses": 1482624,
        "otherExpenses": 0,
        "operatingExpenses": 21735084,
        "costAndExpenses": 21735084,
        "interestIncome": 0,
        "interestExpense": 0,
        "depreciationAndAmortization": -2826648,
        "ebitda": 0,
        "ebitdaratio": 0,
        "operatingIncome": 2826648,
        "operatingIncomeRatio": 0.6559455982,
        "totalOtherIncomeExpensesNet": -20252460,
        "incomeBeforeTax": -17425812,
        "incomeBeforeTaxRatio": -4.0437948684,
        "incomeTaxExpense": 0,
        "netIncome": -17425812,
        "netIncomeRatio": -4.0437948684,
        "eps": -1.1,
        "epsdiluted": -1.1,
        "weightedAverageShsOut": 15977426,
        "weightedAverageShsOutDil": 15977423,
        "link": null,
        "finalLink": null
    },
    {
        "date": "2015-12-31",
        "symbol": "GF",
        "reportedCurrency": "USD",
        "cik": "0000858706",
        "fillingDate": "2015-12-31",
        "acceptedDate": "2015-12-30 19:00:00",
        "calendarYear": "2015",
        "period": "Q4",
        "revenue": 217838,
        "costOfRevenue": 0,
        "grossProfit": 217838,
        "grossProfitRatio": 1,
        "researchAndDevelopmentExpenses": 0,
        "generalAndAdministrativeExpenses": 1530048,
        "sellingAndMarketingExpenses": 29176,
        "sellingGeneralAndAdministrativeExpenses": 1559224,
        "otherExpenses": 0,
        "operatingExpenses": 10293326,
        "costAndExpenses": 10293326,
        "interestIncome": 0,
        "interestExpense": 0,
        "depreciationAndAmortization": 1341386,
        "ebitda": 0,
        "ebitdaratio": 0,
        "operatingIncome": -1341386,
        "operatingIncomeRatio": -6.1577227114,
        "totalOtherIncomeExpensesNet": 11852552,
        "incomeBeforeTax": 10511166,
        "incomeBeforeTaxRatio": 48.2522149487,
        "incomeTaxExpense": 0,
        "netIncome": 10511166,
        "netIncomeRatio": 48.2522149487,
        "eps": 0.66,
        "epsdiluted": 0.66,
        "weightedAverageShsOut": 15923017,
        "weightedAverageShsOutDil": 15922987,
        "link": null,
        "finalLink": null
    },
    {
        "date": "2015-06-30",
        "symbol": "GF",
        "reportedCurrency": "USD",
        "cik": "0000858706",
        "fillingDate": "2015-06-30",
        "acceptedDate": "2015-06-30 00:00:00",
        "calendarYear": "2015",
        "period": "Q2",
        "revenue": 4937010,
        "costOfRevenue": 0,
        "grossProfit": 4937010,
        "grossProfitRatio": 1,
        "researchAndDevelopmentExpenses": 0,
        "generalAndAdministrativeExpenses": 1500136,
        "sellingAndMarketingExpenses": 23874,
        "sellingGeneralAndAdministrativeExpenses": 1524010,
        "otherExpenses": 0,
        "operatingExpenses": 19177478,
        "costAndExpenses": 19177478,
        "interestIncome": 0,
        "interestExpense": 0,
        "depreciationAndAmortization": -3413000,
        "ebitda": 0,
        "ebitdaratio": 0,
        "operatingIncome": 3413000,
        "operatingIncomeRatio": 0.6913091122,
        "totalOtherIncomeExpensesNet": 20701488,
        "incomeBeforeTax": 24114488,
        "incomeBeforeTaxRatio": 4.8844316702,
        "incomeTaxExpense": 0,
        "netIncome": 24114488,
        "netIncomeRatio": 4.8844316702,
        "eps": 1.5,
        "epsdiluted": 1.5,
        "weightedAverageShsOut": 16110802,
        "weightedAverageShsOutDil": 16110795,
        "link": null,
        "finalLink": null
    },
    {
        "date": "2014-12-31",
        "symbol": "GF",
        "reportedCurrency": "USD",
        "cik": "0000858706",
        "fillingDate": "2014-12-31",
        "acceptedDate": "2014-12-30 19:00:00",
        "calendarYear": "2014",
        "period": "Q4",
        "revenue": 274728,
        "costOfRevenue": 0,
        "grossProfit": 274728,
        "grossProfitRatio": 1,
        "researchAndDevelopmentExpenses": 0,
        "generalAndAdministrativeExpenses": 1698072,
        "sellingAndMarketingExpenses": 16066,
        "sellingGeneralAndAdministrativeExpenses": 1714138,
        "otherExpenses": 0,
        "operatingExpenses": 32805818,
        "costAndExpenses": 32805818,
        "interestIncome": 0,
        "interestExpense": 0,
        "depreciationAndAmortization": 1439410,
        "ebitda": 0,
        "ebitdaratio": 0,
        "operatingIncome": -1439410,
        "operatingIncomeRatio": -5.2394004251,
        "totalOtherIncomeExpensesNet": -31091680,
        "incomeBeforeTax": -32531090,
        "incomeBeforeTaxRatio": -118.411992953,
        "incomeTaxExpense": 0,
        "netIncome": -32531090,
        "netIncomeRatio": -118.411992953,
        "eps": -2.18,
        "epsdiluted": -2.18,
        "weightedAverageShsOut": 14908881,
        "weightedAverageShsOutDil": 14908875,
        "link": null,
        "finalLink": null
    },
    {
        "date": "2014-06-30",
        "symbol": "GF",
        "reportedCurrency": "USD",
        "cik": "0000858706",
        "fillingDate": "2014-06-30",
        "acceptedDate": "2014-06-30 00:00:00",
        "calendarYear": "2014",
        "period": "Q2",
        "revenue": 6475952,
        "costOfRevenue": 0,
        "grossProfit": 6475952,
        "grossProfitRatio": 1,
        "researchAndDevelopmentExpenses": 0,
        "generalAndAdministrativeExpenses": 1776570,
        "sellingAndMarketingExpenses": 11326,
        "sellingGeneralAndAdministrativeExpenses": 1787896,
        "otherExpenses": 0,
        "operatingExpenses": 2169578,
        "costAndExpenses": 2169578,
        "interestIncome": 0,
        "interestExpense": 0,
        "depreciationAndAmortization": -4688056,
        "ebitda": 0,
        "ebitdaratio": 0,
        "operatingIncome": 4688056,
        "operatingIncomeRatio": 0.7239176572,
        "totalOtherIncomeExpensesNet": 3957476,
        "incomeBeforeTax": 8645532,
        "incomeBeforeTaxRatio": 1.3350210131,
        "incomeTaxExpense": 0,
        "netIncome": 8645532,
        "netIncomeRatio": 1.3350210131,
        "eps": 0.56,
        "epsdiluted": 0.56,
        "weightedAverageShsOut": 15349205,
        "weightedAverageShsOutDil": 15349160,
        "link": null,
        "finalLink": null
    },
    {
        "date": "2013-12-31",
        "symbol": "GF",
        "reportedCurrency": "USD",
        "cik": "0000858706",
        "fillingDate": "2013-12-31",
        "acceptedDate": "2013-12-30 19:00:00",
        "calendarYear": "2013",
        "period": "Q4",
        "revenue": 1261800,
        "costOfRevenue": 0,
        "grossProfit": 1261800,
        "grossProfitRatio": 1,
        "researchAndDevelopmentExpenses": 0,
        "generalAndAdministrativeExpenses": 1948388,
        "sellingAndMarketingExpenses": 40140,
        "sellingGeneralAndAdministrativeExpenses": 1988528,
        "otherExpenses": 0,
        "operatingExpenses": 91264432,
        "costAndExpenses": 91264432,
        "interestIncome": 0,
        "interestExpense": 0,
        "depreciationAndAmortization": 726730,
        "ebitda": 0,
        "ebitdaratio": 0,
        "operatingIncome": -726730,
        "operatingIncomeRatio": -0.5759470598,
        "totalOtherIncomeExpensesNet": 93252960,
        "incomeBeforeTax": 92526232,
        "incomeBeforeTaxRatio": 73.3287620859,
        "incomeTaxExpense": 0,
        "netIncome": 92526232,
        "netIncomeRatio": 73.3287620859,
        "eps": 6.2,
        "epsdiluted": 6.2,
        "weightedAverageShsOut": 14928998,
        "weightedAverageShsOutDil": 14928996,
        "link": null,
        "finalLink": null
    },
    {
        "date": "2013-06-30",
        "symbol": "GF",
        "reportedCurrency": "USD",
        "cik": "0000858706",
        "fillingDate": "2013-06-30",
        "acceptedDate": "2013-06-30 00:00:00",
        "calendarYear": "2013",
        "period": "Q2",
        "revenue": 5869792,
        "costOfRevenue": 0,
        "grossProfit": 5869792,
        "grossProfitRatio": 1,
        "researchAndDevelopmentExpenses": 0,
        "generalAndAdministrativeExpenses": 1687452,
        "sellingAndMarketingExpenses": 11224,
        "sellingGeneralAndAdministrativeExpenses": 1698676,
        "otherExpenses": 0,
        "operatingExpenses": 29172748,
        "costAndExpenses": 29172748,
        "interestIncome": 0,
        "interestExpense": 0,
        "depreciationAndAmortization": -4171118,
        "ebitda": 30871422,
        "ebitdaratio": 5.2593723934,
        "operatingIncome": 4171118,
        "operatingIncomeRatio": 0.7106074628,
        "totalOtherIncomeExpensesNet": 30871422,
        "incomeBeforeTax": 35042540,
        "incomeBeforeTaxRatio": 5.9699798562,
        "incomeTaxExpense": 0,
        "netIncome": 35042540,
        "netIncomeRatio": 5.9699798562,
        "eps": 2.18,
        "epsdiluted": 2.18,
        "weightedAverageShsOut": 16028342,
        "weightedAverageShsOutDil": 16028331,
        "link": null,
        "finalLink": null
    },
    {
        "date": "2012-12-31",
        "symbol": "GF",
        "reportedCurrency": "USD",
        "cik": "0000858706",
        "fillingDate": "2012-12-31",
        "acceptedDate": "2012-12-30 19:00:00",
        "calendarYear": "2012",
        "period": "Q4",
        "revenue": 780128,
        "costOfRevenue": 0,
        "grossProfit": 780128,
        "grossProfitRatio": 1,
        "researchAndDevelopmentExpenses": 0,
        "generalAndAdministrativeExpenses": 1586572,
        "sellingAndMarketingExpenses": 18292,
        "sellingGeneralAndAdministrativeExpenses": 1604864,
        "otherExpenses": 0,
        "operatingExpenses": 46193580,
        "costAndExpenses": 46193580,
        "interestIncome": 0,
        "interestExpense": 0,
        "depreciationAndAmortization": 824738,
        "ebitda": 47798446,
        "ebitdaratio": 61.2700044095,
        "operatingIncome": -824738,
        "operatingIncomeRatio": -1.0571829238,
        "totalOtherIncomeExpensesNet": 47798446,
        "incomeBeforeTax": 46973708,
        "incomeBeforeTaxRatio": 60.2128214857,
        "incomeTaxExpense": 0,
        "netIncome": 46973708,
        "netIncomeRatio": 60.2128214857,
        "eps": 2.92,
        "epsdiluted": 2.92,
        "weightedAverageShsOut": 16091338,
        "weightedAverageShsOutDil": 16091334,
        "link": null,
        "finalLink": null
    },
    {
        "date": "2012-06-30",
        "symbol": "GF",
        "reportedCurrency": "USD",
        "cik": "0000858706",
        "fillingDate": "2012-06-30",
        "acceptedDate": "2012-06-30 19:00:00",
        "calendarYear": "2012",
        "period": "Q2",
        "revenue": 6304567,
        "costOfRevenue": 0,
        "grossProfit": 6304567,
        "grossProfitRatio": 1,
        "researchAndDevelopmentExpenses": 0,
        "generalAndAdministrativeExpenses": 1568954,
        "sellingAndMarketingExpenses": 17689,
        "sellingGeneralAndAdministrativeExpenses": 1586643,
        "otherExpenses": 0,
        "operatingExpenses": 16979389,
        "costAndExpenses": 16979389,
        "interestIncome": 0,
        "interestExpense": 0,
        "depreciationAndAmortization": -4717926,
        "ebitda": 18566030,
        "ebitdaratio": 2.9448541034,
        "operatingIncome": 4717926,
        "operatingIncomeRatio": 0.7483346596,
        "totalOtherIncomeExpensesNet": 18566030,
        "incomeBeforeTax": 23283956,
        "incomeBeforeTaxRatio": 3.693188763,
        "incomeTaxExpense": 0,
        "netIncome": 23283956,
        "netIncomeRatio": 3.693188763,
        "eps": 1.4500000000000002,
        "epsdiluted": 1.4500000000000002,
        "weightedAverageShsOut": 16091338,
        "weightedAverageShsOutDil": 16091334,
        "link": null,
        "finalLink": null
    }
]