[
    {
        "date": "2025-09-30",
        "symbol": "GH",
        "reportedCurrency": "USD",
        "cik": "0001576280",
        "fillingDate": "2025-10-29",
        "acceptedDate": "2025-10-29 17:13:13",
        "calendarYear": "2025",
        "period": "Q3",
        "revenue": 265196000,
        "costOfRevenue": 93587000,
        "grossProfit": 171609000,
        "grossProfitRatio": 0.6471025204,
        "researchAndDevelopmentExpenses": 89957000,
        "generalAndAdministrativeExpenses": 53266000,
        "sellingAndMarketingExpenses": 127375000,
        "sellingGeneralAndAdministrativeExpenses": 180641000,
        "otherExpenses": 0,
        "operatingExpenses": 270598000,
        "costAndExpenses": 364185000,
        "interestIncome": 7391000,
        "interestExpense": 943000,
        "depreciationAndAmortization": 9408000,
        "ebitda": -82238000,
        "ebitdaratio": -0.3101027165,
        "operatingIncome": -98989000,
        "operatingIncomeRatio": -0.3732673193,
        "totalOtherIncomeExpensesNet": 6400000,
        "incomeBeforeTax": -92589000,
        "incomeBeforeTaxRatio": -0.3491342253,
        "incomeTaxExpense": 136000,
        "netIncome": -92725000,
        "netIncomeRatio": -0.3496470535,
        "eps": -0.74,
        "epsdiluted": -0.74,
        "weightedAverageShsOut": 124807000,
        "weightedAverageShsOutDil": 125304000,
        "link": "https://www.sec.gov/Archives/edgar/data/1576280/000157628025000277/0001576280-25-000277-index.htm",
        "finalLink": "https://www.sec.gov/Archives/edgar/data/1576280/000157628025000277/gh-20250930.htm"
    },
    {
        "date": "2025-06-30",
        "symbol": "GH",
        "reportedCurrency": "USD",
        "cik": "0001576280",
        "fillingDate": "2025-07-30",
        "acceptedDate": "2025-07-30 17:13:33",
        "calendarYear": "2025",
        "period": "Q2",
        "revenue": 232088000,
        "costOfRevenue": 81205000,
        "grossProfit": 150883000,
        "grossProfitRatio": 0.6501111647,
        "researchAndDevelopmentExpenses": 87449000,
        "generalAndAdministrativeExpenses": 50259000,
        "sellingAndMarketingExpenses": 119588000,
        "sellingGeneralAndAdministrativeExpenses": 169847000,
        "otherExpenses": 0,
        "operatingExpenses": 257296000,
        "costAndExpenses": 338501000,
        "interestIncome": 7560000,
        "interestExpense": 983000,
        "depreciationAndAmortization": 10042000,
        "ebitda": -88836000,
        "ebitdaratio": -0.382768605,
        "operatingIncome": -106413000,
        "operatingIncomeRatio": -0.4585028093,
        "totalOtherIncomeExpensesNet": 6552000,
        "incomeBeforeTax": -99861000,
        "incomeBeforeTaxRatio": -0.4302721382,
        "incomeTaxExpense": 38000,
        "netIncome": -99899000,
        "netIncomeRatio": -0.4304358692,
        "eps": -0.8,
        "epsdiluted": -0.8,
        "weightedAverageShsOut": 124114000,
        "weightedAverageShsOutDil": 124114000,
        "link": "https://www.sec.gov/Archives/edgar/data/1576280/000157628025000246/0001576280-25-000246-index.htm",
        "finalLink": "https://www.sec.gov/Archives/edgar/data/1576280/000157628025000246/gh-20250630.htm"
    },
    {
        "date": "2025-03-31",
        "symbol": "GH",
        "reportedCurrency": "USD",
        "cik": "0001576280",
        "fillingDate": "2025-04-30",
        "acceptedDate": "2025-04-30 17:10:41",
        "calendarYear": "2025",
        "period": "Q1",
        "revenue": 203471000,
        "costOfRevenue": 74723000,
        "grossProfit": 128748000,
        "grossProfitRatio": 0.6327584766,
        "researchAndDevelopmentExpenses": 88521000,
        "generalAndAdministrativeExpenses": 46952000,
        "sellingAndMarketingExpenses": 104316000,
        "sellingGeneralAndAdministrativeExpenses": 151268000,
        "otherExpenses": 0,
        "operatingExpenses": 239789000,
        "costAndExpenses": 314512000,
        "interestIncome": 9112000,
        "interestExpense": 791000,
        "depreciationAndAmortization": 10236000,
        "ebitda": -83842000,
        "ebitdaratio": -0.4120587209,
        "operatingIncome": -111041000,
        "operatingIncomeRatio": -0.5457337901,
        "totalOtherIncomeExpensesNet": 16172000,
        "incomeBeforeTax": -94869000,
        "incomeBeforeTaxRatio": -0.4662531761,
        "incomeTaxExpense": 290000,
        "netIncome": -95159000,
        "netIncomeRatio": -0.4676784407,
        "eps": -0.77,
        "epsdiluted": -0.77,
        "weightedAverageShsOut": 123871000,
        "weightedAverageShsOutDil": 123871000,
        "link": "https://www.sec.gov/Archives/edgar/data/1576280/000157628025000136/0001576280-25-000136-index.htm",
        "finalLink": "https://www.sec.gov/Archives/edgar/data/1576280/000157628025000136/gh-20250331.htm"
    },
    {
        "date": "2024-12-31",
        "symbol": "GH",
        "reportedCurrency": "USD",
        "cik": "0001576280",
        "fillingDate": "2025-02-20",
        "acceptedDate": "2025-02-20 17:17:57",
        "calendarYear": "2024",
        "period": "Q4",
        "revenue": 201814000,
        "costOfRevenue": 77593000,
        "grossProfit": 124221000,
        "grossProfitRatio": 0.6155222135,
        "researchAndDevelopmentExpenses": 93543000,
        "generalAndAdministrativeExpenses": 51880000,
        "sellingAndMarketingExpenses": 104763000,
        "sellingGeneralAndAdministrativeExpenses": 156643000,
        "otherExpenses": 0,
        "operatingExpenses": 250186000,
        "costAndExpenses": 327779000,
        "interestIncome": 11653000,
        "interestExpense": 645000,
        "depreciationAndAmortization": 10454000,
        "ebitda": -99191000,
        "ebitdaratio": -0.4914971211,
        "operatingIncome": -125965000,
        "operatingIncomeRatio": -0.624163834,
        "totalOtherIncomeExpensesNet": 15675000,
        "incomeBeforeTax": -110290000,
        "incomeBeforeTaxRatio": -0.5464933057,
        "incomeTaxExpense": 716000,
        "netIncome": -111006000,
        "netIncomeRatio": -0.550041127,
        "eps": -0.9,
        "epsdiluted": -0.9,
        "weightedAverageShsOut": 123754000,
        "weightedAverageShsOutDil": 123754000,
        "link": "https://www.sec.gov/Archives/edgar/data/1576280/000157628025000044/0001576280-25-000044-index.htm",
        "finalLink": "https://www.sec.gov/Archives/edgar/data/1576280/000157628025000044/gh-20241231.htm"
    },
    {
        "date": "2024-09-30",
        "symbol": "GH",
        "reportedCurrency": "USD",
        "cik": "0001576280",
        "fillingDate": "2024-11-06",
        "acceptedDate": "2024-11-06 17:12:45",
        "calendarYear": "2024",
        "period": "Q3",
        "revenue": 191476000,
        "costOfRevenue": 74489000,
        "grossProfit": 116987000,
        "grossProfitRatio": 0.6109747436,
        "researchAndDevelopmentExpenses": 87306000,
        "generalAndAdministrativeExpenses": 49129000,
        "sellingAndMarketingExpenses": 97880000,
        "sellingGeneralAndAdministrativeExpenses": 147009000,
        "otherExpenses": 0,
        "operatingExpenses": 234315000,
        "costAndExpenses": 308804000,
        "interestIncome": 13257000,
        "interestExpense": 646000,
        "depreciationAndAmortization": 10598000,
        "ebitda": -96480000,
        "ebitdaratio": -0.5038751593,
        "operatingIncome": -117328000,
        "operatingIncomeRatio": -0.6127556456,
        "totalOtherIncomeExpensesNet": 9604000,
        "incomeBeforeTax": -107724000,
        "incomeBeforeTaxRatio": -0.5625979235,
        "incomeTaxExpense": 30000,
        "netIncome": -107754000,
        "netIncomeRatio": -0.5627546011,
        "eps": -0.88,
        "epsdiluted": -0.88,
        "weightedAverageShsOut": 123051000,
        "weightedAverageShsOutDil": 123051000,
        "link": "https://www.sec.gov/Archives/edgar/data/1576280/000157628024000261/0001576280-24-000261-index.htm",
        "finalLink": "https://www.sec.gov/Archives/edgar/data/1576280/000157628024000261/gh-20240930.htm"
    },
    {
        "date": "2024-06-30",
        "symbol": "GH",
        "reportedCurrency": "USD",
        "cik": "0001576280",
        "fillingDate": "2024-08-07",
        "acceptedDate": "2024-08-07 17:12:53",
        "calendarYear": "2024",
        "period": "Q2",
        "revenue": 177235000,
        "costOfRevenue": 72421000,
        "grossProfit": 104814000,
        "grossProfitRatio": 0.5913843203,
        "researchAndDevelopmentExpenses": 83102000,
        "generalAndAdministrativeExpenses": 40463000,
        "sellingAndMarketingExpenses": 81867000,
        "sellingGeneralAndAdministrativeExpenses": 122330000,
        "otherExpenses": 0,
        "operatingExpenses": 205432000,
        "costAndExpenses": 277853000,
        "interestIncome": 13913000,
        "interestExpense": 645000,
        "depreciationAndAmortization": 10700000,
        "ebitda": -91150000,
        "ebitdaratio": -0.5142889384,
        "operatingIncome": -100618000,
        "operatingIncomeRatio": -0.5677095382,
        "totalOtherIncomeExpensesNet": -1877000,
        "incomeBeforeTax": -102495000,
        "incomeBeforeTaxRatio": -0.5782999972,
        "incomeTaxExpense": 133000,
        "netIncome": -102628000,
        "netIncomeRatio": -0.5790504133,
        "eps": -0.84,
        "epsdiluted": -0.84,
        "weightedAverageShsOut": 122447000,
        "weightedAverageShsOutDil": 122447000,
        "link": "https://www.sec.gov/Archives/edgar/data/1576280/000157628024000190/0001576280-24-000190-index.htm",
        "finalLink": "https://www.sec.gov/Archives/edgar/data/1576280/000157628024000190/gh-20240630.htm"
    },
    {
        "date": "2024-03-31",
        "symbol": "GH",
        "reportedCurrency": "USD",
        "cik": "0001576280",
        "fillingDate": "2024-05-09",
        "acceptedDate": "2024-05-09 16:59:52",
        "calendarYear": "2024",
        "period": "Q1",
        "revenue": 168491000,
        "costOfRevenue": 65296000,
        "grossProfit": 103195000,
        "grossProfitRatio": 0.6124659477,
        "researchAndDevelopmentExpenses": 83802000,
        "generalAndAdministrativeExpenses": 38651000,
        "sellingAndMarketingExpenses": 80425000,
        "sellingGeneralAndAdministrativeExpenses": 119076000,
        "otherExpenses": 0,
        "operatingExpenses": 202878000,
        "costAndExpenses": 268174000,
        "interestIncome": 14868000,
        "interestExpense": 645000,
        "depreciationAndAmortization": 10712000,
        "ebitda": -103223000,
        "ebitdaratio": -0.6126321287,
        "operatingIncome": -99683000,
        "operatingIncomeRatio": -0.5916221044,
        "totalOtherIncomeExpensesNet": -14897000,
        "incomeBeforeTax": -114580000,
        "incomeBeforeTaxRatio": -0.6800363224,
        "incomeTaxExpense": 405000,
        "netIncome": -114985000,
        "netIncomeRatio": -0.6824400116,
        "eps": -0.94,
        "epsdiluted": -0.94,
        "weightedAverageShsOut": 121712000,
        "weightedAverageShsOutDil": 121712000,
        "link": "https://www.sec.gov/Archives/edgar/data/1576280/000157628024000109/0001576280-24-000109-index.htm",
        "finalLink": "https://www.sec.gov/Archives/edgar/data/1576280/000157628024000109/gh-20240331.htm"
    },
    {
        "date": "2023-12-31",
        "symbol": "GH",
        "reportedCurrency": "USD",
        "cik": "0001576280",
        "fillingDate": "2024-02-22",
        "acceptedDate": "2024-02-22 17:23:38",
        "calendarYear": "2023",
        "period": "Q4",
        "revenue": 155054000,
        "costOfRevenue": -81135000,
        "grossProfit": 236189000,
        "grossProfitRatio": 1.5232693126,
        "researchAndDevelopmentExpenses": 89856000,
        "generalAndAdministrativeExpenses": 37665000,
        "sellingAndMarketingExpenses": 79127000,
        "sellingGeneralAndAdministrativeExpenses": 116792000,
        "otherExpenses": 227052000,
        "operatingExpenses": 433700000,
        "costAndExpenses": 352565000,
        "interestIncome": 13888000,
        "interestExpense": 645000,
        "depreciationAndAmortization": 10868000,
        "ebitda": -176071000,
        "ebitdaratio": -1.1355463258,
        "operatingIncome": -197511000,
        "operatingIncomeRatio": -1.2738207334,
        "totalOtherIncomeExpensesNet": 9927000,
        "incomeBeforeTax": -187584000,
        "incomeBeforeTaxRatio": -1.2097978769,
        "incomeTaxExpense": -541000,
        "netIncome": -187043000,
        "netIncomeRatio": -1.2063087698,
        "eps": -1.58,
        "epsdiluted": -1.58,
        "weightedAverageShsOut": 118508000,
        "weightedAverageShsOutDil": 118508000,
        "link": "https://www.sec.gov/Archives/edgar/data/1576280/000157628024000043/0001576280-24-000043-index.htm",
        "finalLink": "https://www.sec.gov/Archives/edgar/data/1576280/000157628024000043/gh-20231231.htm"
    },
    {
        "date": "2023-09-30",
        "symbol": "GH",
        "reportedCurrency": "USD",
        "cik": "0001576280",
        "fillingDate": "2023-11-06",
        "acceptedDate": "2023-11-06 16:58:53",
        "calendarYear": "2023",
        "period": "Q3",
        "revenue": 143030000,
        "costOfRevenue": 57614000,
        "grossProfit": 85416000,
        "grossProfitRatio": 0.5971894008,
        "researchAndDevelopmentExpenses": 93851000,
        "generalAndAdministrativeExpenses": 36174000,
        "sellingAndMarketingExpenses": 68934000,
        "sellingGeneralAndAdministrativeExpenses": 105108000,
        "otherExpenses": 0,
        "operatingExpenses": 198959000,
        "costAndExpenses": 256573000,
        "interestIncome": 11690000,
        "interestExpense": 644000,
        "depreciationAndAmortization": 11037000,
        "ebitda": -73931000,
        "ebitdaratio": -0.5168915612,
        "operatingIncome": -113543000,
        "operatingIncomeRatio": -0.7938404531,
        "totalOtherIncomeExpensesNet": 27931000,
        "incomeBeforeTax": -85612000,
        "incomeBeforeTaxRatio": -0.5985597427,
        "incomeTaxExpense": 490000,
        "netIncome": -86102000,
        "netIncomeRatio": -0.6019855974,
        "eps": -0.73,
        "epsdiluted": -0.73,
        "weightedAverageShsOut": 117736000,
        "weightedAverageShsOutDil": 117736000,
        "link": "https://www.sec.gov/Archives/edgar/data/1576280/000157628023000187/0001576280-23-000187-index.htm",
        "finalLink": "https://www.sec.gov/Archives/edgar/data/1576280/000157628023000187/gh-20230930.htm"
    },
    {
        "date": "2023-06-30",
        "symbol": "GH",
        "reportedCurrency": "USD",
        "cik": "0001576280",
        "fillingDate": "2023-08-03",
        "acceptedDate": "2023-08-03 17:02:11",
        "calendarYear": "2023",
        "period": "Q2",
        "revenue": 137150000,
        "costOfRevenue": 53848000,
        "grossProfit": 83302000,
        "grossProfitRatio": 0.6073787824,
        "researchAndDevelopmentExpenses": 90359000,
        "generalAndAdministrativeExpenses": 41516000,
        "sellingAndMarketingExpenses": 71043000,
        "sellingGeneralAndAdministrativeExpenses": 112559000,
        "otherExpenses": 0,
        "operatingExpenses": 202918000,
        "costAndExpenses": 256766000,
        "interestIncome": 6727000,
        "interestExpense": 645000,
        "depreciationAndAmortization": 10631000,
        "ebitda": -60999000,
        "ebitdaratio": -0.4447612104,
        "operatingIncome": -119616000,
        "operatingIncomeRatio": -0.8721545753,
        "totalOtherIncomeExpensesNet": 47341000,
        "incomeBeforeTax": -72275000,
        "incomeBeforeTaxRatio": -0.5269777616,
        "incomeTaxExpense": 496000,
        "netIncome": -72771000,
        "netIncomeRatio": -0.5305942399,
        "eps": -0.67,
        "epsdiluted": -0.67,
        "weightedAverageShsOut": 108808000,
        "weightedAverageShsOutDil": 108808000,
        "link": "https://www.sec.gov/Archives/edgar/data/1576280/000157628023000123/0001576280-23-000123-index.htm",
        "finalLink": "https://www.sec.gov/Archives/edgar/data/1576280/000157628023000123/gh-20230630.htm"
    },
    {
        "date": "2023-03-31",
        "symbol": "GH",
        "reportedCurrency": "USD",
        "cik": "0001576280",
        "fillingDate": "2023-05-09",
        "acceptedDate": "2023-05-09 17:00:24",
        "calendarYear": "2023",
        "period": "Q1",
        "revenue": 128714000,
        "costOfRevenue": 53073000,
        "grossProfit": 75641000,
        "grossProfitRatio": 0.5876672312,
        "researchAndDevelopmentExpenses": 93128000,
        "generalAndAdministrativeExpenses": 40445000,
        "sellingAndMarketingExpenses": 76123000,
        "sellingGeneralAndAdministrativeExpenses": 116568000,
        "otherExpenses": 0,
        "operatingExpenses": 209696000,
        "costAndExpenses": 262769000,
        "interestIncome": 3060000,
        "interestExpense": 644000,
        "depreciationAndAmortization": 10345000,
        "ebitda": -122304000,
        "ebitdaratio": -0.9501996675,
        "operatingIncome": -134055000,
        "operatingIncomeRatio": -1.0414950977,
        "totalOtherIncomeExpensesNet": 762000,
        "incomeBeforeTax": -133293000,
        "incomeBeforeTaxRatio": -1.0355749957,
        "incomeTaxExpense": 240000,
        "netIncome": -133533000,
        "netIncomeRatio": -1.0374395948,
        "eps": -1.3,
        "epsdiluted": -1.3,
        "weightedAverageShsOut": 102663000,
        "weightedAverageShsOutDil": 102663000,
        "link": "https://www.sec.gov/Archives/edgar/data/1576280/000157628023000060/0001576280-23-000060-index.htm",
        "finalLink": "https://www.sec.gov/Archives/edgar/data/1576280/000157628023000060/gh-20230331.htm"
    },
    {
        "date": "2022-12-31",
        "symbol": "GH",
        "reportedCurrency": "USD",
        "cik": "0001576280",
        "fillingDate": "2023-02-23",
        "acceptedDate": "2023-02-23 17:00:52",
        "calendarYear": "2022",
        "period": "Q4",
        "revenue": 126891000,
        "costOfRevenue": 47121000,
        "grossProfit": 79770000,
        "grossProfitRatio": 0.628649786,
        "researchAndDevelopmentExpenses": 106578000,
        "generalAndAdministrativeExpenses": 37888000,
        "sellingAndMarketingExpenses": 81423000,
        "sellingGeneralAndAdministrativeExpenses": 119311000,
        "otherExpenses": 0,
        "operatingExpenses": 225889000,
        "costAndExpenses": 273010000,
        "interestIncome": 2150000,
        "interestExpense": 644000,
        "depreciationAndAmortization": 10169000,
        "ebitda": -128519000,
        "ebitdaratio": -1.0128299091,
        "operatingIncome": -146119000,
        "operatingIncomeRatio": -1.1515316295,
        "totalOtherIncomeExpensesNet": 6787000,
        "incomeBeforeTax": -139332000,
        "incomeBeforeTaxRatio": -1.0980447786,
        "incomeTaxExpense": 602000,
        "netIncome": -139934000,
        "netIncomeRatio": -1.1027890079,
        "eps": -1.36,
        "epsdiluted": -1.36,
        "weightedAverageShsOut": 102516000,
        "weightedAverageShsOutDil": 102516000,
        "link": "https://www.sec.gov/Archives/edgar/data/1576280/000157628023000020/0001576280-23-000020-index.htm",
        "finalLink": "https://www.sec.gov/Archives/edgar/data/1576280/000157628023000020/gh-20221231.htm"
    },
    {
        "date": "2022-09-30",
        "symbol": "GH",
        "reportedCurrency": "USD",
        "cik": "0001576280",
        "fillingDate": "2022-11-03",
        "acceptedDate": "2022-11-03 17:13:19",
        "calendarYear": "2022",
        "period": "Q3",
        "revenue": 117404000,
        "costOfRevenue": 40496000,
        "grossProfit": 76908000,
        "grossProfitRatio": 0.6550713775,
        "researchAndDevelopmentExpenses": 100017000,
        "generalAndAdministrativeExpenses": 41121000,
        "sellingAndMarketingExpenses": 80370000,
        "sellingGeneralAndAdministrativeExpenses": 121491000,
        "otherExpenses": 0,
        "operatingExpenses": 221508000,
        "costAndExpenses": 262004000,
        "interestIncome": 1754000,
        "interestExpense": 644000,
        "depreciationAndAmortization": 9807000,
        "ebitda": -151428000,
        "ebitdaratio": -1.2898027324,
        "operatingIncome": -144600000,
        "operatingIncomeRatio": -1.2316445777,
        "totalOtherIncomeExpensesNet": -17279000,
        "incomeBeforeTax": -161879000,
        "incomeBeforeTaxRatio": -1.3788201424,
        "incomeTaxExpense": 115000,
        "netIncome": -161994000,
        "netIncomeRatio": -1.3797996661,
        "eps": -1.58,
        "epsdiluted": -1.58,
        "weightedAverageShsOut": 102289000,
        "weightedAverageShsOutDil": 102289000,
        "link": "https://www.sec.gov/Archives/edgar/data/1576280/000157628022000092/0001576280-22-000092-index.htm",
        "finalLink": "https://www.sec.gov/Archives/edgar/data/1576280/000157628022000092/gh-20220930.htm"
    },
    {
        "date": "2022-06-30",
        "symbol": "GH",
        "reportedCurrency": "USD",
        "cik": "0001576280",
        "fillingDate": "2022-08-04",
        "acceptedDate": "2022-08-04 17:03:48",
        "calendarYear": "2022",
        "period": "Q2",
        "revenue": 109144000,
        "costOfRevenue": 36727000,
        "grossProfit": 72417000,
        "grossProfitRatio": 0.6634995969,
        "researchAndDevelopmentExpenses": 85455000,
        "generalAndAdministrativeExpenses": 43680000,
        "sellingAndMarketingExpenses": 73603000,
        "sellingGeneralAndAdministrativeExpenses": 117283000,
        "otherExpenses": 0,
        "operatingExpenses": 202738000,
        "costAndExpenses": 239465000,
        "interestIncome": 1387000,
        "interestExpense": 645000,
        "depreciationAndAmortization": 8785000,
        "ebitda": -219556000,
        "ebitdaratio": -2.0116176794,
        "operatingIncome": -130321000,
        "operatingIncomeRatio": -1.194028073,
        "totalOtherIncomeExpensesNet": -98665000,
        "incomeBeforeTax": -228986000,
        "incomeBeforeTaxRatio": -2.0980172982,
        "incomeTaxExpense": 446000,
        "netIncome": -229432000,
        "netIncomeRatio": -2.1021036429,
        "eps": -2.25,
        "epsdiluted": -2.25,
        "weightedAverageShsOut": 102047000,
        "weightedAverageShsOutDil": 102047000,
        "link": "https://www.sec.gov/Archives/edgar/data/1576280/000157628022000058/0001576280-22-000058-index.htm",
        "finalLink": "https://www.sec.gov/Archives/edgar/data/1576280/000157628022000058/gh-20220630.htm"
    },
    {
        "date": "2022-03-31",
        "symbol": "GH",
        "reportedCurrency": "USD",
        "cik": "0001576280",
        "fillingDate": "2022-05-05",
        "acceptedDate": "2022-05-05 17:14:22",
        "calendarYear": "2022",
        "period": "Q1",
        "revenue": 96099000,
        "costOfRevenue": 31981000,
        "grossProfit": 64118000,
        "grossProfitRatio": 0.6672077753,
        "researchAndDevelopmentExpenses": 81757000,
        "generalAndAdministrativeExpenses": 41267000,
        "sellingAndMarketingExpenses": 64432000,
        "sellingGeneralAndAdministrativeExpenses": 105699000,
        "otherExpenses": -48000,
        "operatingExpenses": 187456000,
        "costAndExpenses": 219437000,
        "interestIncome": 778000,
        "interestExpense": 644000,
        "depreciationAndAmortization": 7201000,
        "ebitda": -115407000,
        "ebitdaratio": -1.2009178035,
        "operatingIncome": -123338000,
        "operatingIncomeRatio": -1.2834472783,
        "totalOtherIncomeExpensesNet": 86000,
        "incomeBeforeTax": -123252000,
        "incomeBeforeTaxRatio": -1.2825523679,
        "incomeTaxExpense": -24000,
        "netIncome": -123228000,
        "netIncomeRatio": -1.2823026254,
        "eps": -1.21,
        "epsdiluted": -1.21,
        "weightedAverageShsOut": 101853000,
        "weightedAverageShsOutDil": 101853000,
        "link": "https://www.sec.gov/Archives/edgar/data/1576280/000157628022000026/0001576280-22-000026-index.htm",
        "finalLink": "https://www.sec.gov/Archives/edgar/data/1576280/000157628022000026/gh-20220331.htm"
    },
    {
        "date": "2021-12-31",
        "symbol": "GH",
        "reportedCurrency": "USD",
        "cik": "0001576280",
        "fillingDate": "2022-02-24",
        "acceptedDate": "2022-02-24 17:00:06",
        "calendarYear": "2021",
        "period": "Q4",
        "revenue": 108108000,
        "costOfRevenue": 33422000,
        "grossProfit": 74686000,
        "grossProfitRatio": 0.6908461908,
        "researchAndDevelopmentExpenses": 73021000,
        "generalAndAdministrativeExpenses": 40274000,
        "sellingAndMarketingExpenses": 59599000,
        "sellingGeneralAndAdministrativeExpenses": 99873000,
        "otherExpenses": 0,
        "operatingExpenses": 172894000,
        "costAndExpenses": 206316000,
        "interestIncome": 653000,
        "interestExpense": 643000,
        "depreciationAndAmortization": 6090000,
        "ebitda": -65567000,
        "ebitdaratio": -0.6064953565,
        "operatingIncome": -98208000,
        "operatingIncomeRatio": -0.9084249084,
        "totalOtherIncomeExpensesNet": 25908000,
        "incomeBeforeTax": -72300000,
        "incomeBeforeTaxRatio": -0.6687756688,
        "incomeTaxExpense": 11000,
        "netIncome": -90911000,
        "netIncomeRatio": -0.8409275909,
        "eps": -0.89,
        "epsdiluted": -0.89,
        "weightedAverageShsOut": 101697000,
        "weightedAverageShsOutDil": 101697000,
        "link": "https://www.sec.gov/Archives/edgar/data/1576280/000157628022000015/0001576280-22-000015-index.htm",
        "finalLink": "https://www.sec.gov/Archives/edgar/data/1576280/000157628022000015/gh-20211231.htm"
    },
    {
        "date": "2021-09-30",
        "symbol": "GH",
        "reportedCurrency": "USD",
        "cik": "0001576280",
        "fillingDate": "2021-11-04",
        "acceptedDate": "2021-11-04 17:08:48",
        "calendarYear": "2021",
        "period": "Q3",
        "revenue": 94779000,
        "costOfRevenue": 30816000,
        "grossProfit": 63963000,
        "grossProfitRatio": 0.6748646852,
        "researchAndDevelopmentExpenses": 70968000,
        "generalAndAdministrativeExpenses": 50055000,
        "sellingAndMarketingExpenses": 50228000,
        "sellingGeneralAndAdministrativeExpenses": 100283000,
        "otherExpenses": -187000,
        "operatingExpenses": 171251000,
        "costAndExpenses": 202067000,
        "interestIncome": 689000,
        "interestExpense": 644000,
        "depreciationAndAmortization": 5500000,
        "ebitda": -101286000,
        "ebitdaratio": -1.0686544488,
        "operatingIncome": -107288000,
        "operatingIncomeRatio": -1.131980713,
        "totalOtherIncomeExpensesNet": -142000,
        "incomeBeforeTax": -107430000,
        "incomeBeforeTaxRatio": -1.1334789352,
        "incomeTaxExpense": 96000,
        "netIncome": -107526000,
        "netIncomeRatio": -1.1344918178,
        "eps": -1.06,
        "epsdiluted": -1.06,
        "weightedAverageShsOut": 101420000,
        "weightedAverageShsOutDil": 101420000,
        "link": "https://www.sec.gov/Archives/edgar/data/1576280/000157628021000105/0001576280-21-000105-index.htm",
        "finalLink": "https://www.sec.gov/Archives/edgar/data/1576280/000157628021000105/gh-20210930.htm"
    },
    {
        "date": "2021-06-30",
        "symbol": "GH",
        "reportedCurrency": "USD",
        "cik": "0001576280",
        "fillingDate": "2021-08-05",
        "acceptedDate": "2021-08-05 16:29:59",
        "calendarYear": "2021",
        "period": "Q2",
        "revenue": 92101000,
        "costOfRevenue": 29927000,
        "grossProfit": 62174000,
        "grossProfitRatio": 0.6750632458,
        "researchAndDevelopmentExpenses": 63724000,
        "generalAndAdministrativeExpenses": 48376000,
        "sellingAndMarketingExpenses": 47716000,
        "sellingGeneralAndAdministrativeExpenses": 96092000,
        "otherExpenses": -243000,
        "operatingExpenses": 159816000,
        "costAndExpenses": 189743000,
        "interestIncome": 1037000,
        "interestExpense": 644000,
        "depreciationAndAmortization": 5600000,
        "ebitda": -91248000,
        "ebitdaratio": -0.9907384285,
        "operatingIncome": -97642000,
        "operatingIncomeRatio": -1.0601622132,
        "totalOtherIncomeExpensesNet": 150000,
        "incomeBeforeTax": -97492000,
        "incomeBeforeTaxRatio": -1.0585335664,
        "incomeTaxExpense": 83000,
        "netIncome": -97575000,
        "netIncomeRatio": -1.059434751,
        "eps": -0.96,
        "epsdiluted": -0.96,
        "weightedAverageShsOut": 101172000,
        "weightedAverageShsOutDil": 101172000,
        "link": "https://www.sec.gov/Archives/edgar/data/1576280/000157628021000080/0001576280-21-000080-index.htm",
        "finalLink": "https://www.sec.gov/Archives/edgar/data/1576280/000157628021000080/gh-20210630.htm"
    },
    {
        "date": "2021-03-31",
        "symbol": "GH",
        "reportedCurrency": "USD",
        "cik": "0001576280",
        "fillingDate": "2021-05-06",
        "acceptedDate": "2021-05-06 17:09:26",
        "calendarYear": "2021",
        "period": "Q1",
        "revenue": 78665000,
        "costOfRevenue": 28747000,
        "grossProfit": 49918000,
        "grossProfitRatio": 0.6345642916,
        "researchAndDevelopmentExpenses": 55508000,
        "generalAndAdministrativeExpenses": 67935000,
        "sellingAndMarketingExpenses": 34338000,
        "sellingGeneralAndAdministrativeExpenses": 102273000,
        "otherExpenses": -290000,
        "operatingExpenses": 157781000,
        "costAndExpenses": 186528000,
        "interestIncome": 1551000,
        "interestExpense": 646000,
        "depreciationAndAmortization": 5010000,
        "ebitda": -101592000,
        "ebitdaratio": -1.2914510901,
        "operatingIncome": -107863000,
        "operatingIncomeRatio": -1.3711688807,
        "totalOtherIncomeExpensesNet": 615000,
        "incomeBeforeTax": -107248000,
        "incomeBeforeTaxRatio": -1.3633509185,
        "incomeTaxExpense": 110000,
        "netIncome": -109658000,
        "netIncomeRatio": -1.3939871607,
        "eps": -1.09,
        "epsdiluted": -1.09,
        "weightedAverageShsOut": 100955000,
        "weightedAverageShsOutDil": 100955000,
        "link": "https://www.sec.gov/Archives/edgar/data/1576280/000157628021000062/0001576280-21-000062-index.htm",
        "finalLink": "https://www.sec.gov/Archives/edgar/data/1576280/000157628021000062/gh-20210331.htm"
    },
    {
        "date": "2020-12-31",
        "symbol": "GH",
        "reportedCurrency": "USD",
        "cik": "0001576280",
        "fillingDate": "2021-02-25",
        "acceptedDate": "2021-02-25 16:36:12",
        "calendarYear": "2020",
        "period": "Q4",
        "revenue": 78316000,
        "costOfRevenue": 28407000,
        "grossProfit": 49909000,
        "grossProfitRatio": 0.6372771847,
        "researchAndDevelopmentExpenses": 40282000,
        "generalAndAdministrativeExpenses": 69505000,
        "sellingAndMarketingExpenses": 31288000,
        "sellingGeneralAndAdministrativeExpenses": 100793000,
        "otherExpenses": 0,
        "operatingExpenses": 141075000,
        "costAndExpenses": 169482000,
        "interestIncome": 1900000,
        "interestExpense": 4736000,
        "depreciationAndAmortization": 4603000,
        "ebitda": -83443000,
        "ebitdaratio": -1.0654655498,
        "operatingIncome": -91166000,
        "operatingIncomeRatio": -1.16407886,
        "totalOtherIncomeExpensesNet": -1616000,
        "incomeBeforeTax": -92782000,
        "incomeBeforeTaxRatio": -1.1847132131,
        "incomeTaxExpense": 263000,
        "netIncome": -93745000,
        "netIncomeRatio": -1.197009551,
        "eps": -0.94,
        "epsdiluted": -0.94,
        "weightedAverageShsOut": 100018000,
        "weightedAverageShsOutDil": 100018000,
        "link": "https://www.sec.gov/Archives/edgar/data/1576280/000157628021000031/0001576280-21-000031-index.htm",
        "finalLink": "https://www.sec.gov/Archives/edgar/data/1576280/000157628021000031/gh-20201231.htm"
    },
    {
        "date": "2020-09-30",
        "symbol": "GH",
        "reportedCurrency": "USD",
        "cik": "0001576280",
        "fillingDate": "2020-11-05",
        "acceptedDate": "2020-11-05 16:27:23",
        "calendarYear": "2020",
        "period": "Q3",
        "revenue": 74569000,
        "costOfRevenue": 21187000,
        "grossProfit": 53382000,
        "grossProfitRatio": 0.7158738886,
        "researchAndDevelopmentExpenses": 36245000,
        "generalAndAdministrativeExpenses": 66294000,
        "sellingAndMarketingExpenses": 25095000,
        "sellingGeneralAndAdministrativeExpenses": 91389000,
        "otherExpenses": 345000,
        "operatingExpenses": 127634000,
        "costAndExpenses": 148821000,
        "interestIncome": 2313000,
        "interestExpense": 8000,
        "depreciationAndAmortization": 4353000,
        "ebitda": -67241000,
        "ebitdaratio": -0.9017286004,
        "operatingIncome": -74252000,
        "operatingIncomeRatio": -0.9957489037,
        "totalOtherIncomeExpensesNet": 2650000,
        "incomeBeforeTax": -71602000,
        "incomeBeforeTaxRatio": -0.9602113479,
        "incomeTaxExpense": 68000,
        "netIncome": -77670000,
        "netIncomeRatio": -1.0415856455,
        "eps": -0.78,
        "epsdiluted": -0.78,
        "weightedAverageShsOut": 99554000,
        "weightedAverageShsOutDil": 99554000,
        "link": "https://www.sec.gov/Archives/edgar/data/1576280/000162828020015769/0001628280-20-015769-index.htm",
        "finalLink": "https://www.sec.gov/Archives/edgar/data/1576280/000162828020015769/gh-20200930.htm"
    },
    {
        "date": "2020-06-30",
        "symbol": "GH",
        "reportedCurrency": "USD",
        "cik": "0001576280",
        "fillingDate": "2020-08-06",
        "acceptedDate": "2020-08-06 16:18:46",
        "calendarYear": "2020",
        "period": "Q2",
        "revenue": 66335000,
        "costOfRevenue": 22435000,
        "grossProfit": 43900000,
        "grossProfitRatio": 0.6617924173,
        "researchAndDevelopmentExpenses": 36319000,
        "generalAndAdministrativeExpenses": 37186000,
        "sellingAndMarketingExpenses": 25015000,
        "sellingGeneralAndAdministrativeExpenses": 62201000,
        "otherExpenses": 0,
        "operatingExpenses": 98520000,
        "costAndExpenses": 120955000,
        "interestIncome": 2640000,
        "interestExpense": 10000,
        "depreciationAndAmortization": 5695000,
        "ebitda": -44000000,
        "ebitdaratio": -0.6632999171,
        "operatingIncome": -54620000,
        "operatingIncomeRatio": -0.8233963971,
        "totalOtherIncomeExpensesNet": 4915000,
        "incomeBeforeTax": -49705000,
        "incomeBeforeTaxRatio": -0.7493027813,
        "incomeTaxExpense": 34000,
        "netIncome": -54639000,
        "netIncomeRatio": -0.823682822,
        "eps": -0.57,
        "epsdiluted": -0.57,
        "weightedAverageShsOut": 96011000,
        "weightedAverageShsOutDil": 96011000,
        "link": "https://www.sec.gov/Archives/edgar/data/1576280/000162828020011994/0001628280-20-011994-index.htm",
        "finalLink": "https://www.sec.gov/Archives/edgar/data/1576280/000162828020011994/gh-20200630.htm"
    },
    {
        "date": "2020-03-31",
        "symbol": "GH",
        "reportedCurrency": "USD",
        "cik": "0001576280",
        "fillingDate": "2020-05-07",
        "acceptedDate": "2020-05-07 16:26:35",
        "calendarYear": "2020",
        "period": "Q1",
        "revenue": 67510000,
        "costOfRevenue": 20506000,
        "grossProfit": 47004000,
        "grossProfitRatio": 0.6962524071,
        "researchAndDevelopmentExpenses": 37016000,
        "generalAndAdministrativeExpenses": 19785000,
        "sellingAndMarketingExpenses": 25115000,
        "sellingGeneralAndAdministrativeExpenses": 44900000,
        "otherExpenses": -209000,
        "operatingExpenses": 81916000,
        "costAndExpenses": 102422000,
        "interestIncome": 3318000,
        "interestExpense": 12000,
        "depreciationAndAmortization": 4800000,
        "ebitda": -27003000,
        "ebitdaratio": -0.3999851874,
        "operatingIncome": -34912000,
        "operatingIncomeRatio": -0.5171382017,
        "totalOtherIncomeExpensesNet": 3097000,
        "incomeBeforeTax": -31815000,
        "incomeBeforeTaxRatio": -0.4712635165,
        "incomeTaxExpense": 14000,
        "netIncome": -27729000,
        "netIncomeRatio": -0.4107391498,
        "eps": -0.29,
        "epsdiluted": -0.29,
        "weightedAverageShsOut": 94382000,
        "weightedAverageShsOutDil": 94382000,
        "link": "https://www.sec.gov/Archives/edgar/data/1576280/000162828020006966/0001628280-20-006966-index.htm",
        "finalLink": "https://www.sec.gov/Archives/edgar/data/1576280/000162828020006966/gh-03312020x10q.htm"
    },
    {
        "date": "2019-12-31",
        "symbol": "GH",
        "reportedCurrency": "USD",
        "cik": "0001576280",
        "fillingDate": "2020-03-02",
        "acceptedDate": "2020-03-02 09:08:28",
        "calendarYear": "2019",
        "period": "Q4",
        "revenue": 62897000,
        "costOfRevenue": 21838000,
        "grossProfit": 41059000,
        "grossProfitRatio": 0.6527974307,
        "researchAndDevelopmentExpenses": 25875000,
        "generalAndAdministrativeExpenses": 18859000,
        "sellingAndMarketingExpenses": 22287000,
        "sellingGeneralAndAdministrativeExpenses": 41146000,
        "otherExpenses": -187000,
        "operatingExpenses": 67021000,
        "costAndExpenses": 88859000,
        "interestIncome": 3871000,
        "interestExpense": 321000,
        "depreciationAndAmortization": 5646000,
        "ebitda": -16632000,
        "ebitdaratio": -0.2644323259,
        "operatingIncome": -25962000,
        "operatingIncomeRatio": -0.4127700844,
        "totalOtherIncomeExpensesNet": 3363000,
        "incomeBeforeTax": -22599000,
        "incomeBeforeTaxRatio": -0.3593017155,
        "incomeTaxExpense": -489000,
        "netIncome": -25210000,
        "netIncomeRatio": -0.4008140293,
        "eps": -0.27,
        "epsdiluted": -0.27,
        "weightedAverageShsOut": 93997000,
        "weightedAverageShsOutDil": 93997000,
        "link": "https://www.sec.gov/Archives/edgar/data/1576280/000162828020002613/0001628280-20-002613-index.htm",
        "finalLink": "https://www.sec.gov/Archives/edgar/data/1576280/000162828020002613/gh-12312019x10k.htm"
    },
    {
        "date": "2019-09-30",
        "symbol": "GH",
        "reportedCurrency": "USD",
        "cik": "0001576280",
        "fillingDate": "2019-11-07",
        "acceptedDate": "2019-11-07 17:17:00",
        "calendarYear": "2019",
        "period": "Q3",
        "revenue": 60848000,
        "costOfRevenue": 18514000,
        "grossProfit": 42334000,
        "grossProfitRatio": 0.6957336313,
        "researchAndDevelopmentExpenses": 24569000,
        "generalAndAdministrativeExpenses": 16440000,
        "sellingAndMarketingExpenses": 18802000,
        "sellingGeneralAndAdministrativeExpenses": 35242000,
        "otherExpenses": 179000,
        "operatingExpenses": 59811000,
        "costAndExpenses": 78325000,
        "interestIncome": 4286000,
        "interestExpense": 280000,
        "depreciationAndAmortization": 2952000,
        "ebitda": -10060000,
        "ebitdaratio": -0.1653300026,
        "operatingIncome": -17477000,
        "operatingIncomeRatio": -0.2872239022,
        "totalOtherIncomeExpensesNet": 4185000,
        "incomeBeforeTax": -13292000,
        "incomeBeforeTaxRatio": -0.2184459637,
        "incomeTaxExpense": -202000,
        "netIncome": -12790000,
        "netIncomeRatio": -0.210195898,
        "eps": -0.14,
        "epsdiluted": -0.14,
        "weightedAverageShsOut": 93303000,
        "weightedAverageShsOutDil": 93303000,
        "link": "https://www.sec.gov/Archives/edgar/data/1576280/000162828019013718/0001628280-19-013718-index.htm",
        "finalLink": "https://www.sec.gov/Archives/edgar/data/1576280/000162828019013718/gh-09302019x10q.htm"
    },
    {
        "date": "2019-06-30",
        "symbol": "GH",
        "reportedCurrency": "USD",
        "cik": "0001576280",
        "fillingDate": "2019-08-07",
        "acceptedDate": "2019-08-06 17:46:50",
        "calendarYear": "2019",
        "period": "Q2",
        "revenue": 53975000,
        "costOfRevenue": 16833000,
        "grossProfit": 37142000,
        "grossProfitRatio": 0.6881333951,
        "researchAndDevelopmentExpenses": 19532000,
        "generalAndAdministrativeExpenses": 13439000,
        "sellingAndMarketingExpenses": 19439000,
        "sellingGeneralAndAdministrativeExpenses": 32878000,
        "otherExpenses": -51000,
        "operatingExpenses": 52410000,
        "costAndExpenses": 69243000,
        "interestIncome": 3099000,
        "interestExpense": 287000,
        "depreciationAndAmortization": 2657000,
        "ebitda": -9563000,
        "ebitdaratio": -0.1771746179,
        "operatingIncome": -15268000,
        "operatingIncomeRatio": -0.2828716999,
        "totalOtherIncomeExpensesNet": 2761000,
        "incomeBeforeTax": -12507000,
        "incomeBeforeTaxRatio": -0.2317183881,
        "incomeTaxExpense": -1207000,
        "netIncome": -11600000,
        "netIncomeRatio": -0.2149143122,
        "eps": -0.13,
        "epsdiluted": -0.13,
        "weightedAverageShsOut": 89036000,
        "weightedAverageShsOutDil": 89036000,
        "link": "https://www.sec.gov/Archives/edgar/data/1576280/000162828019010189/0001628280-19-010189-index.htm",
        "finalLink": "https://www.sec.gov/Archives/edgar/data/1576280/000162828019010189/gh-06302019x10q.htm"
    },
    {
        "date": "2019-03-31",
        "symbol": "GH",
        "reportedCurrency": "USD",
        "cik": "0001576280",
        "fillingDate": "2019-05-10",
        "acceptedDate": "2019-05-10 17:28:36",
        "calendarYear": "2019",
        "period": "Q1",
        "revenue": 36655000,
        "costOfRevenue": 13535000,
        "grossProfit": 23120000,
        "grossProfitRatio": 0.6307461465,
        "researchAndDevelopmentExpenses": 16316000,
        "generalAndAdministrativeExpenses": 12661000,
        "sellingAndMarketingExpenses": 17807000,
        "sellingGeneralAndAdministrativeExpenses": 30468000,
        "otherExpenses": 147000,
        "operatingExpenses": 46784000,
        "costAndExpenses": 60319000,
        "interestIncome": 2485000,
        "interestExpense": 293000,
        "depreciationAndAmortization": 2354000,
        "ebitda": -18678000,
        "ebitdaratio": -0.5095621334,
        "operatingIncome": -23664000,
        "operatingIncomeRatio": -0.6455872323,
        "totalOtherIncomeExpensesNet": 2339000,
        "incomeBeforeTax": -21325000,
        "incomeBeforeTaxRatio": -0.5817760196,
        "incomeTaxExpense": 26000,
        "netIncome": -26051000,
        "netIncomeRatio": -0.7107079525,
        "eps": -0.3,
        "epsdiluted": -0.3,
        "weightedAverageShsOut": 85935000,
        "weightedAverageShsOutDil": 85935000,
        "link": "https://www.sec.gov/Archives/edgar/data/1576280/000162828019006594/0001628280-19-006594-index.htm",
        "finalLink": "https://www.sec.gov/Archives/edgar/data/1576280/000162828019006594/gh-03312019x10q.htm"
    },
    {
        "date": "2018-12-31",
        "symbol": "GH",
        "reportedCurrency": "USD",
        "cik": "0001576280",
        "fillingDate": "2019-03-19",
        "acceptedDate": "2019-03-19 17:26:21",
        "calendarYear": "2018",
        "period": "Q4",
        "revenue": 32873000,
        "costOfRevenue": 13947000,
        "grossProfit": 18926000,
        "grossProfitRatio": 0.5757308429,
        "researchAndDevelopmentExpenses": 16652000,
        "generalAndAdministrativeExpenses": 12547000,
        "sellingAndMarketingExpenses": 17114000,
        "sellingGeneralAndAdministrativeExpenses": 29661000,
        "otherExpenses": 115000,
        "operatingExpenses": 46313000,
        "costAndExpenses": 60260000,
        "interestIncome": 2334000,
        "interestExpense": 299000,
        "depreciationAndAmortization": 2169000,
        "ebitda": -22769000,
        "ebitdaratio": -0.6926352934,
        "operatingIncome": -27387000,
        "operatingIncomeRatio": -0.8331153226,
        "totalOtherIncomeExpensesNet": 2150000,
        "incomeBeforeTax": -25237000,
        "incomeBeforeTaxRatio": -0.7677121042,
        "incomeTaxExpense": 35000,
        "netIncome": -25122000,
        "netIncomeRatio": -0.7642137925,
        "eps": -0.3,
        "epsdiluted": -0.3,
        "weightedAverageShsOut": 84123000,
        "weightedAverageShsOutDil": 84123000,
        "link": "https://www.sec.gov/Archives/edgar/data/1576280/000162828019003139/0001628280-19-003139-index.htm",
        "finalLink": "https://www.sec.gov/Archives/edgar/data/1576280/000162828019003139/gh-12312018x10k.htm"
    },
    {
        "date": "2018-09-30",
        "symbol": "GH",
        "reportedCurrency": "USD",
        "cik": "0001576280",
        "fillingDate": "2018-11-19",
        "acceptedDate": "2018-11-19 16:31:49",
        "calendarYear": "2018",
        "period": "Q3",
        "revenue": 21692000,
        "costOfRevenue": 10051000,
        "grossProfit": 11641000,
        "grossProfitRatio": 0.536649456,
        "researchAndDevelopmentExpenses": 14253000,
        "generalAndAdministrativeExpenses": 8129000,
        "sellingAndMarketingExpenses": 13464000,
        "sellingGeneralAndAdministrativeExpenses": 21593000,
        "otherExpenses": 43000,
        "operatingExpenses": 35846000,
        "costAndExpenses": 45897000,
        "interestIncome": 958000,
        "interestExpense": 304000,
        "depreciationAndAmortization": 2003000,
        "ebitda": -21201000,
        "ebitdaratio": -0.9773649272,
        "operatingIncome": -24205000,
        "operatingIncomeRatio": -1.115849161,
        "totalOtherIncomeExpensesNet": 697000,
        "incomeBeforeTax": -23508000,
        "incomeBeforeTaxRatio": -1.0837174995,
        "incomeTaxExpense": 0,
        "netIncome": -24458000,
        "netIncomeRatio": -1.127512447,
        "eps": -0.29,
        "epsdiluted": -0.29,
        "weightedAverageShsOut": 83557281,
        "weightedAverageShsOutDil": 83557281,
        "link": "https://www.sec.gov/Archives/edgar/data/1576280/000162828018014499/0001628280-18-014499-index.htm",
        "finalLink": "https://www.sec.gov/Archives/edgar/data/1576280/000162828018014499/gh-09302018x10q.htm"
    },
    {
        "date": "2018-06-30",
        "symbol": "GH",
        "reportedCurrency": "USD",
        "cik": "0001576280",
        "fillingDate": "2018-06-30",
        "acceptedDate": "2018-06-29 20:00:00",
        "calendarYear": "2018",
        "period": "Q2",
        "revenue": 19382000,
        "costOfRevenue": 9959000,
        "grossProfit": 9423000,
        "grossProfitRatio": 0.4861727376,
        "researchAndDevelopmentExpenses": 11554000,
        "generalAndAdministrativeExpenses": 8997000,
        "sellingAndMarketingExpenses": 11575000,
        "sellingGeneralAndAdministrativeExpenses": 20572000,
        "otherExpenses": 0,
        "operatingExpenses": 32126000,
        "costAndExpenses": 42085000,
        "interestIncome": 989000,
        "interestExpense": 317000,
        "depreciationAndAmortization": 1569000,
        "ebitda": -19750000,
        "ebitdaratio": -1.0189866887,
        "operatingIncome": -22703000,
        "operatingIncomeRatio": -1.1713445465,
        "totalOtherIncomeExpensesNet": 1067000,
        "incomeBeforeTax": -21636000,
        "incomeBeforeTaxRatio": -1.1162934682,
        "incomeTaxExpense": 3000,
        "netIncome": -21639000,
        "netIncomeRatio": -1.116448251,
        "eps": -0.26,
        "epsdiluted": -0.26,
        "weightedAverageShsOut": 83557281,
        "weightedAverageShsOutDil": 83557281,
        "link": "",
        "finalLink": ""
    },
    {
        "date": "2018-03-31",
        "symbol": "GH",
        "reportedCurrency": "USD",
        "cik": "0001576280",
        "fillingDate": "2018-03-31",
        "acceptedDate": "2018-03-31 00:00:00",
        "calendarYear": "2018",
        "period": "Q1",
        "revenue": 16692000,
        "costOfRevenue": 9253000,
        "grossProfit": 7439000,
        "grossProfitRatio": 0.4456625929,
        "researchAndDevelopmentExpenses": 8255000,
        "generalAndAdministrativeExpenses": 6519000,
        "sellingAndMarketingExpenses": 11312000,
        "sellingGeneralAndAdministrativeExpenses": 17831000,
        "otherExpenses": 0,
        "operatingExpenses": 26086000,
        "costAndExpenses": 35339000,
        "interestIncome": 985000,
        "interestExpense": 331000,
        "depreciationAndAmortization": 1395000,
        "ebitda": -13513000,
        "ebitdaratio": -0.8095494848,
        "operatingIncome": -18647000,
        "operatingIncomeRatio": -1.1171219746,
        "totalOtherIncomeExpensesNet": 4803000,
        "incomeBeforeTax": -13844000,
        "incomeBeforeTaxRatio": -0.8293793434,
        "incomeTaxExpense": 0,
        "netIncome": -13844000,
        "netIncomeRatio": -0.8293793434,
        "eps": -0.2,
        "epsdiluted": -0.2,
        "weightedAverageShsOut": 70716000,
        "weightedAverageShsOutDil": 70716000,
        "link": "",
        "finalLink": ""
    },
    {
        "date": "2017-12-31",
        "symbol": "GH",
        "reportedCurrency": "USD",
        "cik": "0001576280",
        "fillingDate": "2017-12-31",
        "acceptedDate": "2017-12-30 19:00:00",
        "calendarYear": "2017",
        "period": "Q4",
        "revenue": 20002000,
        "costOfRevenue": 9148000,
        "grossProfit": 10854000,
        "grossProfitRatio": 0.5426457354,
        "researchAndDevelopmentExpenses": 8120000,
        "generalAndAdministrativeExpenses": 8795000,
        "sellingAndMarketingExpenses": 9556000,
        "sellingGeneralAndAdministrativeExpenses": 18351000,
        "otherExpenses": -144000,
        "operatingExpenses": 26471000,
        "costAndExpenses": 35619000,
        "interestIncome": 1012000,
        "interestExpense": 304000,
        "depreciationAndAmortization": 1392000,
        "ebitda": -13357000,
        "ebitdaratio": -0.6677832217,
        "operatingIncome": -15617000,
        "operatingIncomeRatio": -0.7807719228,
        "totalOtherIncomeExpensesNet": 564000,
        "incomeBeforeTax": -15053000,
        "incomeBeforeTaxRatio": -0.7525747425,
        "incomeTaxExpense": 7000,
        "netIncome": -15060000,
        "netIncomeRatio": -0.7529247075,
        "eps": -0.21,
        "epsdiluted": -0.21,
        "weightedAverageShsOut": 70716000,
        "weightedAverageShsOutDil": 70716000,
        "link": "",
        "finalLink": ""
    },
    {
        "date": "2017-09-30",
        "symbol": "GH",
        "reportedCurrency": "USD",
        "cik": "0001576280",
        "fillingDate": "2017-09-30",
        "acceptedDate": "2017-09-29 20:00:00",
        "calendarYear": "2017",
        "period": "Q3",
        "revenue": 11132000,
        "costOfRevenue": 8661000,
        "grossProfit": 2471000,
        "grossProfitRatio": 0.2219726913,
        "researchAndDevelopmentExpenses": 7246000,
        "generalAndAdministrativeExpenses": 16095000,
        "sellingAndMarketingExpenses": 7808000,
        "sellingGeneralAndAdministrativeExpenses": 23903000,
        "otherExpenses": -266000,
        "operatingExpenses": 31149000,
        "costAndExpenses": 39810000,
        "interestIncome": 657000,
        "interestExpense": 303000,
        "depreciationAndAmortization": 1339000,
        "ebitda": -27339000,
        "ebitdaratio": -2.4558929213,
        "operatingIncome": -28678000,
        "operatingIncomeRatio": -2.5761767876,
        "totalOtherIncomeExpensesNet": 88000,
        "incomeBeforeTax": -28590000,
        "incomeBeforeTaxRatio": -2.5682716493,
        "incomeTaxExpense": 37000,
        "netIncome": -28590000,
        "netIncomeRatio": -2.5682716493,
        "eps": -0.4,
        "epsdiluted": -0.4,
        "weightedAverageShsOut": 70716000,
        "weightedAverageShsOutDil": 70716000,
        "link": "",
        "finalLink": ""
    },
    {
        "date": "2017-06-30",
        "symbol": "GH",
        "reportedCurrency": "USD",
        "cik": "0001576280",
        "fillingDate": "2017-06-30",
        "acceptedDate": "2017-06-29 20:00:00",
        "calendarYear": "2017",
        "period": "Q2",
        "revenue": 10196000,
        "costOfRevenue": 7435000,
        "grossProfit": 2761000,
        "grossProfitRatio": 0.2707924676,
        "researchAndDevelopmentExpenses": 5975000,
        "generalAndAdministrativeExpenses": 6675000,
        "sellingAndMarketingExpenses": 7929000,
        "sellingGeneralAndAdministrativeExpenses": 14604000,
        "otherExpenses": 0,
        "operatingExpenses": 25618000,
        "costAndExpenses": 33053000,
        "interestIncome": 696000,
        "interestExpense": 0,
        "depreciationAndAmortization": 1237501,
        "ebitda": -16099499,
        "ebitdaratio": -1.5790014712,
        "operatingIncome": -17337000,
        "operatingIncomeRatio": -1.7003726952,
        "totalOtherIncomeExpensesNet": -6216000,
        "incomeBeforeTax": -23553000,
        "incomeBeforeTaxRatio": -2.3100235386,
        "incomeTaxExpense": 0,
        "netIncome": -23553000,
        "netIncomeRatio": -2.3100235386,
        "eps": -1.78,
        "epsdiluted": -1.78,
        "weightedAverageShsOut": 13223590,
        "weightedAverageShsOutDil": 13223589,
        "link": null,
        "finalLink": null
    },
    {
        "date": "2017-03-31",
        "symbol": "GH",
        "reportedCurrency": "USD",
        "cik": "0001576280",
        "fillingDate": "2017-03-31",
        "acceptedDate": "2017-03-30 20:00:00",
        "calendarYear": "2017",
        "period": "Q1",
        "revenue": 9354000,
        "costOfRevenue": 6904500,
        "grossProfit": 2449500,
        "grossProfitRatio": 0.2618665811,
        "researchAndDevelopmentExpenses": 5340000,
        "generalAndAdministrativeExpenses": 5943500,
        "sellingAndMarketingExpenses": 7566500,
        "sellingGeneralAndAdministrativeExpenses": 13510000,
        "otherExpenses": 0,
        "operatingExpenses": 21470000,
        "costAndExpenses": 28374500,
        "interestIncome": 765000,
        "interestExpense": 0,
        "depreciationAndAmortization": 1237500,
        "ebitda": -14921000,
        "ebitdaratio": -1.5951464614,
        "operatingIncome": -16158500,
        "operatingIncomeRatio": -1.7274428052,
        "totalOtherIncomeExpensesNet": -3627000,
        "incomeBeforeTax": -19785500,
        "incomeBeforeTaxRatio": -2.115191362,
        "incomeTaxExpense": 529000,
        "netIncome": -20314500,
        "netIncomeRatio": -2.1717447081,
        "eps": -1.54,
        "epsdiluted": -1.54,
        "weightedAverageShsOut": 13223597,
        "weightedAverageShsOutDil": 13223589,
        "link": null,
        "finalLink": null
    }
]