[
    {
        "date": "2025-06-30",
        "symbol": "GNT",
        "reportedCurrency": "USD",
        "cik": "0001438893",
        "fillingDate": "2025-06-30",
        "acceptedDate": "2025-06-29 20:00:00",
        "calendarYear": "2025",
        "period": "Q2",
        "revenue": 3812328,
        "costOfRevenue": 881974,
        "grossProfit": 0,
        "grossProfitRatio": 0,
        "researchAndDevelopmentExpenses": 0,
        "generalAndAdministrativeExpenses": 0,
        "sellingAndMarketingExpenses": 0,
        "sellingGeneralAndAdministrativeExpenses": 0,
        "otherExpenses": 0,
        "operatingExpenses": 0,
        "costAndExpenses": -17653386,
        "interestIncome": 0,
        "interestExpense": 0,
        "depreciationAndAmortization": 0,
        "ebitda": 21465714,
        "ebitdaratio": 5.6306052365,
        "operatingIncome": 21465714,
        "operatingIncomeRatio": 5.6306052365,
        "totalOtherIncomeExpensesNet": 13771,
        "incomeBeforeTax": 21479485,
        "incomeBeforeTaxRatio": 5.634217465,
        "incomeTaxExpense": 0,
        "netIncome": 21479485,
        "netIncomeRatio": 5.634217465,
        "eps": 1.27,
        "epsdiluted": 1.27,
        "weightedAverageShsOut": 16198039,
        "weightedAverageShsOutDil": 16198039,
        "link": null,
        "finalLink": null
    },
    {
        "date": "2024-12-31",
        "symbol": "GNT",
        "reportedCurrency": "USD",
        "cik": "0001438893",
        "fillingDate": "2024-12-31",
        "acceptedDate": "2024-12-30 19:00:00",
        "calendarYear": "2024",
        "period": "Q4",
        "revenue": 7278984,
        "costOfRevenue": 892352,
        "grossProfit": 6386632,
        "grossProfitRatio": 0.8774070667,
        "researchAndDevelopmentExpenses": 0,
        "generalAndAdministrativeExpenses": 0,
        "sellingAndMarketingExpenses": 0,
        "sellingGeneralAndAdministrativeExpenses": 5374256,
        "otherExpenses": 0,
        "operatingExpenses": 5374256,
        "costAndExpenses": 6266608,
        "interestIncome": 0,
        "interestExpense": 0,
        "depreciationAndAmortization": 0,
        "ebitda": 1012376,
        "ebitdaratio": 0.1390820477,
        "operatingIncome": 1012376,
        "operatingIncomeRatio": 0.1390820477,
        "totalOtherIncomeExpensesNet": 4175,
        "incomeBeforeTax": 1016551,
        "incomeBeforeTaxRatio": 0.1396556168,
        "incomeTaxExpense": 0,
        "netIncome": 1016551,
        "netIncomeRatio": 0.1396556168,
        "eps": 0.0048,
        "epsdiluted": 0.0048,
        "weightedAverageShsOut": 16198039,
        "weightedAverageShsOutDil": 16198039,
        "link": null,
        "finalLink": null
    },
    {
        "date": "2024-06-30",
        "symbol": "GNT",
        "reportedCurrency": "USD",
        "cik": "0001438893",
        "fillingDate": "2024-06-30",
        "acceptedDate": "2024-06-28 20:00:00",
        "calendarYear": "2024",
        "period": "Q2",
        "revenue": 3326256,
        "costOfRevenue": 802275,
        "grossProfit": 2523981,
        "grossProfitRatio": 0.7588053956,
        "researchAndDevelopmentExpenses": 0,
        "generalAndAdministrativeExpenses": 0,
        "sellingAndMarketingExpenses": 0,
        "sellingGeneralAndAdministrativeExpenses": 1719186,
        "otherExpenses": 0,
        "operatingExpenses": 1719186,
        "costAndExpenses": -916911,
        "interestIncome": 0,
        "interestExpense": 0,
        "depreciationAndAmortization": 0,
        "ebitda": 4243167,
        "ebitdaratio": 1.2756585783,
        "operatingIncome": 4243167,
        "operatingIncomeRatio": 1.2756585783,
        "totalOtherIncomeExpensesNet": -2946,
        "incomeBeforeTax": 4240221,
        "incomeBeforeTaxRatio": 1.2747728978,
        "incomeTaxExpense": 0,
        "netIncome": 4240221,
        "netIncomeRatio": 1.2747728978,
        "eps": 0.21,
        "epsdiluted": 0.21,
        "weightedAverageShsOut": 16228262,
        "weightedAverageShsOutDil": 16228262,
        "link": null,
        "finalLink": null
    },
    {
        "date": "2023-12-31",
        "symbol": "GNT",
        "reportedCurrency": "USD",
        "cik": "0001438893",
        "fillingDate": "2023-12-31",
        "acceptedDate": "2023-12-29 19:00:00",
        "calendarYear": "2023",
        "period": "Q4",
        "revenue": 4349636,
        "costOfRevenue": 893529,
        "grossProfit": 3456107,
        "grossProfitRatio": 0.7945738448,
        "researchAndDevelopmentExpenses": 0,
        "generalAndAdministrativeExpenses": 0,
        "sellingAndMarketingExpenses": 0,
        "sellingGeneralAndAdministrativeExpenses": 0,
        "otherExpenses": -1386605,
        "operatingExpenses": -1386605,
        "costAndExpenses": -493073,
        "interestIncome": 0,
        "interestExpense": 0,
        "depreciationAndAmortization": 4841271,
        "ebitda": 4842710,
        "ebitdaratio": 1.1133598306,
        "operatingIncome": 4842710,
        "operatingIncomeRatio": 1.1133598306,
        "totalOtherIncomeExpensesNet": -1439,
        "incomeBeforeTax": 4841271,
        "incomeBeforeTaxRatio": 1.1130289983,
        "incomeTaxExpense": 0,
        "netIncome": 4841271,
        "netIncomeRatio": 1.1130289983,
        "eps": 0.24,
        "epsdiluted": 0.24,
        "weightedAverageShsOut": 17132962,
        "weightedAverageShsOutDil": 17132962,
        "link": null,
        "finalLink": null
    },
    {
        "date": "2023-06-30",
        "symbol": "GNT",
        "reportedCurrency": "USD",
        "cik": "0001438893",
        "fillingDate": "2023-06-30",
        "acceptedDate": "2023-06-29 20:00:00",
        "calendarYear": "2023",
        "period": "Q2",
        "revenue": 9416351,
        "costOfRevenue": 828325,
        "grossProfit": 8588026,
        "grossProfitRatio": 0.9120333344,
        "researchAndDevelopmentExpenses": 0,
        "generalAndAdministrativeExpenses": 0,
        "sellingAndMarketingExpenses": 0,
        "sellingGeneralAndAdministrativeExpenses": 0,
        "otherExpenses": 0.5052773627491158,
        "operatingExpenses": 3830498,
        "costAndExpenses": 4658826,
        "interestIncome": 0,
        "interestExpense": 0,
        "depreciationAndAmortization": 4757869,
        "ebitda": 4757530,
        "ebitdaratio": 0.5052413615,
        "operatingIncome": 4757530,
        "operatingIncomeRatio": 0.5052413615,
        "totalOtherIncomeExpensesNet": 344,
        "incomeBeforeTax": 4757869,
        "incomeBeforeTaxRatio": 0.5052773627,
        "incomeTaxExpense": 0.23,
        "netIncome": 4757869,
        "netIncomeRatio": 0.5052773627,
        "eps": 0.23,
        "epsdiluted": 0.23,
        "weightedAverageShsOut": 17387439,
        "weightedAverageShsOutDil": 17387439,
        "link": null,
        "finalLink": null
    },
    {
        "date": "2022-12-31",
        "symbol": "GNT",
        "reportedCurrency": "USD",
        "cik": "0001438893",
        "fillingDate": "2022-12-31",
        "acceptedDate": "2022-12-31 00:00:00",
        "calendarYear": "2022",
        "period": "Q4",
        "revenue": 5797804,
        "costOfRevenue": 797924,
        "grossProfit": 4999880,
        "grossProfitRatio": 0.8623747888,
        "researchAndDevelopmentExpenses": 0,
        "generalAndAdministrativeExpenses": 0,
        "sellingAndMarketingExpenses": 0,
        "sellingGeneralAndAdministrativeExpenses": 0,
        "otherExpenses": 2.142007732582888,
        "operatingExpenses": -7425729,
        "costAndExpenses": -6627801,
        "interestIncome": 0,
        "interestExpense": 0,
        "depreciationAndAmortization": 12418941,
        "ebitda": 12425610,
        "ebitdaratio": 2.1431579957,
        "operatingIncome": 12425610,
        "operatingIncomeRatio": 2.1431579957,
        "totalOtherIncomeExpensesNet": -6664,
        "incomeBeforeTax": 12418941,
        "incomeBeforeTaxRatio": 2.1420077326,
        "incomeTaxExpense": 0.6327,
        "netIncome": 12418941,
        "netIncomeRatio": 2.1420077326,
        "eps": 0.63,
        "epsdiluted": 0.63,
        "weightedAverageShsOut": 18428370,
        "weightedAverageShsOutDil": 18428370,
        "link": null,
        "finalLink": null
    },
    {
        "date": "2022-06-30",
        "symbol": "GNT",
        "reportedCurrency": "USD",
        "cik": "0001438893",
        "fillingDate": "2022-06-30",
        "acceptedDate": "2022-06-28 20:00:00",
        "calendarYear": "2022",
        "period": "Q2",
        "revenue": -3758617,
        "costOfRevenue": 859766,
        "grossProfit": -4618383,
        "grossProfitRatio": 1.2287453071,
        "researchAndDevelopmentExpenses": 0,
        "generalAndAdministrativeExpenses": 0,
        "sellingAndMarketingExpenses": 0,
        "sellingGeneralAndAdministrativeExpenses": 0,
        "otherExpenses": 1.7770658728995266,
        "operatingExpenses": 2093404,
        "costAndExpenses": -6711790,
        "interestIncome": 0,
        "interestExpense": 0,
        "depreciationAndAmortization": -6679310,
        "ebitda": -6711790,
        "ebitdaratio": 1.7857073493,
        "operatingIncome": -6679310,
        "operatingIncomeRatio": 1.7770658729,
        "totalOtherIncomeExpensesNet": 32474,
        "incomeBeforeTax": -0.4027,
        "incomeBeforeTaxRatio": 1.071e-07,
        "incomeTaxExpense": -0.4027,
        "netIncome": 18475439,
        "netIncomeRatio": -4.9154885959,
        "eps": 1,
        "epsdiluted": 1,
        "weightedAverageShsOut": 18475439,
        "weightedAverageShsOutDil": 18475439,
        "link": null,
        "finalLink": null
    },
    {
        "date": "2021-12-31",
        "symbol": "GNT",
        "reportedCurrency": "USD",
        "cik": "0001438893",
        "fillingDate": "2021-12-31",
        "acceptedDate": "2021-12-29 19:00:00",
        "calendarYear": "2021",
        "period": "Q4",
        "revenue": 6868134,
        "costOfRevenue": 840342,
        "grossProfit": 6027792,
        "grossProfitRatio": 0.8776462428,
        "researchAndDevelopmentExpenses": 0,
        "generalAndAdministrativeExpenses": 0,
        "sellingAndMarketingExpenses": 0,
        "sellingGeneralAndAdministrativeExpenses": 0,
        "otherExpenses": 0.5909555637673929,
        "operatingExpenses": 0.5909555637673929,
        "costAndExpenses": 4085090,
        "interestIncome": 4085090,
        "interestExpense": 0,
        "depreciationAndAmortization": 4058761,
        "ebitda": 4085091,
        "ebitdaratio": 0.594789065,
        "operatingIncome": 4058761,
        "operatingIncomeRatio": 0.5909554182,
        "totalOtherIncomeExpensesNet": -26330,
        "incomeBeforeTax": 0.174,
        "incomeBeforeTaxRatio": 2.53e-08,
        "incomeTaxExpense": 0.174,
        "netIncome": 18960489,
        "netIncomeRatio": 2.7606463415,
        "eps": 0.98,
        "epsdiluted": 0.98,
        "weightedAverageShsOut": 19396840,
        "weightedAverageShsOutDil": 19396840,
        "link": null,
        "finalLink": null
    },
    {
        "date": "2021-06-30",
        "symbol": "GNT",
        "reportedCurrency": "USD",
        "cik": "0001438893",
        "fillingDate": "2021-06-30",
        "acceptedDate": "2021-06-28 20:00:00",
        "calendarYear": "2021",
        "period": "Q2",
        "revenue": 2023800,
        "costOfRevenue": 864674,
        "grossProfit": 1159126,
        "grossProfitRatio": 0.572747307,
        "researchAndDevelopmentExpenses": 0,
        "generalAndAdministrativeExpenses": 0,
        "sellingAndMarketingExpenses": 0,
        "sellingGeneralAndAdministrativeExpenses": 0,
        "otherExpenses": 2.790456566854432,
        "operatingExpenses": 2.790456566854432,
        "costAndExpenses": 5652610,
        "interestIncome": 5652610,
        "interestExpense": 0,
        "depreciationAndAmortization": 5647326,
        "ebitda": 5652609,
        "ebitdaratio": 2.7930670027,
        "operatingIncome": 5647326,
        "operatingIncomeRatio": 2.7904565669,
        "totalOtherIncomeExpensesNet": -5283,
        "incomeBeforeTax": 0.2576,
        "incomeBeforeTaxRatio": 1.273e-07,
        "incomeTaxExpense": 0.2576,
        "netIncome": 18973227,
        "netIncomeRatio": 9.3750504002,
        "eps": 0.98,
        "epsdiluted": 0.98,
        "weightedAverageShsOut": 19396840,
        "weightedAverageShsOutDil": 19396840,
        "link": null,
        "finalLink": null
    },
    {
        "date": "2020-12-31",
        "symbol": "GNT",
        "reportedCurrency": "USD",
        "cik": "0001438893",
        "fillingDate": "2020-12-31",
        "acceptedDate": "2020-12-29 19:00:00",
        "calendarYear": "2020",
        "period": "Q4",
        "revenue": 7441462,
        "costOfRevenue": 827355,
        "grossProfit": 6614107,
        "grossProfitRatio": 0.8888182188,
        "researchAndDevelopmentExpenses": 0,
        "generalAndAdministrativeExpenses": 0,
        "sellingAndMarketingExpenses": 0,
        "sellingGeneralAndAdministrativeExpenses": 0,
        "otherExpenses": 1.3059615167019598,
        "operatingExpenses": 1.3059615167019598,
        "costAndExpenses": 9697300,
        "interestIncome": 9697300,
        "interestExpense": 0,
        "depreciationAndAmortization": 9718263,
        "ebitda": 9697302,
        "ebitdaratio": 1.3031447315,
        "operatingIncome": 9718263,
        "operatingIncomeRatio": 1.3059615167,
        "totalOtherIncomeExpensesNet": 20961,
        "incomeBeforeTax": 0.4405,
        "incomeBeforeTaxRatio": 5.92e-08,
        "incomeTaxExpense": 0.4405,
        "netIncome": 20336250,
        "netIncomeRatio": 2.7328299197,
        "eps": 1,
        "epsdiluted": 1,
        "weightedAverageShsOut": 20367652,
        "weightedAverageShsOutDil": 20367652,
        "link": null,
        "finalLink": null
    },
    {
        "date": "2020-06-30",
        "symbol": "GNT",
        "reportedCurrency": "USD",
        "cik": "0001438893",
        "fillingDate": "2020-06-30",
        "acceptedDate": "2020-06-28 20:00:00",
        "calendarYear": "2020",
        "period": "Q2",
        "revenue": 9220848,
        "costOfRevenue": 790853,
        "grossProfit": 8429995,
        "grossProfitRatio": 0.914232075,
        "researchAndDevelopmentExpenses": 0,
        "generalAndAdministrativeExpenses": 0,
        "sellingAndMarketingExpenses": 0,
        "sellingGeneralAndAdministrativeExpenses": 0,
        "otherExpenses": -0.4334331289269707,
        "operatingExpenses": -0.4334331289269707,
        "costAndExpenses": -3979870,
        "interestIncome": 0,
        "interestExpense": 0,
        "depreciationAndAmortization": -3996621,
        "ebitda": -3979871,
        "ebitdaratio": -0.4316165932,
        "operatingIncome": -3996621,
        "operatingIncomeRatio": -0.4334331289,
        "totalOtherIncomeExpensesNet": -16750,
        "incomeBeforeTax": -0.2287,
        "incomeBeforeTaxRatio": -2.48e-08,
        "incomeTaxExpense": -0.2287,
        "netIncome": 20801934,
        "netIncomeRatio": 2.2559675639,
        "eps": 1.02,
        "epsdiluted": 1.02,
        "weightedAverageShsOut": 20367652,
        "weightedAverageShsOutDil": 20367652,
        "link": null,
        "finalLink": null
    },
    {
        "date": "2019-12-31",
        "symbol": "GNT",
        "reportedCurrency": "USD",
        "cik": "0001438893",
        "fillingDate": "2019-12-31",
        "acceptedDate": "2019-12-29 19:00:00",
        "calendarYear": "2019",
        "period": "Q4",
        "revenue": -454892,
        "costOfRevenue": 929520,
        "grossProfit": -1384412,
        "grossProfitRatio": 3.0433861224,
        "researchAndDevelopmentExpenses": 0,
        "generalAndAdministrativeExpenses": 0,
        "sellingAndMarketingExpenses": 0,
        "sellingGeneralAndAdministrativeExpenses": 0,
        "otherExpenses": -14.251286019538703,
        "operatingExpenses": -14.251286019538703,
        "costAndExpenses": 6477340,
        "interestIncome": 6477340,
        "interestExpense": 0,
        "depreciationAndAmortization": 6482796,
        "ebitda": 6477342,
        "ebitdaratio": -14.2392963605,
        "operatingIncome": 6482796,
        "operatingIncomeRatio": -14.2512860195,
        "totalOtherIncomeExpensesNet": 5454,
        "incomeBeforeTax": 0.2737,
        "incomeBeforeTaxRatio": -6.017e-07,
        "incomeTaxExpense": 0.2737,
        "netIncome": 20902112,
        "netIncomeRatio": -45.949614414,
        "eps": 1,
        "epsdiluted": 1,
        "weightedAverageShsOut": 20898411,
        "weightedAverageShsOutDil": 20898411,
        "link": null,
        "finalLink": null
    },
    {
        "date": "2019-06-30",
        "symbol": "GNT",
        "reportedCurrency": "USD",
        "cik": "0001438893",
        "fillingDate": "2019-06-30",
        "acceptedDate": "2019-06-28 20:00:00",
        "calendarYear": "2019",
        "period": "Q2",
        "revenue": -4946448,
        "costOfRevenue": 850559,
        "grossProfit": -5797007,
        "grossProfitRatio": 1.1719534907,
        "researchAndDevelopmentExpenses": 0,
        "generalAndAdministrativeExpenses": 0,
        "sellingAndMarketingExpenses": 0,
        "sellingGeneralAndAdministrativeExpenses": 0,
        "otherExpenses": 22544195,
        "operatingExpenses": -22544195,
        "costAndExpenses": -21693635,
        "interestIncome": 0,
        "interestExpense": 0,
        "depreciationAndAmortization": 0,
        "ebitda": 16747190,
        "ebitdaratio": -3.3857002035,
        "operatingIncome": 16747190,
        "operatingIncomeRatio": -3.3857002035,
        "totalOtherIncomeExpensesNet": -17153,
        "incomeBeforeTax": 16730037,
        "incomeBeforeTaxRatio": -3.3822324626,
        "incomeTaxExpense": 0,
        "netIncome": 16730037,
        "netIncomeRatio": -3.3822324626,
        "eps": 0.8,
        "epsdiluted": 0.8,
        "weightedAverageShsOut": 20894710,
        "weightedAverageShsOutDil": 20894710,
        "link": null,
        "finalLink": null
    }
]