[
    {
        "date": "2025-06-30",
        "symbol": "GNW",
        "reportedCurrency": "USD",
        "cik": "0001276520",
        "fillingDate": "2025-07-31",
        "acceptedDate": "2025-07-31 16:37:44",
        "calendarYear": "2025",
        "period": "Q2",
        "revenue": 1727000000,
        "costOfRevenue": 1645000000,
        "grossProfit": 82000000,
        "grossProfitRatio": 0.0474811812,
        "researchAndDevelopmentExpenses": 0,
        "generalAndAdministrativeExpenses": 0,
        "sellingAndMarketingExpenses": 0,
        "sellingGeneralAndAdministrativeExpenses": 0,
        "otherExpenses": -43000000,
        "operatingExpenses": -43000000,
        "costAndExpenses": 1602000000,
        "interestIncome": 0,
        "interestExpense": 26000000,
        "depreciationAndAmortization": 0,
        "ebitda": 151000000,
        "ebitdaratio": 0.0874348581,
        "operatingIncome": 151000000,
        "operatingIncomeRatio": 0.0874348581,
        "totalOtherIncomeExpensesNet": -26000000,
        "incomeBeforeTax": 125000000,
        "incomeBeforeTaxRatio": 0.0723798494,
        "incomeTaxExpense": 35000000,
        "netIncome": 51000000,
        "netIncomeRatio": 0.0295309786,
        "eps": 0.12,
        "epsdiluted": 0.12,
        "weightedAverageShsOut": 413200000,
        "weightedAverageShsOutDil": 417500000,
        "link": "https://www.sec.gov/Archives/edgar/data/1276520/000119312525170565/0001193125-25-170565-index.htm",
        "finalLink": "https://www.sec.gov/Archives/edgar/data/1276520/000119312525170565/d19056d10q.htm"
    },
    {
        "date": "2025-03-31",
        "symbol": "GNW",
        "reportedCurrency": "USD",
        "cik": "0001276520",
        "fillingDate": "2025-05-02",
        "acceptedDate": "2025-05-02 06:31:11",
        "calendarYear": "2025",
        "period": "Q1",
        "revenue": 1786000000,
        "costOfRevenue": 0,
        "grossProfit": 1786000000,
        "grossProfitRatio": 1,
        "researchAndDevelopmentExpenses": 0,
        "generalAndAdministrativeExpenses": 0,
        "sellingAndMarketingExpenses": 0,
        "sellingGeneralAndAdministrativeExpenses": 0,
        "otherExpenses": 18000000,
        "operatingExpenses": 18000000,
        "costAndExpenses": 1696000000,
        "interestIncome": 0,
        "interestExpense": 26000000,
        "depreciationAndAmortization": -62000000,
        "ebitda": 90000000,
        "ebitdaratio": 0.0503919373,
        "operatingIncome": 90000000,
        "operatingIncomeRatio": 0.0503919373,
        "totalOtherIncomeExpensesNet": 36000000,
        "incomeBeforeTax": 126000000,
        "incomeBeforeTaxRatio": 0.0705487122,
        "incomeTaxExpense": 36000000,
        "netIncome": 54000000,
        "netIncomeRatio": 0.0302351624,
        "eps": 0.13,
        "epsdiluted": 0.13,
        "weightedAverageShsOut": 418300000,
        "weightedAverageShsOutDil": 422900000,
        "link": "https://www.sec.gov/Archives/edgar/data/1276520/000119312525110536/0001193125-25-110536-index.htm",
        "finalLink": "https://www.sec.gov/Archives/edgar/data/1276520/000119312525110536/d948833d10q.htm"
    },
    {
        "date": "2024-12-31",
        "symbol": "GNW",
        "reportedCurrency": "USD",
        "cik": "0001276520",
        "fillingDate": "2025-02-28",
        "acceptedDate": "2025-02-28 13:57:37",
        "calendarYear": "2024",
        "period": "Q4",
        "revenue": 1722000000,
        "costOfRevenue": 1700000000,
        "grossProfit": 22000000,
        "grossProfitRatio": 0.012775842,
        "researchAndDevelopmentExpenses": 0,
        "generalAndAdministrativeExpenses": 0,
        "sellingAndMarketingExpenses": 0,
        "sellingGeneralAndAdministrativeExpenses": 0,
        "otherExpenses": -33000000,
        "operatingExpenses": -33000000,
        "costAndExpenses": 1667000000,
        "interestIncome": 0,
        "interestExpense": 27000000,
        "depreciationAndAmortization": 291000000,
        "ebitda": 373000000,
        "ebitdaratio": 0.2166085947,
        "operatingIncome": 55000000,
        "operatingIncomeRatio": 0.0319396051,
        "totalOtherIncomeExpensesNet": -22000000,
        "incomeBeforeTax": 55000000,
        "incomeBeforeTaxRatio": 0.0319396051,
        "incomeTaxExpense": 20000000,
        "netIncome": -1000000,
        "netIncomeRatio": -0.0005807201,
        "eps": -0.0024,
        "epsdiluted": -0.0023,
        "weightedAverageShsOut": 425300000,
        "weightedAverageShsOutDil": 431000000,
        "link": "https://www.sec.gov/Archives/edgar/data/1276520/000119312525041860/0001193125-25-041860-index.htm",
        "finalLink": "https://www.sec.gov/Archives/edgar/data/1276520/000119312525041860/d869080d10k.htm"
    },
    {
        "date": "2024-09-30",
        "symbol": "GNW",
        "reportedCurrency": "USD",
        "cik": "0001276520",
        "fillingDate": "2024-11-07",
        "acceptedDate": "2024-11-07 17:02:51",
        "calendarYear": "2024",
        "period": "Q3",
        "revenue": 1825000000,
        "costOfRevenue": 0,
        "grossProfit": 1880000000,
        "grossProfitRatio": 1.0301369863,
        "researchAndDevelopmentExpenses": 0,
        "generalAndAdministrativeExpenses": 0,
        "sellingAndMarketingExpenses": 0,
        "sellingGeneralAndAdministrativeExpenses": 0,
        "otherExpenses": -8000000,
        "operatingExpenses": -8000000,
        "costAndExpenses": 1638000000,
        "interestIncome": 0,
        "interestExpense": 28000000,
        "depreciationAndAmortization": 0,
        "ebitda": 189000000,
        "ebitdaratio": 0.1035616438,
        "operatingIncome": 121000000,
        "operatingIncomeRatio": 0.0663013699,
        "totalOtherIncomeExpensesNet": 40000000,
        "incomeBeforeTax": 161000000,
        "incomeBeforeTaxRatio": 0.0882191781,
        "incomeTaxExpense": 40000000,
        "netIncome": 85000000,
        "netIncomeRatio": 0.0465753425,
        "eps": 0.2,
        "epsdiluted": 0.2,
        "weightedAverageShsOut": 430800000,
        "weightedAverageShsOutDil": 435800000,
        "link": "https://www.sec.gov/Archives/edgar/data/1276520/000119312524253279/0001193125-24-253279-index.htm",
        "finalLink": "https://www.sec.gov/Archives/edgar/data/1276520/000119312524253279/d894525d10q.htm"
    },
    {
        "date": "2024-06-30",
        "symbol": "GNW",
        "reportedCurrency": "USD",
        "cik": "0001276520",
        "fillingDate": "2024-08-02",
        "acceptedDate": "2024-08-02 06:32:55",
        "calendarYear": "2024",
        "period": "Q2",
        "revenue": 1738000000,
        "costOfRevenue": 167000000,
        "grossProfit": 1571000000,
        "grossProfitRatio": 0.9039125432,
        "researchAndDevelopmentExpenses": 0,
        "generalAndAdministrativeExpenses": 0,
        "sellingAndMarketingExpenses": 0,
        "sellingGeneralAndAdministrativeExpenses": 0,
        "otherExpenses": -278000000,
        "operatingExpenses": 278000000,
        "costAndExpenses": -1554000000,
        "interestIncome": 0,
        "interestExpense": 30000000,
        "depreciationAndAmortization": -173000000,
        "ebitda": 173000000,
        "ebitdaratio": 0.0995397008,
        "operatingIncome": 173000000,
        "operatingIncomeRatio": 0.0995397008,
        "totalOtherIncomeExpensesNet": 32000000,
        "incomeBeforeTax": 143000000,
        "incomeBeforeTaxRatio": 0.082278481,
        "incomeTaxExpense": 32000000,
        "netIncome": 76000000,
        "netIncomeRatio": 0.0437284235,
        "eps": 0.17,
        "epsdiluted": 0.17,
        "weightedAverageShsOut": 436400000,
        "weightedAverageShsOutDil": 440700000,
        "link": "https://www.sec.gov/Archives/edgar/data/1276520/000119312524192025/0001193125-24-192025-index.htm",
        "finalLink": "https://www.sec.gov/Archives/edgar/data/1276520/000119312524192025/d844928d10q.htm"
    },
    {
        "date": "2024-03-31",
        "symbol": "GNW",
        "reportedCurrency": "USD",
        "cik": "0001276520",
        "fillingDate": "2024-05-03",
        "acceptedDate": "2024-05-03 06:37:03",
        "calendarYear": "2024",
        "period": "Q1",
        "revenue": 1895000000,
        "costOfRevenue": 31000000,
        "grossProfit": 1864000000,
        "grossProfitRatio": 0.9836411609,
        "researchAndDevelopmentExpenses": 0,
        "generalAndAdministrativeExpenses": 0,
        "sellingAndMarketingExpenses": 0,
        "sellingGeneralAndAdministrativeExpenses": 0,
        "otherExpenses": 302000000,
        "operatingExpenses": 302000000,
        "costAndExpenses": 1630000000,
        "interestIncome": 0,
        "interestExpense": 30000000,
        "depreciationAndAmortization": -266000000,
        "ebitda": 266000000,
        "ebitdaratio": 0.1403693931,
        "operatingIncome": 266000000,
        "operatingIncomeRatio": 0.1403693931,
        "totalOtherIncomeExpensesNet": 66000000,
        "incomeBeforeTax": 236000000,
        "incomeBeforeTaxRatio": 0.1245382586,
        "incomeTaxExpense": 66000000,
        "netIncome": 139000000,
        "netIncomeRatio": 0.0733509235,
        "eps": 0.31,
        "epsdiluted": 0.31,
        "weightedAverageShsOut": 443000000,
        "weightedAverageShsOutDil": 450300000,
        "link": "https://www.sec.gov/Archives/edgar/data/1276520/000119312524129906/0001193125-24-129906-index.htm",
        "finalLink": "https://www.sec.gov/Archives/edgar/data/1276520/000119312524129906/d792453d10q.htm"
    },
    {
        "date": "2023-12-31",
        "symbol": "GNW",
        "reportedCurrency": "USD",
        "cik": "0001276520",
        "fillingDate": "2024-02-29",
        "acceptedDate": "2024-02-29 07:09:50",
        "calendarYear": "2023",
        "period": "Q4",
        "revenue": 1481000000,
        "costOfRevenue": 0,
        "grossProfit": 1481000000,
        "grossProfitRatio": 1,
        "researchAndDevelopmentExpenses": 0,
        "generalAndAdministrativeExpenses": 0,
        "sellingAndMarketingExpenses": 0,
        "sellingGeneralAndAdministrativeExpenses": 0,
        "otherExpenses": -311000000,
        "operatingExpenses": 311000000,
        "costAndExpenses": -1668000000,
        "interestIncome": 0,
        "interestExpense": 30000000,
        "depreciationAndAmortization": 185000000,
        "ebitda": 0,
        "ebitdaratio": 0,
        "operatingIncome": -31000000,
        "operatingIncomeRatio": -0.0209318028,
        "totalOtherIncomeExpensesNet": -93000000,
        "incomeBeforeTax": -217000000,
        "incomeBeforeTaxRatio": -0.1465226199,
        "incomeTaxExpense": -36000000,
        "netIncome": -212000000,
        "netIncomeRatio": -0.1431465226,
        "eps": -0.47,
        "epsdiluted": -0.47,
        "weightedAverageShsOut": 449400000,
        "weightedAverageShsOutDil": 449400000,
        "link": "https://www.sec.gov/Archives/edgar/data/1276520/000119312524051772/0001193125-24-051772-index.htm",
        "finalLink": "https://www.sec.gov/Archives/edgar/data/1276520/000119312524051772/d699556d10k.htm"
    },
    {
        "date": "2023-09-30",
        "symbol": "GNW",
        "reportedCurrency": "USD",
        "cik": "0001276520",
        "fillingDate": "2023-11-09",
        "acceptedDate": "2023-11-09 10:52:10",
        "calendarYear": "2023",
        "period": "Q3",
        "revenue": 1831000000,
        "costOfRevenue": 0,
        "grossProfit": 1831000000,
        "grossProfitRatio": 1,
        "researchAndDevelopmentExpenses": 0,
        "generalAndAdministrativeExpenses": 0,
        "sellingAndMarketingExpenses": 0,
        "sellingGeneralAndAdministrativeExpenses": 0,
        "otherExpenses": 228000000,
        "operatingExpenses": 228000000,
        "costAndExpenses": 1741000000,
        "interestIncome": 0,
        "interestExpense": 30000000,
        "depreciationAndAmortization": -120000000,
        "ebitda": 120000000,
        "ebitdaratio": 0.0655379574,
        "operatingIncome": 60000000,
        "operatingIncomeRatio": 0.0327689787,
        "totalOtherIncomeExpensesNet": -30000000,
        "incomeBeforeTax": 90000000,
        "incomeBeforeTaxRatio": 0.0491534681,
        "incomeTaxExpense": 30000000,
        "netIncome": 29000000,
        "netIncomeRatio": 0.0158383397,
        "eps": 0.06,
        "epsdiluted": 0.06,
        "weightedAverageShsOut": 460500000,
        "weightedAverageShsOutDil": 466000000,
        "link": "https://www.sec.gov/Archives/edgar/data/1276520/000119312523274229/0001193125-23-274229-index.htm",
        "finalLink": "https://www.sec.gov/Archives/edgar/data/1276520/000119312523274229/d502380d10q.htm"
    },
    {
        "date": "2023-06-30",
        "symbol": "GNW",
        "reportedCurrency": "USD",
        "cik": "0001276520",
        "fillingDate": "2023-08-09",
        "acceptedDate": "2023-08-09 16:15:20",
        "calendarYear": "2023",
        "period": "Q2",
        "revenue": 277522000,
        "costOfRevenue": 0,
        "grossProfit": 277522000,
        "grossProfitRatio": 1,
        "researchAndDevelopmentExpenses": 0,
        "generalAndAdministrativeExpenses": 0,
        "sellingAndMarketingExpenses": 0,
        "sellingGeneralAndAdministrativeExpenses": 0,
        "otherExpenses": -64463000,
        "operatingExpenses": -64463000,
        "costAndExpenses": 63375000,
        "interestIncome": 0,
        "interestExpense": 29000000,
        "depreciationAndAmortization": -250000000,
        "ebitda": 250000000,
        "ebitdaratio": 0.9008294838,
        "operatingIncome": 213059000,
        "operatingIncomeRatio": 0.7677193159,
        "totalOtherIncomeExpensesNet": -1673000000,
        "incomeBeforeTax": 221000000,
        "incomeBeforeTaxRatio": 0.7963332637,
        "incomeTaxExpense": 55000000,
        "netIncome": 137000000,
        "netIncomeRatio": 0.4936545571,
        "eps": 0.29,
        "epsdiluted": 0.29,
        "weightedAverageShsOut": 473200000,
        "weightedAverageShsOutDil": 478100000,
        "link": "https://www.sec.gov/Archives/edgar/data/1276520/000119312523207365/0001193125-23-207365-index.htm",
        "finalLink": "https://www.sec.gov/Archives/edgar/data/1276520/000119312523207365/d446759d10q.htm"
    },
    {
        "date": "2023-03-31",
        "symbol": "GNW",
        "reportedCurrency": "USD",
        "cik": "0001276520",
        "fillingDate": "2023-05-05",
        "acceptedDate": "2023-05-05 16:34:20",
        "calendarYear": "2023",
        "period": "Q1",
        "revenue": 1854000000,
        "costOfRevenue": 0,
        "grossProfit": 1854000000,
        "grossProfitRatio": 1,
        "researchAndDevelopmentExpenses": 0,
        "generalAndAdministrativeExpenses": 0,
        "sellingAndMarketingExpenses": 0,
        "sellingGeneralAndAdministrativeExpenses": 0,
        "otherExpenses": 283000000,
        "operatingExpenses": 283000000,
        "costAndExpenses": 1721000000,
        "interestIncome": 0,
        "interestExpense": 29000000,
        "depreciationAndAmortization": -251000000,
        "ebitda": 162000000,
        "ebitdaratio": 0.0873786408,
        "operatingIncome": 130000000,
        "operatingIncomeRatio": 0.0701186624,
        "totalOtherIncomeExpensesNet": 39000000,
        "incomeBeforeTax": 209000000,
        "incomeBeforeTaxRatio": 0.1127292341,
        "incomeTaxExpense": 55000000,
        "netIncome": 122000000,
        "netIncomeRatio": 0.0658036677,
        "eps": 0.13,
        "epsdiluted": 0.12,
        "weightedAverageShsOut": 492300000,
        "weightedAverageShsOutDil": 500100000,
        "link": "https://www.sec.gov/Archives/edgar/data/1276520/000119312523137162/0001193125-23-137162-index.htm",
        "finalLink": "https://www.sec.gov/Archives/edgar/data/1276520/000119312523137162/d482939d10q.htm"
    },
    {
        "date": "2022-12-31",
        "symbol": "GNW",
        "reportedCurrency": "USD",
        "cik": "0001276520",
        "fillingDate": "2023-02-28",
        "acceptedDate": "2023-02-28 16:38:30",
        "calendarYear": "2022",
        "period": "Q4",
        "revenue": 1895000000,
        "costOfRevenue": 0,
        "grossProfit": 1895000000,
        "grossProfitRatio": 1,
        "researchAndDevelopmentExpenses": 0,
        "generalAndAdministrativeExpenses": 0,
        "sellingAndMarketingExpenses": 0,
        "sellingGeneralAndAdministrativeExpenses": 0,
        "otherExpenses": 782000000,
        "operatingExpenses": 782000000,
        "costAndExpenses": 1635000000,
        "interestIncome": 0,
        "interestExpense": 28000000,
        "depreciationAndAmortization": -562000000,
        "ebitda": 497000000,
        "ebitdaratio": 0.2622691293,
        "operatingIncome": 175000000,
        "operatingIncomeRatio": 0.092348285,
        "totalOtherIncomeExpensesNet": -259000000,
        "incomeBeforeTax": 260000000,
        "incomeBeforeTaxRatio": 0.1372031662,
        "incomeTaxExpense": 56000000,
        "netIncome": 175000000,
        "netIncomeRatio": 0.092348285,
        "eps": 0.35,
        "epsdiluted": 0.35,
        "weightedAverageShsOut": 496700000,
        "weightedAverageShsOutDil": 503200000,
        "link": "https://www.sec.gov/Archives/edgar/data/1276520/000119312523053994/0001193125-23-053994-index.htm",
        "finalLink": "https://www.sec.gov/Archives/edgar/data/1276520/000119312523053994/d437995d10k.htm"
    },
    {
        "date": "2022-09-30",
        "symbol": "GNW",
        "reportedCurrency": "USD",
        "cik": "0001276520",
        "fillingDate": "2022-11-03",
        "acceptedDate": "2022-11-03 16:42:19",
        "calendarYear": "2022",
        "period": "Q3",
        "revenue": 1839000000,
        "costOfRevenue": 0,
        "grossProfit": 1839000000,
        "grossProfitRatio": 1,
        "researchAndDevelopmentExpenses": 0,
        "generalAndAdministrativeExpenses": 0,
        "sellingAndMarketingExpenses": 0,
        "sellingGeneralAndAdministrativeExpenses": 0,
        "otherExpenses": 240000000,
        "operatingExpenses": 240000000,
        "costAndExpenses": 1653000000,
        "interestIncome": 0,
        "interestExpense": 26000000,
        "depreciationAndAmortization": -252000000,
        "ebitda": 212000000,
        "ebitdaratio": 0.1152800435,
        "operatingIncome": 134000000,
        "operatingIncomeRatio": 0.0728656879,
        "totalOtherIncomeExpensesNet": 52000000,
        "incomeBeforeTax": 186000000,
        "incomeBeforeTaxRatio": 0.101141925,
        "incomeTaxExpense": 52000000,
        "netIncome": 104000000,
        "netIncomeRatio": 0.0565524742,
        "eps": 0.21,
        "epsdiluted": 0.2,
        "weightedAverageShsOut": 503800000,
        "weightedAverageShsOutDil": 509400000,
        "link": "https://www.sec.gov/Archives/edgar/data/1276520/000119312522276948/0001193125-22-276948-index.htm",
        "finalLink": "https://www.sec.gov/Archives/edgar/data/1276520/000119312522276948/d409271d10q.htm"
    },
    {
        "date": "2022-06-30",
        "symbol": "GNW",
        "reportedCurrency": "USD",
        "cik": "0001276520",
        "fillingDate": "2022-08-03",
        "acceptedDate": "2022-08-03 16:42:26",
        "calendarYear": "2022",
        "period": "Q2",
        "revenue": 1881000000,
        "costOfRevenue": 0,
        "grossProfit": 1881000000,
        "grossProfitRatio": 1,
        "researchAndDevelopmentExpenses": 0,
        "generalAndAdministrativeExpenses": 0,
        "sellingAndMarketingExpenses": 0,
        "sellingGeneralAndAdministrativeExpenses": 0,
        "otherExpenses": 589000000,
        "operatingExpenses": 589000000,
        "costAndExpenses": 1588000000,
        "interestIncome": 0,
        "interestExpense": 26000000,
        "depreciationAndAmortization": -286000000,
        "ebitda": 319000000,
        "ebitdaratio": 0.1695906433,
        "operatingIncome": 280000000,
        "operatingIncomeRatio": 0.148856991,
        "totalOtherIncomeExpensesNet": 73000000,
        "incomeBeforeTax": 293000000,
        "incomeBeforeTaxRatio": 0.1557682084,
        "incomeTaxExpense": 73000000,
        "netIncome": 159000000,
        "netIncomeRatio": 0.0845295056,
        "eps": 0.31,
        "epsdiluted": 0.31,
        "weightedAverageShsOut": 508900000,
        "weightedAverageShsOutDil": 514200000,
        "link": "https://www.sec.gov/Archives/edgar/data/1276520/000119312522211331/0001193125-22-211331-index.htm",
        "finalLink": "https://www.sec.gov/Archives/edgar/data/1276520/000119312522211331/d380113d10q.htm"
    },
    {
        "date": "2022-03-31",
        "symbol": "GNW",
        "reportedCurrency": "USD",
        "cik": "0001276520",
        "fillingDate": "2022-05-05",
        "acceptedDate": "2022-05-05 06:15:15",
        "calendarYear": "2022",
        "period": "Q1",
        "revenue": 1892000000,
        "costOfRevenue": 0,
        "grossProfit": 1892000000,
        "grossProfitRatio": 1,
        "researchAndDevelopmentExpenses": 0,
        "generalAndAdministrativeExpenses": 0,
        "sellingAndMarketingExpenses": 0,
        "sellingGeneralAndAdministrativeExpenses": 0,
        "otherExpenses": -1627000000,
        "operatingExpenses": -1627000000,
        "costAndExpenses": 1653000000,
        "interestIncome": 0,
        "interestExpense": 26000000,
        "depreciationAndAmortization": -406000000,
        "ebitda": 265000000,
        "ebitdaratio": 0.1400634249,
        "operatingIncome": 265000000,
        "operatingIncomeRatio": 0.1400634249,
        "totalOtherIncomeExpensesNet": 58000000,
        "incomeBeforeTax": 239000000,
        "incomeBeforeTaxRatio": 0.1263213531,
        "incomeTaxExpense": 58000000,
        "netIncome": 149000000,
        "netIncomeRatio": 0.0787526427,
        "eps": 0.29,
        "epsdiluted": 0.29,
        "weightedAverageShsOut": 508300000,
        "weightedAverageShsOutDil": 517400000,
        "link": "https://www.sec.gov/Archives/edgar/data/1276520/000119312522141208/0001193125-22-141208-index.htm",
        "finalLink": "https://www.sec.gov/Archives/edgar/data/1276520/000119312522141208/d350408d10q.htm"
    },
    {
        "date": "2021-12-31",
        "symbol": "GNW",
        "reportedCurrency": "USD",
        "cik": "0001276520",
        "fillingDate": "2022-02-28",
        "acceptedDate": "2022-02-28 06:41:32",
        "calendarYear": "2021",
        "period": "Q4",
        "revenue": 1736000000,
        "costOfRevenue": 0,
        "grossProfit": 1736000000,
        "grossProfitRatio": 1,
        "researchAndDevelopmentExpenses": 0,
        "generalAndAdministrativeExpenses": 0,
        "sellingAndMarketingExpenses": 0,
        "sellingGeneralAndAdministrativeExpenses": 0,
        "otherExpenses": 354000000,
        "operatingExpenses": 354000000,
        "costAndExpenses": 1481000000,
        "interestIncome": 0,
        "interestExpense": 31000000,
        "depreciationAndAmortization": -500000000,
        "ebitda": 286000000,
        "ebitdaratio": 0.1647465438,
        "operatingIncome": 193000000,
        "operatingIncomeRatio": 0.1111751152,
        "totalOtherIncomeExpensesNet": -1481000000,
        "incomeBeforeTax": 255000000,
        "incomeBeforeTaxRatio": 0.1468894009,
        "incomeTaxExpense": 62000000,
        "netIncome": 163000000,
        "netIncomeRatio": 0.0938940092,
        "eps": 0.32,
        "epsdiluted": 0.32,
        "weightedAverageShsOut": 507400000,
        "weightedAverageShsOutDil": 515600000,
        "link": "https://www.sec.gov/Archives/edgar/data/1276520/000119312522055674/0001193125-22-055674-index.htm",
        "finalLink": "https://www.sec.gov/Archives/edgar/data/1276520/000119312522055674/d299054d10k.htm"
    },
    {
        "date": "2021-09-30",
        "symbol": "GNW",
        "reportedCurrency": "USD",
        "cik": "0001276520",
        "fillingDate": "2021-11-04",
        "acceptedDate": "2021-11-04 16:31:33",
        "calendarYear": "2021",
        "period": "Q3",
        "revenue": 2070000000,
        "costOfRevenue": 75000000,
        "grossProfit": 1995000000,
        "grossProfitRatio": 0.9637681159,
        "researchAndDevelopmentExpenses": 0,
        "generalAndAdministrativeExpenses": 0,
        "sellingAndMarketingExpenses": 0,
        "sellingGeneralAndAdministrativeExpenses": 0,
        "otherExpenses": 290000000,
        "operatingExpenses": 290000000,
        "costAndExpenses": 1697000000,
        "interestIncome": 0,
        "interestExpense": 35000000,
        "depreciationAndAmortization": -411000000,
        "ebitda": 408000000,
        "ebitdaratio": 0.1971014493,
        "operatingIncome": 306000000,
        "operatingIncomeRatio": 0.147826087,
        "totalOtherIncomeExpensesNet": -1697000000,
        "incomeBeforeTax": 373000000,
        "incomeBeforeTaxRatio": 0.1801932367,
        "incomeTaxExpense": 67000000,
        "netIncome": 314000000,
        "netIncomeRatio": 0.1516908213,
        "eps": 0.62,
        "epsdiluted": 0.61,
        "weightedAverageShsOut": 507400000,
        "weightedAverageShsOutDil": 514200000,
        "link": "https://www.sec.gov/Archives/edgar/data/1276520/000119312521320214/0001193125-21-320214-index.htm",
        "finalLink": "https://www.sec.gov/Archives/edgar/data/1276520/000119312521320214/d236339d10q.htm"
    },
    {
        "date": "2021-06-30",
        "symbol": "GNW",
        "reportedCurrency": "USD",
        "cik": "0001276520",
        "fillingDate": "2021-08-05",
        "acceptedDate": "2021-08-05 06:50:48",
        "calendarYear": "2021",
        "period": "Q2",
        "revenue": 2041000000,
        "costOfRevenue": 65000000,
        "grossProfit": 1976000000,
        "grossProfitRatio": 0.9681528662,
        "researchAndDevelopmentExpenses": 0,
        "generalAndAdministrativeExpenses": 0,
        "sellingAndMarketingExpenses": 0,
        "sellingGeneralAndAdministrativeExpenses": 0,
        "otherExpenses": 304000000,
        "operatingExpenses": 304000000,
        "costAndExpenses": 1721000000,
        "interestIncome": 0,
        "interestExpense": 95000000,
        "depreciationAndAmortization": -420000000,
        "ebitda": 363000000,
        "ebitdaratio": 0.1778539931,
        "operatingIncome": 245000000,
        "operatingIncomeRatio": 0.1200391965,
        "totalOtherIncomeExpensesNet": -1773000000,
        "incomeBeforeTax": 320000000,
        "incomeBeforeTaxRatio": 0.1567858893,
        "incomeTaxExpense": 75000000,
        "netIncome": 240000000,
        "netIncomeRatio": 0.117589417,
        "eps": 0.47,
        "epsdiluted": 0.47,
        "weightedAverageShsOut": 507000000,
        "weightedAverageShsOutDil": 515000000,
        "link": "https://www.sec.gov/Archives/edgar/data/1276520/000119312521236932/0001193125-21-236932-index.htm",
        "finalLink": "https://www.sec.gov/Archives/edgar/data/1276520/000119312521236932/d119301d10q.htm"
    },
    {
        "date": "2021-03-31",
        "symbol": "GNW",
        "reportedCurrency": "USD",
        "cik": "0001276520",
        "fillingDate": "2021-05-05",
        "acceptedDate": "2021-05-05 16:40:43",
        "calendarYear": "2021",
        "period": "Q1",
        "revenue": 1985000000,
        "costOfRevenue": 37000000,
        "grossProfit": 1948000000,
        "grossProfitRatio": 0.9813602015,
        "researchAndDevelopmentExpenses": 0,
        "generalAndAdministrativeExpenses": 0,
        "sellingAndMarketingExpenses": 0,
        "sellingGeneralAndAdministrativeExpenses": 0,
        "otherExpenses": 275000000,
        "operatingExpenses": 275000000,
        "costAndExpenses": 1752000000,
        "interestIncome": 1000000,
        "interestExpense": 0,
        "depreciationAndAmortization": -253000000,
        "ebitda": 284000000,
        "ebitdaratio": 0.1430730479,
        "operatingIncome": 174000000,
        "operatingIncomeRatio": 0.0876574307,
        "totalOtherIncomeExpensesNet": -1700000000,
        "incomeBeforeTax": 233000000,
        "incomeBeforeTaxRatio": 0.1173803526,
        "incomeTaxExpense": 59000000,
        "netIncome": 187000000,
        "netIncomeRatio": 0.0942065491,
        "eps": 0.37,
        "epsdiluted": 0.37,
        "weightedAverageShsOut": 506000000,
        "weightedAverageShsOutDil": 513800000,
        "link": "https://www.sec.gov/Archives/edgar/data/1276520/000119312521151795/0001193125-21-151795-index.htm",
        "finalLink": "https://www.sec.gov/Archives/edgar/data/1276520/000119312521151795/d152991d10q.htm"
    },
    {
        "date": "2020-12-31",
        "symbol": "GNW",
        "reportedCurrency": "USD",
        "cik": "0001276520",
        "fillingDate": "2021-02-26",
        "acceptedDate": "2021-02-26 06:13:44",
        "calendarYear": "2020",
        "period": "Q4",
        "revenue": 2263000000,
        "costOfRevenue": 0,
        "grossProfit": 2263000000,
        "grossProfitRatio": 1,
        "researchAndDevelopmentExpenses": 0,
        "generalAndAdministrativeExpenses": 0,
        "sellingAndMarketingExpenses": 0,
        "sellingGeneralAndAdministrativeExpenses": 0,
        "otherExpenses": 1826000000,
        "operatingExpenses": 1826000000,
        "costAndExpenses": 1883000000,
        "interestIncome": 0,
        "interestExpense": 55000000,
        "depreciationAndAmortization": -438000000,
        "ebitda": 666000000,
        "ebitdaratio": 0.2942996023,
        "operatingIncome": 57000,
        "operatingIncomeRatio": 2.51878e-05,
        "totalOtherIncomeExpensesNet": -380937000,
        "incomeBeforeTax": 380000000,
        "incomeBeforeTaxRatio": 0.167918692,
        "incomeTaxExpense": 84000000,
        "netIncome": 267000000,
        "netIncomeRatio": 0.1179849757,
        "eps": 0.53,
        "epsdiluted": 0.52,
        "weightedAverageShsOut": 505600000,
        "weightedAverageShsOutDil": 512500000,
        "link": "https://www.sec.gov/Archives/edgar/data/1276520/000119312521058267/0001193125-21-058267-index.htm",
        "finalLink": "https://www.sec.gov/Archives/edgar/data/1276520/000119312521058267/d105560d10k.htm"
    },
    {
        "date": "2020-09-30",
        "symbol": "GNW",
        "reportedCurrency": "USD",
        "cik": "0001276520",
        "fillingDate": "2020-11-05",
        "acceptedDate": "2020-11-05 16:46:54",
        "calendarYear": "2020",
        "period": "Q3",
        "revenue": 2420000000,
        "costOfRevenue": 31000000,
        "grossProfit": 2389000000,
        "grossProfitRatio": 0.9871900826,
        "researchAndDevelopmentExpenses": 0,
        "generalAndAdministrativeExpenses": 0,
        "sellingAndMarketingExpenses": 0,
        "sellingGeneralAndAdministrativeExpenses": 0,
        "otherExpenses": 54000000,
        "operatingExpenses": 54000000,
        "costAndExpenses": 1835000000,
        "interestIncome": 0,
        "interestExpense": 47000000,
        "depreciationAndAmortization": -579000000,
        "ebitda": 634000000,
        "ebitdaratio": 0.2619834711,
        "operatingIncome": 63000,
        "operatingIncomeRatio": 2.60331e-05,
        "totalOtherIncomeExpensesNet": 150000000,
        "incomeBeforeTax": 585000000,
        "incomeBeforeTaxRatio": 0.2417355372,
        "incomeTaxExpense": 150000000,
        "netIncome": 418000000,
        "netIncomeRatio": 0.1727272727,
        "eps": 0.83,
        "epsdiluted": 0.82,
        "weightedAverageShsOut": 505600000,
        "weightedAverageShsOutDil": 511500000,
        "link": "https://www.sec.gov/Archives/edgar/data/1276520/000119312520286905/0001193125-20-286905-index.htm",
        "finalLink": "https://www.sec.gov/Archives/edgar/data/1276520/000119312520286905/d64546d10q.htm"
    },
    {
        "date": "2020-06-30",
        "symbol": "GNW",
        "reportedCurrency": "USD",
        "cik": "0001276520",
        "fillingDate": "2020-08-05",
        "acceptedDate": "2020-08-05 17:02:54",
        "calendarYear": "2020",
        "period": "Q2",
        "revenue": 2138000000,
        "costOfRevenue": 0,
        "grossProfit": 2138000000,
        "grossProfitRatio": 1,
        "researchAndDevelopmentExpenses": 0,
        "generalAndAdministrativeExpenses": 0,
        "sellingAndMarketingExpenses": 0,
        "sellingGeneralAndAdministrativeExpenses": 0,
        "otherExpenses": 1946000000,
        "operatingExpenses": 1946000000,
        "costAndExpenses": 1990000000,
        "interestIncome": 0,
        "interestExpense": 42000000,
        "depreciationAndAmortization": -120000000,
        "ebitda": 192000000,
        "ebitdaratio": 0.0898035547,
        "operatingIncome": 102000000,
        "operatingIncomeRatio": 0.0477081384,
        "totalOtherIncomeExpensesNet": 46000000,
        "incomeBeforeTax": 148000000,
        "incomeBeforeTaxRatio": 0.0692235734,
        "incomeTaxExpense": 46000000,
        "netIncome": -441000000,
        "netIncomeRatio": -0.2062675398,
        "eps": -0.87,
        "epsdiluted": -0.86,
        "weightedAverageShsOut": 505400000,
        "weightedAverageShsOutDil": 512500000,
        "link": "https://www.sec.gov/Archives/edgar/data/1276520/000119312520210759/0001193125-20-210759-index.htm",
        "finalLink": "https://www.sec.gov/Archives/edgar/data/1276520/000119312520210759/d946449d10q.htm"
    },
    {
        "date": "2020-03-31",
        "symbol": "GNW",
        "reportedCurrency": "USD",
        "cik": "0001276520",
        "fillingDate": "2020-05-06",
        "acceptedDate": "2020-05-06 17:16:10",
        "calendarYear": "2020",
        "period": "Q1",
        "revenue": 1837000000,
        "costOfRevenue": 0,
        "grossProfit": 1837000000,
        "grossProfitRatio": 1,
        "researchAndDevelopmentExpenses": 0,
        "generalAndAdministrativeExpenses": 0,
        "sellingAndMarketingExpenses": 0,
        "sellingGeneralAndAdministrativeExpenses": 0,
        "otherExpenses": 1867000000,
        "operatingExpenses": 1867000000,
        "costAndExpenses": 1919000000,
        "interestIncome": 0,
        "interestExpense": 51000000,
        "depreciationAndAmortization": 14000000,
        "ebitda": -24000000,
        "ebitdaratio": -0.0130647795,
        "operatingIncome": -72000000,
        "operatingIncomeRatio": -0.0391943386,
        "totalOtherIncomeExpensesNet": 75000000,
        "incomeBeforeTax": -82000000,
        "incomeBeforeTaxRatio": -0.0446379967,
        "incomeTaxExpense": -10000000,
        "netIncome": -66000000,
        "netIncomeRatio": -0.0359281437,
        "eps": -0.13,
        "epsdiluted": -0.13,
        "weightedAverageShsOut": 500000000,
        "weightedAverageShsOutDil": 504300000,
        "link": "https://www.sec.gov/Archives/edgar/data/1276520/000119312520135038/0001193125-20-135038-index.htm",
        "finalLink": "https://www.sec.gov/Archives/edgar/data/1276520/000119312520135038/d903685d10q.htm"
    },
    {
        "date": "2019-12-31",
        "symbol": "GNW",
        "reportedCurrency": "USD",
        "cik": "0001276520",
        "fillingDate": "2020-02-27",
        "acceptedDate": "2020-02-27 07:24:40",
        "calendarYear": "2019",
        "period": "Q4",
        "revenue": 2038000000,
        "costOfRevenue": 0,
        "grossProfit": 2038000000,
        "grossProfitRatio": 1,
        "researchAndDevelopmentExpenses": 0,
        "generalAndAdministrativeExpenses": 0,
        "sellingAndMarketingExpenses": 0,
        "sellingGeneralAndAdministrativeExpenses": 0,
        "otherExpenses": 1897000000,
        "operatingExpenses": 1897000000,
        "costAndExpenses": 1957000000,
        "interestIncome": 0,
        "interestExpense": 60000000,
        "depreciationAndAmortization": -141000000,
        "ebitda": 141000000,
        "ebitdaratio": 0.069185476,
        "operatingIncome": 519000000,
        "operatingIncomeRatio": 0.2546614328,
        "totalOtherIncomeExpensesNet": 219000000,
        "incomeBeforeTax": 81000000,
        "incomeBeforeTaxRatio": 0.0397448479,
        "incomeTaxExpense": 26000000,
        "netIncome": -17000000,
        "netIncomeRatio": -0.0083415113,
        "eps": -0.0338,
        "epsdiluted": -0.0333,
        "weightedAverageShsOut": 503500000,
        "weightedAverageShsOutDil": 510400000,
        "link": "https://www.sec.gov/Archives/edgar/data/1276520/000119312520051019/0001193125-20-051019-index.htm",
        "finalLink": "https://www.sec.gov/Archives/edgar/data/1276520/000119312520051019/d849640d10k.htm"
    },
    {
        "date": "2019-09-30",
        "symbol": "GNW",
        "reportedCurrency": "USD",
        "cik": "0001276520",
        "fillingDate": "2019-10-30",
        "acceptedDate": "2019-10-30 17:00:26",
        "calendarYear": "2019",
        "period": "Q3",
        "revenue": 2014000000,
        "costOfRevenue": -6000000,
        "grossProfit": 2020000000,
        "grossProfitRatio": 1.002979146,
        "researchAndDevelopmentExpenses": 0,
        "generalAndAdministrativeExpenses": 0,
        "sellingAndMarketingExpenses": 0,
        "sellingGeneralAndAdministrativeExpenses": 0,
        "otherExpenses": 1789000000,
        "operatingExpenses": 1789000000,
        "costAndExpenses": 1842000000,
        "interestIncome": 0,
        "interestExpense": 59000000,
        "depreciationAndAmortization": -231000000,
        "ebitda": 231000000,
        "ebitdaratio": 0.1146971202,
        "operatingIncome": 138000000,
        "operatingIncomeRatio": 0.0685203575,
        "totalOtherIncomeExpensesNet": 34000000,
        "incomeBeforeTax": 172000000,
        "incomeBeforeTaxRatio": 0.0854021847,
        "incomeTaxExpense": 34000000,
        "netIncome": 18000000,
        "netIncomeRatio": 0.0089374379,
        "eps": 0.04,
        "epsdiluted": 0.04,
        "weightedAverageShsOut": 503500000,
        "weightedAverageShsOutDil": 511200000,
        "link": "https://www.sec.gov/Archives/edgar/data/1276520/000119312519279033/0001193125-19-279033-index.htm",
        "finalLink": "https://www.sec.gov/Archives/edgar/data/1276520/000119312519279033/d773593d10q.htm"
    },
    {
        "date": "2019-06-30",
        "symbol": "GNW",
        "reportedCurrency": "USD",
        "cik": "0001276520",
        "fillingDate": "2019-07-31",
        "acceptedDate": "2019-07-31 17:30:31",
        "calendarYear": "2019",
        "period": "Q2",
        "revenue": 2156000000,
        "costOfRevenue": 0,
        "grossProfit": 2156000000,
        "grossProfitRatio": 1,
        "researchAndDevelopmentExpenses": 0,
        "generalAndAdministrativeExpenses": 0,
        "sellingAndMarketingExpenses": 0,
        "sellingGeneralAndAdministrativeExpenses": 0,
        "otherExpenses": 1710000000,
        "operatingExpenses": 1710000000,
        "costAndExpenses": 1831000000,
        "interestIncome": 0,
        "interestExpense": 60000000,
        "depreciationAndAmortization": -284000000,
        "ebitda": 0,
        "ebitdaratio": 0,
        "operatingIncome": 348000000,
        "operatingIncomeRatio": 0.1614100186,
        "totalOtherIncomeExpensesNet": -121000000,
        "incomeBeforeTax": 325000000,
        "incomeBeforeTaxRatio": 0.150742115,
        "incomeTaxExpense": 107000000,
        "netIncome": 168000000,
        "netIncomeRatio": 0.0779220779,
        "eps": 0.33,
        "epsdiluted": 0.33,
        "weightedAverageShsOut": 503400000,
        "weightedAverageShsOutDil": 508700000,
        "link": "https://www.sec.gov/Archives/edgar/data/1276520/000119312519208987/0001193125-19-208987-index.htm",
        "finalLink": "https://www.sec.gov/Archives/edgar/data/1276520/000119312519208987/d752135d10q.htm"
    },
    {
        "date": "2019-03-31",
        "symbol": "GNW",
        "reportedCurrency": "USD",
        "cik": "0001276520",
        "fillingDate": "2019-05-01",
        "acceptedDate": "2019-05-01 16:29:53",
        "calendarYear": "2019",
        "period": "Q1",
        "revenue": 2189000000,
        "costOfRevenue": 0,
        "grossProfit": 2189000000,
        "grossProfitRatio": 1,
        "researchAndDevelopmentExpenses": 0,
        "generalAndAdministrativeExpenses": 0,
        "sellingAndMarketingExpenses": 0,
        "sellingGeneralAndAdministrativeExpenses": 0,
        "otherExpenses": 1747000000,
        "operatingExpenses": 1747000000,
        "costAndExpenses": 1847000000,
        "interestIncome": 0,
        "interestExpense": 60000000,
        "depreciationAndAmortization": -297000000,
        "ebitda": 0,
        "ebitdaratio": 0,
        "operatingIncome": 358000000,
        "operatingIncomeRatio": 0.1635449977,
        "totalOtherIncomeExpensesNet": -115000000,
        "incomeBeforeTax": 342000000,
        "incomeBeforeTaxRatio": 0.1562357241,
        "incomeTaxExpense": 112000000,
        "netIncome": 174000000,
        "netIncomeRatio": 0.0794883508,
        "eps": 0.35,
        "epsdiluted": 0.34,
        "weightedAverageShsOut": 501200000,
        "weightedAverageShsOutDil": 508600000,
        "link": "https://www.sec.gov/Archives/edgar/data/1276520/000119312519133112/0001193125-19-133112-index.htm",
        "finalLink": "https://www.sec.gov/Archives/edgar/data/1276520/000119312519133112/d722606d10q.htm"
    },
    {
        "date": "2018-12-31",
        "symbol": "GNW",
        "reportedCurrency": "USD",
        "cik": "0001276520",
        "fillingDate": "2019-02-27",
        "acceptedDate": "2019-02-27 07:35:18",
        "calendarYear": "2018",
        "period": "Q4",
        "revenue": 2013000000,
        "costOfRevenue": 0,
        "grossProfit": 2013000000,
        "grossProfitRatio": 1,
        "researchAndDevelopmentExpenses": 0,
        "generalAndAdministrativeExpenses": 0,
        "sellingAndMarketingExpenses": 0,
        "sellingGeneralAndAdministrativeExpenses": 0,
        "otherExpenses": 2218000000,
        "operatingExpenses": 2218000000,
        "costAndExpenses": 2426000000,
        "interestIncome": 0,
        "interestExpense": 61000000,
        "depreciationAndAmortization": -638000000,
        "ebitda": -339000000,
        "ebitdaratio": -0.1684053651,
        "operatingIncome": 297000000,
        "operatingIncomeRatio": 0.1475409836,
        "totalOtherIncomeExpensesNet": -710000000,
        "incomeBeforeTax": -413000000,
        "incomeBeforeTaxRatio": -0.2051664183,
        "incomeTaxExpense": -86000000,
        "netIncome": -329000000,
        "netIncomeRatio": -0.1634376552,
        "eps": -0.66,
        "epsdiluted": -0.66,
        "weightedAverageShsOut": 499735015,
        "weightedAverageShsOutDil": 500800000,
        "link": "https://www.sec.gov/Archives/edgar/data/1276520/000119312519052835/0001193125-19-052835-index.htm",
        "finalLink": "https://www.sec.gov/Archives/edgar/data/1276520/000119312519052835/d680173d10k.htm"
    },
    {
        "date": "2018-09-30",
        "symbol": "GNW",
        "reportedCurrency": "USD",
        "cik": "0001276520",
        "fillingDate": "2018-10-31",
        "acceptedDate": "2018-10-31 16:28:24",
        "calendarYear": "2018",
        "period": "Q3",
        "revenue": 2143000000,
        "costOfRevenue": 0,
        "grossProfit": 2143000000,
        "grossProfitRatio": 1,
        "researchAndDevelopmentExpenses": 0,
        "generalAndAdministrativeExpenses": 0,
        "sellingAndMarketingExpenses": 0,
        "sellingGeneralAndAdministrativeExpenses": 0,
        "otherExpenses": 1757000000,
        "operatingExpenses": 1757000000,
        "costAndExpenses": 1870000000,
        "interestIncome": 0,
        "interestExpense": 60000000,
        "depreciationAndAmortization": 71000000,
        "ebitda": 345000000,
        "ebitdaratio": 0.1609892674,
        "operatingIncome": 210000000,
        "operatingIncomeRatio": 0.0979934671,
        "totalOtherIncomeExpensesNet": 63000000,
        "incomeBeforeTax": 273000000,
        "incomeBeforeTaxRatio": 0.1273915072,
        "incomeTaxExpense": 63000000,
        "netIncome": 146000000,
        "netIncomeRatio": 0.0681287914,
        "eps": 0.29,
        "epsdiluted": 0.29,
        "weightedAverageShsOut": 500700000,
        "weightedAverageShsOutDil": 503300000,
        "link": "https://www.sec.gov/Archives/edgar/data/1276520/000119312518313971/0001193125-18-313971-index.htm",
        "finalLink": "https://www.sec.gov/Archives/edgar/data/1276520/000119312518313971/d629281d10q.htm"
    },
    {
        "date": "2018-06-30",
        "symbol": "GNW",
        "reportedCurrency": "USD",
        "cik": "0001276520",
        "fillingDate": "2018-08-01",
        "acceptedDate": "2018-08-01 16:20:48",
        "calendarYear": "2018",
        "period": "Q2",
        "revenue": 2159000000,
        "costOfRevenue": 0,
        "grossProfit": 2159000000,
        "grossProfitRatio": 1,
        "researchAndDevelopmentExpenses": 0,
        "generalAndAdministrativeExpenses": 0,
        "sellingAndMarketingExpenses": 0,
        "sellingGeneralAndAdministrativeExpenses": 0,
        "otherExpenses": 1722000000,
        "operatingExpenses": 1722000000,
        "costAndExpenses": 1799000000,
        "interestIncome": 0,
        "interestExpense": 59000000,
        "depreciationAndAmortization": 129000000,
        "ebitda": 437000000,
        "ebitdaratio": 0.2024085225,
        "operatingIncome": 249000000,
        "operatingIncomeRatio": 0.1153311718,
        "totalOtherIncomeExpensesNet": 111000000,
        "incomeBeforeTax": 360000000,
        "incomeBeforeTaxRatio": 0.1667438629,
        "incomeTaxExpense": 111000000,
        "netIncome": 190000000,
        "netIncomeRatio": 0.0880037054,
        "eps": 0.38,
        "epsdiluted": 0.38,
        "weightedAverageShsOut": 500600000,
        "weightedAverageShsOutDil": 502600000,
        "link": "https://www.sec.gov/Archives/edgar/data/1276520/000119312518234958/0001193125-18-234958-index.htm",
        "finalLink": "https://www.sec.gov/Archives/edgar/data/1276520/000119312518234958/d610750d10q.htm"
    },
    {
        "date": "2018-03-31",
        "symbol": "GNW",
        "reportedCurrency": "USD",
        "cik": "0001276520",
        "fillingDate": "2018-05-02",
        "acceptedDate": "2018-05-02 16:29:47",
        "calendarYear": "2018",
        "period": "Q1",
        "revenue": 2115000000,
        "costOfRevenue": 0,
        "grossProfit": 2115000000,
        "grossProfitRatio": 1,
        "researchAndDevelopmentExpenses": 0,
        "generalAndAdministrativeExpenses": 0,
        "sellingAndMarketingExpenses": 0,
        "sellingGeneralAndAdministrativeExpenses": 7000000,
        "otherExpenses": 1811000000,
        "operatingExpenses": 1811000000,
        "costAndExpenses": 1887000000,
        "interestIncome": 0,
        "interestExpense": 76000000,
        "depreciationAndAmortization": 86000000,
        "ebitda": 304000000,
        "ebitdaratio": 0.1437352246,
        "operatingIncome": 165000000,
        "operatingIncomeRatio": 0.0780141844,
        "totalOtherIncomeExpensesNet": -1880000000,
        "incomeBeforeTax": 228000000,
        "incomeBeforeTaxRatio": 0.1078014184,
        "incomeTaxExpense": 63000000,
        "netIncome": 112000000,
        "netIncomeRatio": 0.0529550827,
        "eps": 0.22,
        "epsdiluted": 0.22,
        "weightedAverageShsOut": 499600000,
        "weightedAverageShsOutDil": 502700000,
        "link": "https://www.sec.gov/Archives/edgar/data/1276520/000119312518148734/0001193125-18-148734-index.htm",
        "finalLink": "https://www.sec.gov/Archives/edgar/data/1276520/000119312518148734/d558466d10q.htm"
    },
    {
        "date": "2017-12-31",
        "symbol": "GNW",
        "reportedCurrency": "USD",
        "cik": "0001276520",
        "fillingDate": "2018-02-28",
        "acceptedDate": "2018-02-28 16:29:11",
        "calendarYear": "2017",
        "period": "Q4",
        "revenue": 1686000000,
        "costOfRevenue": 0,
        "grossProfit": 1686000000,
        "grossProfitRatio": 1,
        "researchAndDevelopmentExpenses": 0,
        "generalAndAdministrativeExpenses": 0,
        "sellingAndMarketingExpenses": 0,
        "sellingGeneralAndAdministrativeExpenses": 13000000,
        "otherExpenses": 1739000000,
        "operatingExpenses": 1739000000,
        "costAndExpenses": 1976000000,
        "interestIncome": 0,
        "interestExpense": 75000000,
        "depreciationAndAmortization": -89000000,
        "ebitda": -38000000,
        "ebitdaratio": -0.0225385528,
        "operatingIncome": -38000000,
        "operatingIncomeRatio": -0.0225385528,
        "totalOtherIncomeExpensesNet": -661000000,
        "incomeBeforeTax": -290000000,
        "incomeBeforeTaxRatio": -0.172004745,
        "incomeTaxExpense": -555000000,
        "netIncome": 353000000,
        "netIncomeRatio": 0.209371293,
        "eps": 0.71,
        "epsdiluted": 0.7,
        "weightedAverageShsOut": 499200000,
        "weightedAverageShsOutDil": 502100000,
        "link": "https://www.sec.gov/Archives/edgar/data/1276520/000119312518064038/0001193125-18-064038-index.htm",
        "finalLink": "https://www.sec.gov/Archives/edgar/data/1276520/000119312518064038/d492876d10k.htm"
    },
    {
        "date": "2017-09-30",
        "symbol": "GNW",
        "reportedCurrency": "USD",
        "cik": "0001276520",
        "fillingDate": "2017-11-03",
        "acceptedDate": "2017-11-03 06:50:32",
        "calendarYear": "2017",
        "period": "Q3",
        "revenue": 2215000000,
        "costOfRevenue": 0,
        "grossProfit": 2215000000,
        "grossProfitRatio": 1,
        "researchAndDevelopmentExpenses": 0,
        "generalAndAdministrativeExpenses": 0,
        "sellingAndMarketingExpenses": 0,
        "sellingGeneralAndAdministrativeExpenses": 11000000,
        "otherExpenses": 1856000000,
        "operatingExpenses": 1856000000,
        "costAndExpenses": 1929000000,
        "interestIncome": 0,
        "interestExpense": 73000000,
        "depreciationAndAmortization": 98000000,
        "ebitda": 359000000,
        "ebitdaratio": 0.1620767494,
        "operatingIncome": 184000000,
        "operatingIncomeRatio": 0.0830699774,
        "totalOtherIncomeExpensesNet": -1918000000,
        "incomeBeforeTax": 286000000,
        "incomeBeforeTaxRatio": 0.1291196388,
        "incomeTaxExpense": 102000000,
        "netIncome": 107000000,
        "netIncomeRatio": 0.0483069977,
        "eps": 0.21,
        "epsdiluted": 0.21,
        "weightedAverageShsOut": 499100000,
        "weightedAverageShsOutDil": 501600000,
        "link": "https://www.sec.gov/Archives/edgar/data/1276520/000119312517331858/0001193125-17-331858-index.htm",
        "finalLink": "https://www.sec.gov/Archives/edgar/data/1276520/000119312517331858/d461478d10q.htm"
    },
    {
        "date": "2017-06-30",
        "symbol": "GNW",
        "reportedCurrency": "USD",
        "cik": "0001276520",
        "fillingDate": "2017-08-09",
        "acceptedDate": "2017-08-09 16:10:57",
        "calendarYear": "2017",
        "period": "Q2",
        "revenue": 2223000000,
        "costOfRevenue": 0,
        "grossProfit": 2223000000,
        "grossProfitRatio": 1,
        "researchAndDevelopmentExpenses": 0,
        "generalAndAdministrativeExpenses": 0,
        "sellingAndMarketingExpenses": 0,
        "sellingGeneralAndAdministrativeExpenses": 8000000,
        "otherExpenses": 1748000000,
        "operatingExpenses": 1748000000,
        "costAndExpenses": 1822000000,
        "interestIncome": 0,
        "interestExpense": 74000000,
        "depreciationAndAmortization": 135000000,
        "ebitda": 475000000,
        "ebitdaratio": 0.2136752137,
        "operatingIncome": 271000000,
        "operatingIncomeRatio": 0.1219073324,
        "totalOtherIncomeExpensesNet": -1814000000,
        "incomeBeforeTax": 401000000,
        "incomeBeforeTaxRatio": 0.1803868646,
        "incomeTaxExpense": 130000000,
        "netIncome": 202000000,
        "netIncomeRatio": 0.0908681961,
        "eps": 0.4,
        "epsdiluted": 0.4,
        "weightedAverageShsOut": 499000000,
        "weightedAverageShsOutDil": 501200000,
        "link": "https://www.sec.gov/Archives/edgar/data/1276520/000119312517252766/0001193125-17-252766-index.htm",
        "finalLink": "https://www.sec.gov/Archives/edgar/data/1276520/000119312517252766/d372411d10q.htm"
    },
    {
        "date": "2017-03-31",
        "symbol": "GNW",
        "reportedCurrency": "USD",
        "cik": "0001276520",
        "fillingDate": "2017-05-03",
        "acceptedDate": "2017-05-03 07:08:38",
        "calendarYear": "2017",
        "period": "Q1",
        "revenue": 2171000000,
        "costOfRevenue": 0,
        "grossProfit": 2171000000,
        "grossProfitRatio": 1,
        "researchAndDevelopmentExpenses": 0,
        "generalAndAdministrativeExpenses": 0,
        "sellingAndMarketingExpenses": 0,
        "sellingGeneralAndAdministrativeExpenses": 10000000,
        "otherExpenses": 1777000000,
        "operatingExpenses": 1777000000,
        "costAndExpenses": 1839000000,
        "interestIncome": 0,
        "interestExpense": 62000000,
        "depreciationAndAmortization": 117000000,
        "ebitda": 394000000,
        "ebitdaratio": 0.1814831875,
        "operatingIncome": 216000000,
        "operatingIncomeRatio": 0.0994933211,
        "totalOtherIncomeExpensesNet": -1829000000,
        "incomeBeforeTax": 332000000,
        "incomeBeforeTaxRatio": 0.1529249194,
        "incomeTaxExpense": 116000000,
        "netIncome": 155000000,
        "netIncomeRatio": 0.0713956702,
        "eps": 0.31,
        "epsdiluted": 0.31,
        "weightedAverageShsOut": 498600000,
        "weightedAverageShsOutDil": 501000000,
        "link": "https://www.sec.gov/Archives/edgar/data/1276520/000119312517154983/0001193125-17-154983-index.htm",
        "finalLink": "https://www.sec.gov/Archives/edgar/data/1276520/000119312517154983/d360953d10q.htm"
    },
    {
        "date": "2016-12-31",
        "symbol": "GNW",
        "reportedCurrency": "USD",
        "cik": "0001276520",
        "fillingDate": "2017-04-03",
        "acceptedDate": "2017-04-03 16:42:59",
        "calendarYear": "2016",
        "period": "Q4",
        "revenue": 2198000000,
        "costOfRevenue": 0,
        "grossProfit": 2198000000,
        "grossProfitRatio": 1,
        "researchAndDevelopmentExpenses": 0,
        "generalAndAdministrativeExpenses": 0,
        "sellingAndMarketingExpenses": 0,
        "sellingGeneralAndAdministrativeExpenses": 32000000,
        "otherExpenses": 2179000000,
        "operatingExpenses": 2179000000,
        "costAndExpenses": 2254000000,
        "interestIncome": 0,
        "interestExpense": 75000000,
        "depreciationAndAmortization": -6000000,
        "ebitda": 19000000,
        "ebitdaratio": 0.008644222,
        "operatingIncome": -38000000,
        "operatingIncomeRatio": -0.017288444,
        "totalOtherIncomeExpensesNet": 117000000,
        "incomeBeforeTax": -56000000,
        "incomeBeforeTaxRatio": -0.025477707,
        "incomeTaxExpense": 3000000,
        "netIncome": -122000000,
        "netIncomeRatio": -0.0555050045,
        "eps": -0.25,
        "epsdiluted": -0.24,
        "weightedAverageShsOut": 491767069,
        "weightedAverageShsOutDil": 498400000,
        "link": "https://www.sec.gov/Archives/edgar/data/1276520/000119312517108617/0001193125-17-108617-index.htm",
        "finalLink": "https://www.sec.gov/Archives/edgar/data/1276520/000119312517108617/d351970d10ka.htm"
    },
    {
        "date": "2016-09-30",
        "symbol": "GNW",
        "reportedCurrency": "USD",
        "cik": "0001276520",
        "fillingDate": "2016-11-08",
        "acceptedDate": "2016-11-08 16:22:55",
        "calendarYear": "2016",
        "period": "Q3",
        "revenue": 2150000000,
        "costOfRevenue": 0,
        "grossProfit": 2150000000,
        "grossProfitRatio": 1,
        "researchAndDevelopmentExpenses": 0,
        "generalAndAdministrativeExpenses": 0,
        "sellingAndMarketingExpenses": 0,
        "sellingGeneralAndAdministrativeExpenses": 0,
        "otherExpenses": 2198000000,
        "operatingExpenses": 2198000000,
        "costAndExpenses": 2275000000,
        "interestIncome": 0,
        "interestExpense": 77000000,
        "depreciationAndAmortization": 266000000,
        "ebitda": 0,
        "ebitdaratio": 0,
        "operatingIncome": -347000000,
        "operatingIncomeRatio": -0.1613953488,
        "totalOtherIncomeExpensesNet": 48000000,
        "incomeBeforeTax": -125000000,
        "incomeBeforeTaxRatio": -0.0581395349,
        "incomeTaxExpense": 222000000,
        "netIncome": -380000000,
        "netIncomeRatio": -0.176744186,
        "eps": -0.76,
        "epsdiluted": -0.76,
        "weightedAverageShsOut": 498300000,
        "weightedAverageShsOutDil": 498300000,
        "link": "https://www.sec.gov/Archives/edgar/data/1276520/000119312516763000/0001193125-16-763000-index.htm",
        "finalLink": "https://www.sec.gov/Archives/edgar/data/1276520/000119312516763000/d405755d10q.htm"
    },
    {
        "date": "2016-06-30",
        "symbol": "GNW",
        "reportedCurrency": "USD",
        "cik": "0001276520",
        "fillingDate": "2016-08-03",
        "acceptedDate": "2016-08-03 17:07:18",
        "calendarYear": "2016",
        "period": "Q2",
        "revenue": 2236000000,
        "costOfRevenue": 0,
        "grossProfit": 2236000000,
        "grossProfitRatio": 1,
        "researchAndDevelopmentExpenses": 0,
        "generalAndAdministrativeExpenses": 0,
        "sellingAndMarketingExpenses": 0,
        "sellingGeneralAndAdministrativeExpenses": 9000000,
        "otherExpenses": 1805000000,
        "operatingExpenses": 1805000000,
        "costAndExpenses": 1885000000,
        "interestIncome": 0,
        "interestExpense": 80000000,
        "depreciationAndAmortization": 121000000,
        "ebitda": 241000000,
        "ebitdaratio": 0.1077817531,
        "operatingIncome": 241000000,
        "operatingIncomeRatio": 0.1077817531,
        "totalOtherIncomeExpensesNet": 110000000,
        "incomeBeforeTax": 351000000,
        "incomeBeforeTaxRatio": 0.1569767442,
        "incomeTaxExpense": 110000000,
        "netIncome": 172000000,
        "netIncomeRatio": 0.0769230769,
        "eps": 0.35,
        "epsdiluted": 0.34,
        "weightedAverageShsOut": 498500000,
        "weightedAverageShsOutDil": 500400000,
        "link": "https://www.sec.gov/Archives/edgar/data/1276520/000119312516670233/0001193125-16-670233-index.htm",
        "finalLink": "https://www.sec.gov/Archives/edgar/data/1276520/000119312516670233/d183678d10q.htm"
    },
    {
        "date": "2016-03-31",
        "symbol": "GNW",
        "reportedCurrency": "USD",
        "cik": "0001276520",
        "fillingDate": "2016-04-29",
        "acceptedDate": "2016-04-29 16:21:15",
        "calendarYear": "2016",
        "period": "Q1",
        "revenue": 1785000000,
        "costOfRevenue": 0,
        "grossProfit": 1785000000,
        "grossProfitRatio": 1,
        "researchAndDevelopmentExpenses": 0,
        "generalAndAdministrativeExpenses": 0,
        "sellingAndMarketingExpenses": 0,
        "sellingGeneralAndAdministrativeExpenses": 7000000,
        "otherExpenses": 1530000000,
        "operatingExpenses": 1530000000,
        "costAndExpenses": 1635000000,
        "interestIncome": 0,
        "interestExpense": 105000000,
        "depreciationAndAmortization": 54000000,
        "ebitda": 181000000,
        "ebitdaratio": 0.1014005602,
        "operatingIncome": 127000000,
        "operatingIncomeRatio": 0.0711484594,
        "totalOtherIncomeExpensesNet": 23000000,
        "incomeBeforeTax": 150000000,
        "incomeBeforeTaxRatio": 0.0840336134,
        "incomeTaxExpense": 23000000,
        "netIncome": 53000000,
        "netIncomeRatio": 0.0296918768,
        "eps": 0.11,
        "epsdiluted": 0.11,
        "weightedAverageShsOut": 498000000,
        "weightedAverageShsOutDil": 499400000,
        "link": "https://www.sec.gov/Archives/edgar/data/1276520/000119312516569346/0001193125-16-569346-index.htm",
        "finalLink": "https://www.sec.gov/Archives/edgar/data/1276520/000119312516569346/d167176d10q.htm"
    },
    {
        "date": "2015-12-31",
        "symbol": "GNW",
        "reportedCurrency": "USD",
        "cik": "0001276520",
        "fillingDate": "2016-02-26",
        "acceptedDate": "2016-02-26 16:56:29",
        "calendarYear": "2015",
        "period": "Q4",
        "revenue": 2156000000,
        "costOfRevenue": 0,
        "grossProfit": 2156000000,
        "grossProfitRatio": 1,
        "researchAndDevelopmentExpenses": 0,
        "generalAndAdministrativeExpenses": 0,
        "sellingAndMarketingExpenses": 0,
        "sellingGeneralAndAdministrativeExpenses": 2000000,
        "otherExpenses": 2255000000,
        "operatingExpenses": 2255000000,
        "costAndExpenses": 2359000000,
        "interestIncome": 0,
        "interestExpense": 104000000,
        "depreciationAndAmortization": -218000000,
        "ebitda": 0,
        "ebitdaratio": 0,
        "operatingIncome": -6000000,
        "operatingIncomeRatio": -0.0027829314,
        "totalOtherIncomeExpensesNet": -198000000,
        "incomeBeforeTax": -203000000,
        "incomeBeforeTaxRatio": -0.0941558442,
        "incomeTaxExpense": -36000000,
        "netIncome": -292000000,
        "netIncomeRatio": -0.1354359926,
        "eps": -0.59,
        "epsdiluted": -0.59,
        "weightedAverageShsOut": 497600000,
        "weightedAverageShsOutDil": 497600000,
        "link": "https://www.sec.gov/Archives/edgar/data/1276520/000119312516482185/0001193125-16-482185-index.htm",
        "finalLink": "https://www.sec.gov/Archives/edgar/data/1276520/000119312516482185/d52855d10k.htm"
    },
    {
        "date": "2015-09-30",
        "symbol": "GNW",
        "reportedCurrency": "USD",
        "cik": "0001276520",
        "fillingDate": "2015-10-30",
        "acceptedDate": "2015-10-30 16:34:22",
        "calendarYear": "2015",
        "period": "Q3",
        "revenue": 2100000000,
        "costOfRevenue": 0,
        "grossProfit": 2100000000,
        "grossProfitRatio": 1,
        "researchAndDevelopmentExpenses": 0,
        "generalAndAdministrativeExpenses": 0,
        "sellingAndMarketingExpenses": 0,
        "sellingGeneralAndAdministrativeExpenses": 6000000,
        "otherExpenses": 2346000000,
        "operatingExpenses": 2346000000,
        "costAndExpenses": 2451000000,
        "interestIncome": 0,
        "interestExpense": 105000000,
        "depreciationAndAmortization": -96000000,
        "ebitda": 0,
        "ebitdaratio": 0,
        "operatingIncome": -217000000,
        "operatingIncomeRatio": -0.1033333333,
        "totalOtherIncomeExpensesNet": -351000000,
        "incomeBeforeTax": -351000000,
        "incomeBeforeTaxRatio": -0.1671428571,
        "incomeTaxExpense": -134000000,
        "netIncome": -284000000,
        "netIncomeRatio": -0.1352380952,
        "eps": -0.57,
        "epsdiluted": -0.57,
        "weightedAverageShsOut": 496226415,
        "weightedAverageShsOutDil": 497400000,
        "link": "https://www.sec.gov/Archives/edgar/data/1276520/000119312515360386/0001193125-15-360386-index.htm",
        "finalLink": "https://www.sec.gov/Archives/edgar/data/1276520/000119312515360386/d13824d10q.htm"
    },
    {
        "date": "2015-06-30",
        "symbol": "GNW",
        "reportedCurrency": "USD",
        "cik": "0001276520",
        "fillingDate": "2015-08-05",
        "acceptedDate": "2015-08-05 16:10:04",
        "calendarYear": "2015",
        "period": "Q2",
        "revenue": 2157000000,
        "costOfRevenue": 0,
        "grossProfit": 2157000000,
        "grossProfitRatio": 1,
        "researchAndDevelopmentExpenses": 0,
        "generalAndAdministrativeExpenses": 0,
        "sellingAndMarketingExpenses": 0,
        "sellingGeneralAndAdministrativeExpenses": 11000000,
        "otherExpenses": 1809000000,
        "operatingExpenses": 1809000000,
        "costAndExpenses": 1912000000,
        "interestIncome": 0,
        "interestExpense": 103000000,
        "depreciationAndAmortization": -195000000,
        "ebitda": -20000000,
        "ebitdaratio": -0.0092721372,
        "operatingIncome": 175000000,
        "operatingIncomeRatio": 0.0811312007,
        "totalOtherIncomeExpensesNet": 70000000,
        "incomeBeforeTax": 245000000,
        "incomeBeforeTaxRatio": 0.113583681,
        "incomeTaxExpense": 70000000,
        "netIncome": -193000000,
        "netIncomeRatio": -0.0894761242,
        "eps": -0.39,
        "epsdiluted": -0.39,
        "weightedAverageShsOut": 497400000,
        "weightedAverageShsOutDil": 499300000,
        "link": "https://www.sec.gov/Archives/edgar/data/1276520/000119312515278677/0001193125-15-278677-index.htm",
        "finalLink": "https://www.sec.gov/Archives/edgar/data/1276520/000119312515278677/d937025d10q.htm"
    },
    {
        "date": "2015-03-31",
        "symbol": "GNW",
        "reportedCurrency": "USD",
        "cik": "0001276520",
        "fillingDate": "2015-04-29",
        "acceptedDate": "2015-04-29 16:12:51",
        "calendarYear": "2015",
        "period": "Q1",
        "revenue": 2335000000,
        "costOfRevenue": 0,
        "grossProfit": 2335000000,
        "grossProfitRatio": 1,
        "researchAndDevelopmentExpenses": 0,
        "generalAndAdministrativeExpenses": 0,
        "sellingAndMarketingExpenses": 0,
        "sellingGeneralAndAdministrativeExpenses": 3000000,
        "otherExpenses": 1734000000,
        "operatingExpenses": 1734000000,
        "costAndExpenses": 2040000000,
        "interestIncome": 0,
        "interestExpense": 116000000,
        "depreciationAndAmortization": -401000000,
        "ebitda": 0,
        "ebitdaratio": 0,
        "operatingIncome": 361000000,
        "operatingIncomeRatio": 0.1546038544,
        "totalOtherIncomeExpensesNet": -1837000000,
        "incomeBeforeTax": 295000000,
        "incomeBeforeTaxRatio": 0.1263383298,
        "incomeTaxExpense": 91000000,
        "netIncome": 154000000,
        "netIncomeRatio": 0.0659528908,
        "eps": 0.31,
        "epsdiluted": 0.31,
        "weightedAverageShsOut": 497000000,
        "weightedAverageShsOutDil": 498900000,
        "link": "https://www.sec.gov/Archives/edgar/data/1276520/000119312515156537/0001193125-15-156537-index.htm",
        "finalLink": "https://www.sec.gov/Archives/edgar/data/1276520/000119312515156537/d895629d10q.htm"
    },
    {
        "date": "2014-12-31",
        "symbol": "GNW",
        "reportedCurrency": "USD",
        "cik": "0001276520",
        "fillingDate": "2015-03-02",
        "acceptedDate": "2015-03-02 13:36:25",
        "calendarYear": "2014",
        "period": "Q4",
        "revenue": 2424000000,
        "costOfRevenue": 0,
        "grossProfit": 2424000000,
        "grossProfitRatio": 1,
        "researchAndDevelopmentExpenses": 0,
        "generalAndAdministrativeExpenses": 0,
        "sellingAndMarketingExpenses": 0,
        "sellingGeneralAndAdministrativeExpenses": 9000000,
        "otherExpenses": 2866000000,
        "operatingExpenses": 2866000000,
        "costAndExpenses": 3347000000,
        "interestIncome": 0,
        "interestExpense": 118000000,
        "depreciationAndAmortization": 191000000,
        "ebitda": -857000000,
        "ebitdaratio": -0.3535478548,
        "operatingIncome": -1048000000,
        "operatingIncomeRatio": -0.4323432343,
        "totalOtherIncomeExpensesNet": -923000000,
        "incomeBeforeTax": -923000000,
        "incomeBeforeTaxRatio": -0.3807755776,
        "incomeTaxExpense": -215000000,
        "netIncome": -760000000,
        "netIncomeRatio": -0.3135313531,
        "eps": -1.53,
        "epsdiluted": -1.53,
        "weightedAverageShsOut": 496432650,
        "weightedAverageShsOutDil": 496700000,
        "link": "https://www.sec.gov/Archives/edgar/data/1276520/000119312515072748/0001193125-15-072748-index.htm",
        "finalLink": "https://www.sec.gov/Archives/edgar/data/1276520/000119312515072748/d840962d10k.htm"
    },
    {
        "date": "2014-09-30",
        "symbol": "GNW",
        "reportedCurrency": "USD",
        "cik": "0001276520",
        "fillingDate": "2014-11-10",
        "acceptedDate": "2014-11-10 07:07:58",
        "calendarYear": "2014",
        "period": "Q3",
        "revenue": 2404000000,
        "costOfRevenue": 0,
        "grossProfit": 2404000000,
        "grossProfitRatio": 1,
        "researchAndDevelopmentExpenses": 0,
        "generalAndAdministrativeExpenses": 0,
        "sellingAndMarketingExpenses": 0,
        "sellingGeneralAndAdministrativeExpenses": 5000000,
        "otherExpenses": 3066000000,
        "operatingExpenses": 3066000000,
        "costAndExpenses": 3376000000,
        "interestIncome": 0,
        "interestExpense": 114000000,
        "depreciationAndAmortization": -128000000,
        "ebitda": -787000000,
        "ebitdaratio": -0.3273710483,
        "operatingIncome": -787000000,
        "operatingIncomeRatio": -0.3273710483,
        "totalOtherIncomeExpensesNet": -980000000,
        "incomeBeforeTax": -972000000,
        "incomeBeforeTaxRatio": -0.4043261231,
        "incomeTaxExpense": -185000000,
        "netIncome": -844000000,
        "netIncomeRatio": -0.3510815308,
        "eps": -1.7,
        "epsdiluted": -1.7,
        "weightedAverageShsOut": 496600000,
        "weightedAverageShsOutDil": 496600000,
        "link": "https://www.sec.gov/Archives/edgar/data/1276520/000119312514404529/0001193125-14-404529-index.htm",
        "finalLink": "https://www.sec.gov/Archives/edgar/data/1276520/000119312514404529/d775317d10q.htm"
    },
    {
        "date": "2014-06-30",
        "symbol": "GNW",
        "reportedCurrency": "USD",
        "cik": "0001276520",
        "fillingDate": "2014-07-30",
        "acceptedDate": "2014-07-30 17:03:03",
        "calendarYear": "2014",
        "period": "Q2",
        "revenue": 2415000000,
        "costOfRevenue": 0,
        "grossProfit": 2415000000,
        "grossProfitRatio": 1,
        "researchAndDevelopmentExpenses": 0,
        "generalAndAdministrativeExpenses": 0,
        "sellingAndMarketingExpenses": 0,
        "sellingGeneralAndAdministrativeExpenses": 0,
        "otherExpenses": 1774000000,
        "operatingExpenses": 1774000000,
        "costAndExpenses": 2102000000,
        "interestIncome": 0,
        "interestExpense": 120000000,
        "depreciationAndAmortization": 153000000,
        "ebitda": 228000000,
        "ebitdaratio": 0.0944099379,
        "operatingIncome": 228000000,
        "operatingIncomeRatio": 0.0944099379,
        "totalOtherIncomeExpensesNet": 85000000,
        "incomeBeforeTax": 313000000,
        "incomeBeforeTaxRatio": 0.1296066253,
        "incomeTaxExpense": 85000000,
        "netIncome": 176000000,
        "netIncomeRatio": 0.0728778468,
        "eps": 0.35,
        "epsdiluted": 0.35,
        "weightedAverageShsOut": 496600000,
        "weightedAverageShsOutDil": 503600000,
        "link": "https://www.sec.gov/Archives/edgar/data/1276520/000119312514287107/0001193125-14-287107-index.htm",
        "finalLink": "https://www.sec.gov/Archives/edgar/data/1276520/000119312514287107/d743121d10q.htm"
    },
    {
        "date": "2014-03-31",
        "symbol": "GNW",
        "reportedCurrency": "USD",
        "cik": "0001276520",
        "fillingDate": "2014-04-30",
        "acceptedDate": "2014-04-30 17:09:48",
        "calendarYear": "2014",
        "period": "Q1",
        "revenue": 2322000000,
        "costOfRevenue": 0,
        "grossProfit": 2322000000,
        "grossProfitRatio": 1,
        "researchAndDevelopmentExpenses": 0,
        "generalAndAdministrativeExpenses": 0,
        "sellingAndMarketingExpenses": 0,
        "sellingGeneralAndAdministrativeExpenses": 14000000,
        "otherExpenses": 1889000000,
        "operatingExpenses": 1889000000,
        "costAndExpenses": 2016000000,
        "interestIncome": 0,
        "interestExpense": 127000000,
        "depreciationAndAmortization": 179000000,
        "ebitda": 398000000,
        "ebitdaratio": 0.1714039621,
        "operatingIncome": 219000000,
        "operatingIncomeRatio": 0.0943152455,
        "totalOtherIncomeExpensesNet": -1805000000,
        "incomeBeforeTax": 306000000,
        "incomeBeforeTaxRatio": 0.1317829457,
        "incomeTaxExpense": 87000000,
        "netIncome": 184000000,
        "netIncomeRatio": 0.0792420327,
        "eps": 0.37,
        "epsdiluted": 0.37,
        "weightedAverageShsOut": 495800000,
        "weightedAverageShsOutDil": 502700000,
        "link": "https://www.sec.gov/Archives/edgar/data/1276520/000119312514172781/0001193125-14-172781-index.htm",
        "finalLink": "https://www.sec.gov/Archives/edgar/data/1276520/000119312514172781/d698916d10q.htm"
    },
    {
        "date": "2013-12-31",
        "symbol": "GNW",
        "reportedCurrency": "USD",
        "cik": "0001276520",
        "fillingDate": "2014-03-03",
        "acceptedDate": "2014-03-03 07:14:39",
        "calendarYear": "2013",
        "period": "Q4",
        "revenue": 2412000000,
        "costOfRevenue": 0,
        "grossProfit": 2412000000,
        "grossProfitRatio": 1,
        "researchAndDevelopmentExpenses": 0,
        "generalAndAdministrativeExpenses": 0,
        "sellingAndMarketingExpenses": 0,
        "sellingGeneralAndAdministrativeExpenses": 41000000,
        "otherExpenses": 1297000000,
        "operatingExpenses": 1297000000,
        "costAndExpenses": 2097000000,
        "interestIncome": 0,
        "interestExpense": 121000000,
        "depreciationAndAmortization": -327000000,
        "ebitda": 726000000,
        "ebitdaratio": 0.3009950249,
        "operatingIncome": 726000000,
        "operatingIncomeRatio": 0.3009950249,
        "totalOtherIncomeExpensesNet": -2056000000,
        "incomeBeforeTax": 315000000,
        "incomeBeforeTaxRatio": 0.1305970149,
        "incomeTaxExpense": 70000000,
        "netIncome": 208000000,
        "netIncomeRatio": 0.0862354892,
        "eps": 0.42,
        "epsdiluted": 0.41,
        "weightedAverageShsOut": 494700000,
        "weightedAverageShsOutDil": 501200000,
        "link": "https://www.sec.gov/Archives/edgar/data/1276520/000119312514078864/0001193125-14-078864-index.htm",
        "finalLink": "https://www.sec.gov/Archives/edgar/data/1276520/000119312514078864/d645067d10k.htm"
    },
    {
        "date": "2013-09-30",
        "symbol": "GNW",
        "reportedCurrency": "USD",
        "cik": "0001276520",
        "fillingDate": "2013-11-01",
        "acceptedDate": "2013-11-01 07:03:59",
        "calendarYear": "2013",
        "period": "Q3",
        "revenue": 2317000000,
        "costOfRevenue": 0,
        "grossProfit": 2317000000,
        "grossProfitRatio": 1,
        "researchAndDevelopmentExpenses": 0,
        "generalAndAdministrativeExpenses": 0,
        "sellingAndMarketingExpenses": 0,
        "sellingGeneralAndAdministrativeExpenses": 0,
        "otherExpenses": 1942000000,
        "operatingExpenses": 1942000000,
        "costAndExpenses": 2066000000,
        "interestIncome": 0,
        "interestExpense": 124000000,
        "depreciationAndAmortization": 191000000,
        "ebitda": 337000000,
        "ebitdaratio": 0.1454466983,
        "operatingIncome": 146000000,
        "operatingIncomeRatio": 0.0630125162,
        "totalOtherIncomeExpensesNet": 105000000,
        "incomeBeforeTax": 251000000,
        "incomeBeforeTaxRatio": 0.1083297367,
        "incomeTaxExpense": 105000000,
        "netIncome": 108000000,
        "netIncomeRatio": 0.0466119983,
        "eps": 0.22,
        "epsdiluted": 0.22,
        "weightedAverageShsOut": 494000000,
        "weightedAverageShsOutDil": 499300000,
        "link": "https://www.sec.gov/Archives/edgar/data/1276520/000119312513421854/0001193125-13-421854-index.htm",
        "finalLink": "https://www.sec.gov/Archives/edgar/data/1276520/000119312513421854/d602235d10q.htm"
    },
    {
        "date": "2013-06-30",
        "symbol": "GNW",
        "reportedCurrency": "USD",
        "cik": "0001276520",
        "fillingDate": "2013-08-01",
        "acceptedDate": "2013-08-01 07:02:20",
        "calendarYear": "2013",
        "period": "Q2",
        "revenue": 2371000000,
        "costOfRevenue": 0,
        "grossProfit": 2371000000,
        "grossProfitRatio": 1,
        "researchAndDevelopmentExpenses": 0,
        "generalAndAdministrativeExpenses": 0,
        "sellingAndMarketingExpenses": 0,
        "sellingGeneralAndAdministrativeExpenses": 0,
        "otherExpenses": 2003000000,
        "operatingExpenses": 2003000000,
        "costAndExpenses": 2124000000,
        "interestIncome": 0,
        "interestExpense": 121000000,
        "depreciationAndAmortization": 161000000,
        "ebitda": 174000000,
        "ebitdaratio": 0.0733867566,
        "operatingIncome": 174000000,
        "operatingIncomeRatio": 0.0733867566,
        "totalOtherIncomeExpensesNet": 73000000,
        "incomeBeforeTax": 247000000,
        "incomeBeforeTaxRatio": 0.1041754534,
        "incomeTaxExpense": 73000000,
        "netIncome": 141000000,
        "netIncomeRatio": 0.0594685787,
        "eps": 0.29,
        "epsdiluted": 0.28,
        "weightedAverageShsOut": 493400000,
        "weightedAverageShsOutDil": 497500000,
        "link": "https://www.sec.gov/Archives/edgar/data/1276520/000119312513313837/0001193125-13-313837-index.htm",
        "finalLink": "https://www.sec.gov/Archives/edgar/data/1276520/000119312513313837/d560565d10q.htm"
    },
    {
        "date": "2013-03-31",
        "symbol": "GNW",
        "reportedCurrency": "USD",
        "cik": "0001276520",
        "fillingDate": "2013-05-02",
        "acceptedDate": "2013-05-02 16:51:04",
        "calendarYear": "2013",
        "period": "Q1",
        "revenue": 2303000000,
        "costOfRevenue": 0,
        "grossProfit": 2303000000,
        "grossProfitRatio": 1,
        "researchAndDevelopmentExpenses": 0,
        "generalAndAdministrativeExpenses": 0,
        "sellingAndMarketingExpenses": 0,
        "sellingGeneralAndAdministrativeExpenses": 0,
        "otherExpenses": 1940000000,
        "operatingExpenses": 1940000000,
        "costAndExpenses": 2066000000,
        "interestIncome": 0,
        "interestExpense": 126000000,
        "depreciationAndAmortization": 144000000,
        "ebitda": 161000000,
        "ebitdaratio": 0.0699088146,
        "operatingIncome": 161000000,
        "operatingIncomeRatio": 0.0699088146,
        "totalOtherIncomeExpensesNet": 76000000,
        "incomeBeforeTax": 237000000,
        "incomeBeforeTaxRatio": 0.1029092488,
        "incomeTaxExpense": 76000000,
        "netIncome": 103000000,
        "netIncomeRatio": 0.0447242727,
        "eps": 0.21,
        "epsdiluted": 0.21,
        "weightedAverageShsOut": 492500000,
        "weightedAverageShsOutDil": 496800000,
        "link": "https://www.sec.gov/Archives/edgar/data/1276520/000119312513196312/0001193125-13-196312-index.htm",
        "finalLink": "https://www.sec.gov/Archives/edgar/data/1276520/000119312513196312/d506403d10q.htm"
    },
    {
        "date": "2012-12-31",
        "symbol": "GNW",
        "reportedCurrency": "USD",
        "cik": "0001276520",
        "fillingDate": "2013-02-28",
        "acceptedDate": "2013-02-28 07:37:47",
        "calendarYear": "2012",
        "period": "Q4",
        "revenue": 2538000000,
        "costOfRevenue": 0,
        "grossProfit": 2538000000,
        "grossProfitRatio": 1,
        "researchAndDevelopmentExpenses": 0,
        "generalAndAdministrativeExpenses": 0,
        "sellingAndMarketingExpenses": 0,
        "sellingGeneralAndAdministrativeExpenses": 0,
        "otherExpenses": 2010000000,
        "operatingExpenses": 2010000000,
        "costAndExpenses": 2193000000,
        "interestIncome": 0,
        "interestExpense": 124000000,
        "depreciationAndAmortization": -457000000,
        "ebitda": 787000000,
        "ebitdaratio": 0.3100866824,
        "operatingIncome": 371000000,
        "operatingIncomeRatio": 0.146178093,
        "totalOtherIncomeExpensesNet": -26000000,
        "incomeBeforeTax": 345000000,
        "incomeBeforeTaxRatio": 0.1359338061,
        "incomeTaxExpense": 81000000,
        "netIncome": 166000000,
        "netIncomeRatio": 0.0654058314,
        "eps": 0.34,
        "epsdiluted": 0.34,
        "weightedAverageShsOut": 491900000,
        "weightedAverageShsOutDil": 493900000,
        "link": "https://www.sec.gov/Archives/edgar/data/1276520/000119312513081960/0001193125-13-081960-index.htm",
        "finalLink": "https://www.sec.gov/Archives/edgar/data/1276520/000119312513081960/d437858d10k.htm"
    },
    {
        "date": "2012-09-30",
        "symbol": "GNW",
        "reportedCurrency": "USD",
        "cik": "0001276520",
        "fillingDate": "2012-11-02",
        "acceptedDate": "2012-11-02 07:00:58",
        "calendarYear": "2012",
        "period": "Q3",
        "revenue": 2536000000,
        "costOfRevenue": 0,
        "grossProfit": 2536000000,
        "grossProfitRatio": 1,
        "researchAndDevelopmentExpenses": 0,
        "generalAndAdministrativeExpenses": 0,
        "sellingAndMarketingExpenses": 0,
        "sellingGeneralAndAdministrativeExpenses": 0,
        "otherExpenses": 2248000000,
        "operatingExpenses": 2248000000,
        "costAndExpenses": 2437000000,
        "interestIncome": 0,
        "interestExpense": 126000000,
        "depreciationAndAmortization": -297000000,
        "ebitda": 0,
        "ebitdaratio": 0,
        "operatingIncome": 189000000,
        "operatingIncomeRatio": 0.0745268139,
        "totalOtherIncomeExpensesNet": -90000000,
        "incomeBeforeTax": 99000000,
        "incomeBeforeTaxRatio": 0.0390378549,
        "incomeTaxExpense": 29000000,
        "netIncome": 35000000,
        "netIncomeRatio": 0.0138012618,
        "eps": 0.07,
        "epsdiluted": 0.07,
        "weightedAverageShsOut": 491700000,
        "weightedAverageShsOutDil": 493900000,
        "link": "https://www.sec.gov/Archives/edgar/data/1276520/000119312512447800/0001193125-12-447800-index.htm",
        "finalLink": "https://www.sec.gov/Archives/edgar/data/1276520/000119312512447800/d405629d10q.htm"
    },
    {
        "date": "2012-06-30",
        "symbol": "GNW",
        "reportedCurrency": "USD",
        "cik": "0001276520",
        "fillingDate": "2012-08-03",
        "acceptedDate": "2012-08-03 08:53:06",
        "calendarYear": "2012",
        "period": "Q2",
        "revenue": 2523000000,
        "costOfRevenue": 0,
        "grossProfit": 2523000000,
        "grossProfitRatio": 1,
        "researchAndDevelopmentExpenses": 0,
        "generalAndAdministrativeExpenses": 0,
        "sellingAndMarketingExpenses": 0,
        "sellingGeneralAndAdministrativeExpenses": 0,
        "otherExpenses": 2162000000,
        "operatingExpenses": 2162000000,
        "costAndExpenses": 2357000000,
        "interestIncome": 0,
        "interestExpense": 131000000,
        "depreciationAndAmortization": 0,
        "ebitda": 0,
        "ebitdaratio": 0,
        "operatingIncome": 264000000,
        "operatingIncomeRatio": 0.1046373365,
        "totalOtherIncomeExpensesNet": -98000000,
        "incomeBeforeTax": 166000000,
        "incomeBeforeTaxRatio": 0.0657946889,
        "incomeTaxExpense": 57000000,
        "netIncome": 76000000,
        "netIncomeRatio": 0.0301228696,
        "eps": 0.16,
        "epsdiluted": 0.16,
        "weightedAverageShsOut": 491500000,
        "weightedAverageShsOutDil": 493900000,
        "link": "https://www.sec.gov/Archives/edgar/data/1276520/000119312512333541/0001193125-12-333541-index.htm",
        "finalLink": "https://www.sec.gov/Archives/edgar/data/1276520/000119312512333541/d358937d10q.htm"
    },
    {
        "date": "2012-03-31",
        "symbol": "GNW",
        "reportedCurrency": "USD",
        "cik": "0001276520",
        "fillingDate": "2012-05-04",
        "acceptedDate": "2012-05-04 16:23:46",
        "calendarYear": "2012",
        "period": "Q1",
        "revenue": 2426000000,
        "costOfRevenue": 0,
        "grossProfit": 2426000000,
        "grossProfitRatio": 1,
        "researchAndDevelopmentExpenses": 0,
        "generalAndAdministrativeExpenses": 0,
        "sellingAndMarketingExpenses": 0,
        "sellingGeneralAndAdministrativeExpenses": 0,
        "otherExpenses": 2138000000,
        "operatingExpenses": 2138000000,
        "costAndExpenses": 2324000000,
        "interestIncome": 0,
        "interestExpense": 95000000,
        "depreciationAndAmortization": 0,
        "ebitda": 0,
        "ebitdaratio": 0,
        "operatingIncome": 164000000,
        "operatingIncomeRatio": 0.0676009893,
        "totalOtherIncomeExpensesNet": -62000000,
        "incomeBeforeTax": 102000000,
        "incomeBeforeTaxRatio": 0.0420445177,
        "incomeTaxExpense": 22000000,
        "netIncome": 46000000,
        "netIncomeRatio": 0.0189612531,
        "eps": 0.09,
        "epsdiluted": 0.09,
        "weightedAverageShsOut": 491200000,
        "weightedAverageShsOutDil": 495700000,
        "link": "https://www.sec.gov/Archives/edgar/data/1276520/000119312512212010/0001193125-12-212010-index.htm",
        "finalLink": "https://www.sec.gov/Archives/edgar/data/1276520/000119312512212010/d321267d10q.htm"
    },
    {
        "date": "2011-12-31",
        "symbol": "GNW",
        "reportedCurrency": "USD",
        "cik": "0001276520",
        "fillingDate": "2012-02-27",
        "acceptedDate": "2012-02-27 16:36:28",
        "calendarYear": "2011",
        "period": "Q4",
        "revenue": 2600000000,
        "costOfRevenue": 0,
        "grossProfit": 2600000000,
        "grossProfitRatio": 1,
        "researchAndDevelopmentExpenses": 0,
        "generalAndAdministrativeExpenses": 0,
        "sellingAndMarketingExpenses": 0,
        "sellingGeneralAndAdministrativeExpenses": 0,
        "otherExpenses": 1949000000,
        "operatingExpenses": 1949000000,
        "costAndExpenses": 2412000000,
        "interestIncome": 0,
        "interestExpense": 121000000,
        "depreciationAndAmortization": 242000000,
        "ebitda": 551000000,
        "ebitdaratio": 0.2119230769,
        "operatingIncome": 276000000,
        "operatingIncomeRatio": 0.1061538462,
        "totalOtherIncomeExpensesNet": -88000000,
        "incomeBeforeTax": 188000000,
        "incomeBeforeTaxRatio": 0.0723076923,
        "incomeTaxExpense": 48000000,
        "netIncome": 107000000,
        "netIncomeRatio": 0.0411538462,
        "eps": 0.22,
        "epsdiluted": 0.22,
        "weightedAverageShsOut": 490900000,
        "weightedAverageShsOutDil": 491200000,
        "link": "https://www.sec.gov/Archives/edgar/data/1276520/000119312512081737/0001193125-12-081737-index.htm",
        "finalLink": "https://www.sec.gov/Archives/edgar/data/1276520/000119312512081737/d264172d10k.htm"
    },
    {
        "date": "2011-09-30",
        "symbol": "GNW",
        "reportedCurrency": "USD",
        "cik": "0001276520",
        "fillingDate": "2011-11-07",
        "acceptedDate": "2011-11-07 16:09:40",
        "calendarYear": "2011",
        "period": "Q3",
        "revenue": 2521000000,
        "costOfRevenue": 0,
        "grossProfit": 2521000000,
        "grossProfitRatio": 1,
        "researchAndDevelopmentExpenses": 0,
        "generalAndAdministrativeExpenses": 0,
        "sellingAndMarketingExpenses": 0,
        "sellingGeneralAndAdministrativeExpenses": 0,
        "otherExpenses": 2384000000,
        "operatingExpenses": 2384000000,
        "costAndExpenses": 2475000000,
        "interestIncome": 0,
        "interestExpense": 124000000,
        "depreciationAndAmortization": 172000000,
        "ebitda": 306000000,
        "ebitdaratio": 0.1213804046,
        "operatingIncome": 134000000,
        "operatingIncomeRatio": 0.0531535105,
        "totalOtherIncomeExpensesNet": -121000000,
        "incomeBeforeTax": 46000000,
        "incomeBeforeTaxRatio": 0.0182467275,
        "incomeTaxExpense": -19000000,
        "netIncome": 29000000,
        "netIncomeRatio": 0.0115033717,
        "eps": 0.0591,
        "epsdiluted": 0.0591,
        "weightedAverageShsOut": 490800000,
        "weightedAverageShsOutDil": 490800000,
        "link": "https://www.sec.gov/Archives/edgar/data/1276520/000119312511299763/0001193125-11-299763-index.htm",
        "finalLink": "https://www.sec.gov/Archives/edgar/data/1276520/000119312511299763/d221920d10q.htm"
    },
    {
        "date": "2011-06-30",
        "symbol": "GNW",
        "reportedCurrency": "USD",
        "cik": "0001276520",
        "fillingDate": "2011-08-02",
        "acceptedDate": "2011-08-02 16:14:42",
        "calendarYear": "2011",
        "period": "Q2",
        "revenue": 2655000000,
        "costOfRevenue": 0,
        "grossProfit": 2655000000,
        "grossProfitRatio": 1,
        "researchAndDevelopmentExpenses": 0,
        "generalAndAdministrativeExpenses": 0,
        "sellingAndMarketingExpenses": 0,
        "sellingGeneralAndAdministrativeExpenses": 0,
        "otherExpenses": 2626000000,
        "operatingExpenses": 2626000000,
        "costAndExpenses": 2721000000,
        "interestIncome": 0,
        "interestExpense": 134000000,
        "depreciationAndAmortization": 144000000,
        "ebitda": 176000000,
        "ebitdaratio": 0.0662900188,
        "operatingIncome": 32000000,
        "operatingIncomeRatio": 0.0120527307,
        "totalOtherIncomeExpensesNet": -105000000,
        "incomeBeforeTax": -66000000,
        "incomeBeforeTaxRatio": -0.0248587571,
        "incomeTaxExpense": -6000000,
        "netIncome": -96000000,
        "netIncomeRatio": -0.0361581921,
        "eps": -0.2,
        "epsdiluted": -0.2,
        "weightedAverageShsOut": 490600000,
        "weightedAverageShsOutDil": 490600000,
        "link": "https://www.sec.gov/Archives/edgar/data/1276520/000119312511206345/0001193125-11-206345-index.htm",
        "finalLink": "https://www.sec.gov/Archives/edgar/data/1276520/000119312511206345/d10q.htm"
    },
    {
        "date": "2011-03-31",
        "symbol": "GNW",
        "reportedCurrency": "USD",
        "cik": "0001276520",
        "fillingDate": "2011-05-04",
        "acceptedDate": "2011-05-04 16:56:59",
        "calendarYear": "2011",
        "period": "Q1",
        "revenue": 2568000000,
        "costOfRevenue": 0,
        "grossProfit": 2568000000,
        "grossProfitRatio": 1,
        "researchAndDevelopmentExpenses": 0,
        "generalAndAdministrativeExpenses": 0,
        "sellingAndMarketingExpenses": 0,
        "sellingGeneralAndAdministrativeExpenses": 0,
        "otherExpenses": 2328000000,
        "operatingExpenses": 2328000000,
        "costAndExpenses": 2422000000,
        "interestIncome": 0,
        "interestExpense": 127000000,
        "depreciationAndAmortization": 185000000,
        "ebitda": 626000000,
        "ebitdaratio": 0.2437694704,
        "operatingIncome": 239000000,
        "operatingIncomeRatio": 0.0930685358,
        "totalOtherIncomeExpensesNet": -93000000,
        "incomeBeforeTax": 146000000,
        "incomeBeforeTaxRatio": 0.0568535826,
        "incomeTaxExpense": 30000000,
        "netIncome": 82000000,
        "netIncomeRatio": 0.0319314642,
        "eps": 0.17,
        "epsdiluted": 0.17,
        "weightedAverageShsOut": 490100000,
        "weightedAverageShsOutDil": 494400000,
        "link": "https://www.sec.gov/Archives/edgar/data/1276520/000119312511126257/0001193125-11-126257-index.htm",
        "finalLink": "https://www.sec.gov/Archives/edgar/data/1276520/000119312511126257/d10q.htm"
    },
    {
        "date": "2010-12-31",
        "symbol": "GNW",
        "reportedCurrency": "USD",
        "cik": "0001276520",
        "fillingDate": "2011-02-25",
        "acceptedDate": "2011-02-25 16:55:50",
        "calendarYear": "2010",
        "period": "Q4",
        "revenue": 2591000000,
        "costOfRevenue": 0,
        "grossProfit": 2591000000,
        "grossProfitRatio": 1,
        "researchAndDevelopmentExpenses": 0,
        "generalAndAdministrativeExpenses": 0,
        "sellingAndMarketingExpenses": 0,
        "sellingGeneralAndAdministrativeExpenses": 0,
        "otherExpenses": 2856000000,
        "operatingExpenses": 2856000000,
        "costAndExpenses": 2846000000,
        "interestIncome": 0,
        "interestExpense": 119000000,
        "depreciationAndAmortization": 166000000,
        "ebitda": 30000000,
        "ebitdaratio": 0.0115785411,
        "operatingIncome": -171000000,
        "operatingIncomeRatio": -0.0659976843,
        "totalOtherIncomeExpensesNet": -84000000,
        "incomeBeforeTax": -255000000,
        "incomeBeforeTaxRatio": -0.0984175994,
        "incomeTaxExpense": -129000000,
        "netIncome": -161000000,
        "netIncomeRatio": -0.0621381706,
        "eps": -0.33,
        "epsdiluted": -0.33,
        "weightedAverageShsOut": 489900000,
        "weightedAverageShsOutDil": 490100000,
        "link": "https://www.sec.gov/Archives/edgar/data/1276520/000119312511047536/0001193125-11-047536-index.htm",
        "finalLink": "https://www.sec.gov/Archives/edgar/data/1276520/000119312511047536/d10k.htm"
    },
    {
        "date": "2010-09-30",
        "symbol": "GNW",
        "reportedCurrency": "USD",
        "cik": "0001276520",
        "fillingDate": "2010-10-29",
        "acceptedDate": "2010-10-29 16:36:28",
        "calendarYear": "2010",
        "period": "Q3",
        "revenue": 112846000,
        "costOfRevenue": 0,
        "grossProfit": 112846000,
        "grossProfitRatio": 1,
        "researchAndDevelopmentExpenses": 0,
        "generalAndAdministrativeExpenses": 0,
        "sellingAndMarketingExpenses": 0,
        "sellingGeneralAndAdministrativeExpenses": 0,
        "otherExpenses": 2413000000,
        "operatingExpenses": 2413000000,
        "costAndExpenses": 54121000,
        "interestIncome": 0,
        "interestExpense": 114000000,
        "depreciationAndAmortization": 8613000,
        "ebitda": 442000000,
        "ebitdaratio": 3.9168424224,
        "operatingIncome": 433387000,
        "operatingIncomeRatio": 3.840517165,
        "totalOtherIncomeExpensesNet": 140000000,
        "incomeBeforeTax": 58725000,
        "incomeBeforeTaxRatio": 0.5203994825,
        "incomeTaxExpense": 18711000,
        "netIncome": 40014000,
        "netIncomeRatio": 0.3545894405,
        "eps": 0.0817,
        "epsdiluted": 0.081,
        "weightedAverageShsOut": 489500000,
        "weightedAverageShsOutDil": 493900000,
        "link": "https://www.sec.gov/Archives/edgar/data/1276520/000119312510241290/0001193125-10-241290-index.htm",
        "finalLink": "https://www.sec.gov/Archives/edgar/data/1276520/000119312510241290/d10q.htm"
    },
    {
        "date": "2010-06-30",
        "symbol": "GNW",
        "reportedCurrency": "USD",
        "cik": "0001276520",
        "fillingDate": "2010-07-30",
        "acceptedDate": "2010-07-30 12:09:21",
        "calendarYear": "2010",
        "period": "Q2",
        "revenue": 2410000000,
        "costOfRevenue": 0,
        "grossProfit": 2410000000,
        "grossProfitRatio": 1,
        "researchAndDevelopmentExpenses": 0,
        "generalAndAdministrativeExpenses": 0,
        "sellingAndMarketingExpenses": 0,
        "sellingGeneralAndAdministrativeExpenses": 0,
        "otherExpenses": 2229000000,
        "operatingExpenses": 2229000000,
        "costAndExpenses": 2338000000,
        "interestIncome": 0,
        "interestExpense": 109000000,
        "depreciationAndAmortization": 179000000,
        "ebitda": 325000000,
        "ebitdaratio": 0.1348547718,
        "operatingIncome": 146000000,
        "operatingIncomeRatio": 0.0605809129,
        "totalOtherIncomeExpensesNet": -74000000,
        "incomeBeforeTax": 72000000,
        "incomeBeforeTaxRatio": 0.0298755187,
        "incomeTaxExpense": -5000000,
        "netIncome": 42000000,
        "netIncomeRatio": 0.0174273859,
        "eps": 0.09,
        "epsdiluted": 0.08,
        "weightedAverageShsOut": 489100000,
        "weightedAverageShsOutDil": 494200000,
        "link": "https://www.sec.gov/Archives/edgar/data/1276520/000119312510171844/0001193125-10-171844-index.htm",
        "finalLink": "https://www.sec.gov/Archives/edgar/data/1276520/000119312510171844/d10q.htm"
    },
    {
        "date": "2010-03-31",
        "symbol": "GNW",
        "reportedCurrency": "USD",
        "cik": "0001276520",
        "fillingDate": "2010-04-30",
        "acceptedDate": "2010-04-30 16:04:11",
        "calendarYear": "2010",
        "period": "Q1",
        "revenue": 2421000000,
        "costOfRevenue": 0,
        "grossProfit": 2421000000,
        "grossProfitRatio": 1,
        "researchAndDevelopmentExpenses": 0,
        "generalAndAdministrativeExpenses": 0,
        "sellingAndMarketingExpenses": 0,
        "sellingGeneralAndAdministrativeExpenses": 0,
        "otherExpenses": 2187000000,
        "operatingExpenses": 2187000000,
        "costAndExpenses": 2302000000,
        "interestIncome": 0,
        "interestExpense": 115000000,
        "depreciationAndAmortization": 184000000,
        "ebitda": 384000000,
        "ebitdaratio": 0.1586121437,
        "operatingIncome": 200000000,
        "operatingIncomeRatio": 0.0826104915,
        "totalOtherIncomeExpensesNet": -81000000,
        "incomeBeforeTax": 119000000,
        "incomeBeforeTaxRatio": 0.0491532425,
        "incomeTaxExpense": -93000000,
        "netIncome": 178000000,
        "netIncomeRatio": 0.0735233375,
        "eps": 0.36,
        "epsdiluted": 0.36,
        "weightedAverageShsOut": 488800000,
        "weightedAverageShsOutDil": 493500000,
        "link": "https://www.sec.gov/Archives/edgar/data/1276520/000119312510101913/0001193125-10-101913-index.htm",
        "finalLink": "https://www.sec.gov/Archives/edgar/data/1276520/000119312510101913/d10q.htm"
    },
    {
        "date": "2009-12-31",
        "symbol": "GNW",
        "reportedCurrency": "USD",
        "cik": "0001276520",
        "fillingDate": "2010-02-26",
        "acceptedDate": "2010-02-26 10:24:50",
        "calendarYear": "2009",
        "period": "Q4",
        "revenue": 2461000000,
        "costOfRevenue": 0,
        "grossProfit": 2461000000,
        "grossProfitRatio": 1,
        "researchAndDevelopmentExpenses": 0,
        "generalAndAdministrativeExpenses": 0,
        "sellingAndMarketingExpenses": 0,
        "sellingGeneralAndAdministrativeExpenses": 0,
        "otherExpenses": 2272000000,
        "operatingExpenses": 2272000000,
        "costAndExpenses": 2359000000,
        "interestIncome": 0,
        "interestExpense": 87000000,
        "depreciationAndAmortization": 180000000,
        "ebitda": 369000000,
        "ebitdaratio": 0.1499390492,
        "operatingIncome": -572000000,
        "operatingIncomeRatio": -0.2324258432,
        "totalOtherIncomeExpensesNet": 524000000,
        "incomeBeforeTax": 102000000,
        "incomeBeforeTaxRatio": 0.0414465664,
        "incomeTaxExpense": 27000000,
        "netIncome": 40000000,
        "netIncomeRatio": 0.0162535555,
        "eps": 0.0818,
        "epsdiluted": 0.0818,
        "weightedAverageShsOut": 488800000,
        "weightedAverageShsOutDil": 488800000,
        "link": "https://www.sec.gov/Archives/edgar/data/1276520/000119312510041949/0001193125-10-041949-index.htm",
        "finalLink": "https://www.sec.gov/Archives/edgar/data/1276520/000119312510041949/d10k.htm"
    },
    {
        "date": "2009-09-30",
        "symbol": "GNW",
        "reportedCurrency": "USD",
        "cik": "0001276520",
        "fillingDate": "2009-11-02",
        "acceptedDate": "2009-11-02 16:06:09",
        "calendarYear": "2009",
        "period": "Q3",
        "revenue": 2391000000,
        "costOfRevenue": 0,
        "grossProfit": 2391000000,
        "grossProfitRatio": 1,
        "researchAndDevelopmentExpenses": 0,
        "generalAndAdministrativeExpenses": 0,
        "sellingAndMarketingExpenses": 0,
        "sellingGeneralAndAdministrativeExpenses": 0,
        "otherExpenses": 2302000000,
        "operatingExpenses": 2302000000,
        "costAndExpenses": 2398000000,
        "interestIncome": 0,
        "interestExpense": 96000000,
        "depreciationAndAmortization": 143000000,
        "ebitda": 206000000,
        "ebitdaratio": 0.0861564199,
        "operatingIncome": 63000000,
        "operatingIncomeRatio": 0.026348808,
        "totalOtherIncomeExpensesNet": -70000000,
        "incomeBeforeTax": -7000000,
        "incomeBeforeTaxRatio": -0.0029276453,
        "incomeTaxExpense": -52000000,
        "netIncome": 19000000,
        "netIncomeRatio": 0.0079464659,
        "eps": 0.04,
        "epsdiluted": 0.04,
        "weightedAverageShsOut": 448900000,
        "weightedAverageShsOutDil": 451600000,
        "link": "https://www.sec.gov/Archives/edgar/data/1276520/000119312509220398/0001193125-09-220398-index.htm",
        "finalLink": "https://www.sec.gov/Archives/edgar/data/1276520/000119312509220398/d10q.htm"
    },
    {
        "date": "2009-06-30",
        "symbol": "GNW",
        "reportedCurrency": "USD",
        "cik": "0001276520",
        "fillingDate": "2009-07-31",
        "acceptedDate": "2009-07-31 16:39:10",
        "calendarYear": "2009",
        "period": "Q2",
        "revenue": 104596000,
        "costOfRevenue": 0,
        "grossProfit": 104596000,
        "grossProfitRatio": 1,
        "researchAndDevelopmentExpenses": 0,
        "generalAndAdministrativeExpenses": 0,
        "sellingAndMarketingExpenses": 0,
        "sellingGeneralAndAdministrativeExpenses": 0,
        "otherExpenses": 2423000000,
        "operatingExpenses": 2423000000,
        "costAndExpenses": 59859000,
        "interestIncome": 0,
        "interestExpense": 114000000,
        "depreciationAndAmortization": 6450000,
        "ebitda": 272000000,
        "ebitdaratio": 2.600481854,
        "operatingIncome": 265550000,
        "operatingIncomeRatio": 2.5388160159,
        "totalOtherIncomeExpensesNet": -54000000,
        "incomeBeforeTax": 44737000,
        "incomeBeforeTaxRatio": 0.4277123408,
        "incomeTaxExpense": 16696000,
        "netIncome": 28041000,
        "netIncomeRatio": 0.2680886458,
        "eps": 0.0647,
        "epsdiluted": 0.0647,
        "weightedAverageShsOut": 433200000,
        "weightedAverageShsOutDil": 433200000,
        "link": "https://www.sec.gov/Archives/edgar/data/1276520/000119312509160870/0001193125-09-160870-index.htm",
        "finalLink": "https://www.sec.gov/Archives/edgar/data/1276520/000119312509160870/d10q.htm"
    },
    {
        "date": "2009-03-31",
        "symbol": "GNW",
        "reportedCurrency": "USD",
        "cik": "0001276520",
        "fillingDate": "2009-05-08",
        "acceptedDate": "2009-05-08 17:13:38",
        "calendarYear": "2009",
        "period": "Q1",
        "revenue": 1734000000,
        "costOfRevenue": 0,
        "grossProfit": 1734000000,
        "grossProfitRatio": 1,
        "researchAndDevelopmentExpenses": 0,
        "generalAndAdministrativeExpenses": 0,
        "sellingAndMarketingExpenses": 0,
        "sellingGeneralAndAdministrativeExpenses": 0,
        "otherExpenses": 2471000000,
        "operatingExpenses": 2471000000,
        "costAndExpenses": 2567000000,
        "interestIncome": 0,
        "interestExpense": 96000000,
        "depreciationAndAmortization": 247000000,
        "ebitda": -490000000,
        "ebitdaratio": -0.2825836217,
        "operatingIncome": -737000000,
        "operatingIncomeRatio": -0.4250288351,
        "totalOtherIncomeExpensesNet": -96000000,
        "incomeBeforeTax": -833000000,
        "incomeBeforeTaxRatio": -0.4803921569,
        "incomeTaxExpense": -364000000,
        "netIncome": -469000000,
        "netIncomeRatio": -0.270472895,
        "eps": -1.08,
        "epsdiluted": -1.08,
        "weightedAverageShsOut": 433200000,
        "weightedAverageShsOutDil": 433200000,
        "link": "https://www.sec.gov/Archives/edgar/data/1276520/000119312509105589/0001193125-09-105589-index.htm",
        "finalLink": "https://www.sec.gov/Archives/edgar/data/1276520/000119312509105589/d10q.htm"
    },
    {
        "date": "2008-12-31",
        "symbol": "GNW",
        "reportedCurrency": "USD",
        "cik": "0001276520",
        "fillingDate": "2009-03-02",
        "acceptedDate": "2009-03-02 06:19:48",
        "calendarYear": "2008",
        "period": "Q4",
        "revenue": 2629000000,
        "costOfRevenue": 0,
        "grossProfit": 2629000000,
        "grossProfitRatio": 1,
        "researchAndDevelopmentExpenses": 0,
        "generalAndAdministrativeExpenses": 0,
        "sellingAndMarketingExpenses": 0,
        "sellingGeneralAndAdministrativeExpenses": 0,
        "otherExpenses": 2938000000,
        "operatingExpenses": 2938000000,
        "costAndExpenses": 3061000000,
        "interestIncome": 0,
        "interestExpense": 123000000,
        "depreciationAndAmortization": 264000000,
        "ebitda": -45000000,
        "ebitdaratio": -0.0171167744,
        "operatingIncome": -309000000,
        "operatingIncomeRatio": -0.1175351845,
        "totalOtherIncomeExpensesNet": -123000000,
        "incomeBeforeTax": -432000000,
        "incomeBeforeTaxRatio": -0.1643210346,
        "incomeTaxExpense": -111000000,
        "netIncome": -321000000,
        "netIncomeRatio": -0.1220996577,
        "eps": -0.74,
        "epsdiluted": -0.74,
        "weightedAverageShsOut": 433200000,
        "weightedAverageShsOutDil": 433200000,
        "link": "https://www.sec.gov/Archives/edgar/data/1276520/000119312509041694/0001193125-09-041694-index.htm",
        "finalLink": "https://www.sec.gov/Archives/edgar/data/1276520/000119312509041694/d10k.htm"
    },
    {
        "date": "2008-09-30",
        "symbol": "GNW",
        "reportedCurrency": "USD",
        "cik": "0001276520",
        "fillingDate": "2008-11-10",
        "acceptedDate": "2008-11-10 16:05:55",
        "calendarYear": "2008",
        "period": "Q3",
        "revenue": 110945000,
        "costOfRevenue": 0,
        "grossProfit": 110945000,
        "grossProfitRatio": 1,
        "researchAndDevelopmentExpenses": 0,
        "generalAndAdministrativeExpenses": 0,
        "sellingAndMarketingExpenses": 0,
        "sellingGeneralAndAdministrativeExpenses": 0,
        "otherExpenses": 2539000000,
        "operatingExpenses": 2539000000,
        "costAndExpenses": 55706000,
        "interestIncome": 0,
        "interestExpense": 125000000,
        "depreciationAndAmortization": 208000000,
        "ebitda": -258000000,
        "ebitdaratio": -2.3254765875,
        "operatingIncome": -258000000,
        "operatingIncomeRatio": -2.3254765875,
        "totalOtherIncomeExpensesNet": -238000000,
        "incomeBeforeTax": 55239000,
        "incomeBeforeTaxRatio": 0.4978953536,
        "incomeTaxExpense": 16975000,
        "netIncome": 38264000,
        "netIncomeRatio": 0.344891613,
        "eps": 0.0883,
        "epsdiluted": 0.088,
        "weightedAverageShsOut": 433300000,
        "weightedAverageShsOutDil": 434800000,
        "link": "https://www.sec.gov/Archives/edgar/data/1276520/000119312508231696/0001193125-08-231696-index.htm",
        "finalLink": "https://www.sec.gov/Archives/edgar/data/1276520/000119312508231696/d10q.htm"
    },
    {
        "date": "2008-06-30",
        "symbol": "GNW",
        "reportedCurrency": "USD",
        "cik": "0001276520",
        "fillingDate": "2008-08-04",
        "acceptedDate": "2008-08-04 16:10:27",
        "calendarYear": "2008",
        "period": "Q2",
        "revenue": 2398000000,
        "costOfRevenue": 0,
        "grossProfit": 2398000000,
        "grossProfitRatio": 1,
        "researchAndDevelopmentExpenses": 0,
        "generalAndAdministrativeExpenses": 0,
        "sellingAndMarketingExpenses": 0,
        "sellingGeneralAndAdministrativeExpenses": 0,
        "otherExpenses": 2466000000,
        "operatingExpenses": 2466000000,
        "costAndExpenses": 2576000000,
        "interestIncome": 0,
        "interestExpense": 110000000,
        "depreciationAndAmortization": 217000000,
        "ebitda": 149000000,
        "ebitdaratio": 0.0621351126,
        "operatingIncome": -109000000,
        "operatingIncomeRatio": -0.0454545455,
        "totalOtherIncomeExpensesNet": -69000000,
        "incomeBeforeTax": -178000000,
        "incomeBeforeTaxRatio": -0.0742285238,
        "incomeTaxExpense": -69000000,
        "netIncome": -109000000,
        "netIncomeRatio": -0.0454545455,
        "eps": -0.25,
        "epsdiluted": -0.25,
        "weightedAverageShsOut": 432900000,
        "weightedAverageShsOutDil": 432900000,
        "link": "https://www.sec.gov/Archives/edgar/data/1276520/000119312508164932/0001193125-08-164932-index.htm",
        "finalLink": "https://www.sec.gov/Archives/edgar/data/1276520/000119312508164932/d10q.htm"
    },
    {
        "date": "2008-03-31",
        "symbol": "GNW",
        "reportedCurrency": "USD",
        "cik": "0001276520",
        "fillingDate": "2008-04-29",
        "acceptedDate": "2008-04-29 08:33:25",
        "calendarYear": "2008",
        "period": "Q1",
        "revenue": 2753000000,
        "costOfRevenue": 0,
        "grossProfit": 2753000000,
        "grossProfitRatio": 1,
        "researchAndDevelopmentExpenses": 0,
        "generalAndAdministrativeExpenses": 0,
        "sellingAndMarketingExpenses": 0,
        "sellingGeneralAndAdministrativeExpenses": 0,
        "otherExpenses": 2477000000,
        "operatingExpenses": 2477000000,
        "costAndExpenses": 2589000000,
        "interestIncome": 0,
        "interestExpense": 457000000,
        "depreciationAndAmortization": 195000000,
        "ebitda": 116000000,
        "ebitdaratio": 0.0421358518,
        "operatingIncome": 116000000,
        "operatingIncomeRatio": 0.0421358518,
        "totalOtherIncomeExpensesNet": 48000000,
        "incomeBeforeTax": 164000000,
        "incomeBeforeTaxRatio": 0.0595713767,
        "incomeTaxExpense": 48000000,
        "netIncome": 116000000,
        "netIncomeRatio": 0.0421358518,
        "eps": 0.27,
        "epsdiluted": 0.27,
        "weightedAverageShsOut": 433600000,
        "weightedAverageShsOutDil": 436800000,
        "link": "https://www.sec.gov/Archives/edgar/data/1276520/000119312508093972/0001193125-08-093972-index.htm",
        "finalLink": "https://www.sec.gov/Archives/edgar/data/1276520/000119312508093972/d10q.htm"
    },
    {
        "date": "2007-12-31",
        "symbol": "GNW",
        "reportedCurrency": "USD",
        "cik": "0001276520",
        "fillingDate": "2008-02-28",
        "acceptedDate": "2008-02-28 14:12:23",
        "calendarYear": "2007",
        "period": "Q4",
        "revenue": 2775000000,
        "costOfRevenue": 0,
        "grossProfit": 2775000000,
        "grossProfitRatio": 1,
        "researchAndDevelopmentExpenses": 0,
        "generalAndAdministrativeExpenses": 0,
        "sellingAndMarketingExpenses": 0,
        "sellingGeneralAndAdministrativeExpenses": 0,
        "otherExpenses": 2400000000,
        "operatingExpenses": 2400000000,
        "costAndExpenses": 2526000000,
        "interestIncome": 0,
        "interestExpense": 511000000,
        "depreciationAndAmortization": 212000000,
        "ebitda": 1531000000,
        "ebitdaratio": 0.5517117117,
        "operatingIncome": 758000000,
        "operatingIncomeRatio": 0.2731531532,
        "totalOtherIncomeExpensesNet": -509000000,
        "incomeBeforeTax": 249000000,
        "incomeBeforeTaxRatio": 0.0897297297,
        "incomeTaxExpense": 69000000,
        "netIncome": 178000000,
        "netIncomeRatio": 0.0641441441,
        "eps": 0.41,
        "epsdiluted": 0.41,
        "weightedAverageShsOut": 433600000,
        "weightedAverageShsOutDil": 433600000,
        "link": "https://www.sec.gov/Archives/edgar/data/1276520/000119312508041475/0001193125-08-041475-index.htm",
        "finalLink": "https://www.sec.gov/Archives/edgar/data/1276520/000119312508041475/d10k.htm"
    },
    {
        "date": "2007-09-30",
        "symbol": "GNW",
        "reportedCurrency": "USD",
        "cik": "0001276520",
        "fillingDate": "2007-10-26",
        "acceptedDate": "2007-10-26 16:02:54",
        "calendarYear": "2007",
        "period": "Q3",
        "revenue": 2875000000,
        "costOfRevenue": 0,
        "grossProfit": 2875000000,
        "grossProfitRatio": 1,
        "researchAndDevelopmentExpenses": 0,
        "generalAndAdministrativeExpenses": 0,
        "sellingAndMarketingExpenses": 0,
        "sellingGeneralAndAdministrativeExpenses": 0,
        "otherExpenses": 2301000000,
        "operatingExpenses": 2301000000,
        "costAndExpenses": 2425000000,
        "interestIncome": 0,
        "interestExpense": 515000000,
        "depreciationAndAmortization": 174000000,
        "ebitda": 339000000,
        "ebitdaratio": 0.1179130435,
        "operatingIncome": 339000000,
        "operatingIncomeRatio": 0.1179130435,
        "totalOtherIncomeExpensesNet": 111000000,
        "incomeBeforeTax": 450000000,
        "incomeBeforeTaxRatio": 0.1565217391,
        "incomeTaxExpense": 111000000,
        "netIncome": 339000000,
        "netIncomeRatio": 0.1179130435,
        "eps": 0.77,
        "epsdiluted": 0.76,
        "weightedAverageShsOut": 441100000,
        "weightedAverageShsOutDil": 445600000,
        "link": "https://www.sec.gov/Archives/edgar/data/1276520/000119312507226957/0001193125-07-226957-index.htm",
        "finalLink": "https://www.sec.gov/Archives/edgar/data/1276520/000119312507226957/d10q.htm"
    },
    {
        "date": "2007-06-30",
        "symbol": "GNW",
        "reportedCurrency": "USD",
        "cik": "0001276520",
        "fillingDate": "2007-08-02",
        "acceptedDate": "2007-08-02 16:09:28",
        "calendarYear": "2007",
        "period": "Q2",
        "revenue": 2765000000,
        "costOfRevenue": 0,
        "grossProfit": 2765000000,
        "grossProfitRatio": 1,
        "researchAndDevelopmentExpenses": 0,
        "generalAndAdministrativeExpenses": 0,
        "sellingAndMarketingExpenses": 0,
        "sellingGeneralAndAdministrativeExpenses": 0,
        "otherExpenses": 2183000000,
        "operatingExpenses": 2183000000,
        "costAndExpenses": 2307000000,
        "interestIncome": 0,
        "interestExpense": 515000000,
        "depreciationAndAmortization": 200000000,
        "ebitda": 321000000,
        "ebitdaratio": 0.1160940325,
        "operatingIncome": 321000000,
        "operatingIncomeRatio": 0.1160940325,
        "totalOtherIncomeExpensesNet": 137000000,
        "incomeBeforeTax": 458000000,
        "incomeBeforeTaxRatio": 0.165641953,
        "incomeTaxExpense": 137000000,
        "netIncome": 379000000,
        "netIncomeRatio": 0.1370705244,
        "eps": 0.86,
        "epsdiluted": 0.84,
        "weightedAverageShsOut": 439400000,
        "weightedAverageShsOutDil": 449000000,
        "link": "https://www.sec.gov/Archives/edgar/data/1276520/000119312507169444/0001193125-07-169444-index.htm",
        "finalLink": "https://www.sec.gov/Archives/edgar/data/1276520/000119312507169444/d10q.htm"
    },
    {
        "date": "2007-03-31",
        "symbol": "GNW",
        "reportedCurrency": "USD",
        "cik": "0001276520",
        "fillingDate": "2007-05-01",
        "acceptedDate": "2007-05-01 16:44:03",
        "calendarYear": "2007",
        "period": "Q1",
        "revenue": 2710000000,
        "costOfRevenue": 0,
        "grossProfit": 2710000000,
        "grossProfitRatio": 1,
        "researchAndDevelopmentExpenses": 0,
        "generalAndAdministrativeExpenses": 0,
        "sellingAndMarketingExpenses": 0,
        "sellingGeneralAndAdministrativeExpenses": 0,
        "otherExpenses": 2154000000,
        "operatingExpenses": 2154000000,
        "costAndExpenses": 2261000000,
        "interestIncome": 0,
        "interestExpense": 492000000,
        "depreciationAndAmortization": 216000000,
        "ebitda": 314000000,
        "ebitdaratio": 0.1158671587,
        "operatingIncome": 314000000,
        "operatingIncomeRatio": 0.1158671587,
        "totalOtherIncomeExpensesNet": 135000000,
        "incomeBeforeTax": 449000000,
        "incomeBeforeTaxRatio": 0.1656826568,
        "incomeTaxExpense": 135000000,
        "netIncome": 324000000,
        "netIncomeRatio": 0.1195571956,
        "eps": 0.74,
        "epsdiluted": 0.71,
        "weightedAverageShsOut": 441000000,
        "weightedAverageShsOutDil": 455000000,
        "link": "https://www.sec.gov/Archives/edgar/data/1276520/000119312507097841/0001193125-07-097841-index.htm",
        "finalLink": "https://www.sec.gov/Archives/edgar/data/1276520/000119312507097841/d10q.htm"
    },
    {
        "date": "2006-12-31",
        "symbol": "GNW",
        "reportedCurrency": "USD",
        "cik": "0001276520",
        "fillingDate": "2007-02-28",
        "acceptedDate": "2007-02-28 17:22:39",
        "calendarYear": "2006",
        "period": "Q4",
        "revenue": 2846000000,
        "costOfRevenue": 0,
        "grossProfit": 2846000000,
        "grossProfitRatio": 1,
        "researchAndDevelopmentExpenses": 0,
        "generalAndAdministrativeExpenses": 0,
        "sellingAndMarketingExpenses": 0,
        "sellingGeneralAndAdministrativeExpenses": 0,
        "otherExpenses": 2049000000,
        "operatingExpenses": 2049000000,
        "costAndExpenses": 2326000000,
        "interestIncome": 0,
        "interestExpense": 495000000,
        "depreciationAndAmortization": 176000000,
        "ebitda": 1191000000,
        "ebitdaratio": 0.4184820801,
        "operatingIncome": 1358000000,
        "operatingIncomeRatio": 0.4771609276,
        "totalOtherIncomeExpensesNet": -838000000,
        "incomeBeforeTax": 520000000,
        "incomeBeforeTaxRatio": 0.1827125791,
        "incomeTaxExpense": 147000000,
        "netIncome": 373000000,
        "netIncomeRatio": 0.1310611384,
        "eps": 0.85,
        "epsdiluted": 0.85,
        "weightedAverageShsOut": 441000000,
        "weightedAverageShsOutDil": 441000000,
        "link": "https://www.sec.gov/Archives/edgar/data/1276520/000119312507042851/0001193125-07-042851-index.htm",
        "finalLink": "https://www.sec.gov/Archives/edgar/data/1276520/000119312507042851/d10k.htm"
    },
    {
        "date": "2006-09-30",
        "symbol": "GNW",
        "reportedCurrency": "USD",
        "cik": "0001276520",
        "fillingDate": "2006-10-27",
        "acceptedDate": "2006-10-27 16:19:02",
        "calendarYear": "2006",
        "period": "Q3",
        "revenue": 2804000000,
        "costOfRevenue": 0,
        "grossProfit": 2804000000,
        "grossProfitRatio": 1,
        "researchAndDevelopmentExpenses": 0,
        "generalAndAdministrativeExpenses": 0,
        "sellingAndMarketingExpenses": 0,
        "sellingGeneralAndAdministrativeExpenses": 0,
        "otherExpenses": 2096000000,
        "operatingExpenses": 2096000000,
        "costAndExpenses": 2356000000,
        "interestIncome": 0,
        "interestExpense": 470000000,
        "depreciationAndAmortization": 176000000,
        "ebitda": 307000000,
        "ebitdaratio": 0.1094864479,
        "operatingIncome": 307000000,
        "operatingIncomeRatio": 0.1094864479,
        "totalOtherIncomeExpensesNet": 141000000,
        "incomeBeforeTax": 448000000,
        "incomeBeforeTaxRatio": 0.1597717546,
        "incomeTaxExpense": 144000000,
        "netIncome": 304000000,
        "netIncomeRatio": 0.1084165478,
        "eps": 0.67,
        "epsdiluted": 0.65,
        "weightedAverageShsOut": 453800000,
        "weightedAverageShsOutDil": 467200000,
        "link": "https://www.sec.gov/Archives/edgar/data/1276520/000119312506217042/0001193125-06-217042-index.htm",
        "finalLink": "https://www.sec.gov/Archives/edgar/data/1276520/000119312506217042/d10q.htm"
    },
    {
        "date": "2006-06-30",
        "symbol": "GNW",
        "reportedCurrency": "USD",
        "cik": "0001276520",
        "fillingDate": "2006-07-28",
        "acceptedDate": "2006-07-28 14:06:36",
        "calendarYear": "2006",
        "period": "Q2",
        "revenue": 2754000000,
        "costOfRevenue": 0,
        "grossProfit": 2754000000,
        "grossProfitRatio": 1,
        "researchAndDevelopmentExpenses": 0,
        "generalAndAdministrativeExpenses": 0,
        "sellingAndMarketingExpenses": 0,
        "sellingGeneralAndAdministrativeExpenses": 0,
        "otherExpenses": 2036000000,
        "operatingExpenses": 2036000000,
        "costAndExpenses": 2290000000,
        "interestIncome": 0,
        "interestExpense": 466000000,
        "depreciationAndAmortization": 214000000,
        "ebitda": 1116000000,
        "ebitdaratio": 0.4052287582,
        "operatingIncome": 930000000,
        "operatingIncomeRatio": 0.3376906318,
        "totalOtherIncomeExpensesNet": -483000000,
        "incomeBeforeTax": 464000000,
        "incomeBeforeTaxRatio": 0.1684822077,
        "incomeTaxExpense": 147000000,
        "netIncome": 317000000,
        "netIncomeRatio": 0.1151053014,
        "eps": 0.7,
        "epsdiluted": 0.68,
        "weightedAverageShsOut": 455800000,
        "weightedAverageShsOutDil": 468300000,
        "link": "https://www.sec.gov/Archives/edgar/data/1276520/000119312506155848/0001193125-06-155848-index.htm",
        "finalLink": "https://www.sec.gov/Archives/edgar/data/1276520/000119312506155848/d10q.htm"
    },
    {
        "date": "2006-03-31",
        "symbol": "GNW",
        "reportedCurrency": "USD",
        "cik": "0001276520",
        "fillingDate": "2006-04-28",
        "acceptedDate": "2006-04-28 16:13:20",
        "calendarYear": "2006",
        "period": "Q1",
        "revenue": 2625000000,
        "costOfRevenue": 0,
        "grossProfit": 2625000000,
        "grossProfitRatio": 1,
        "researchAndDevelopmentExpenses": 0,
        "generalAndAdministrativeExpenses": 0,
        "sellingAndMarketingExpenses": 0,
        "sellingGeneralAndAdministrativeExpenses": 0,
        "otherExpenses": 1887000000,
        "operatingExpenses": 1887000000,
        "costAndExpenses": 2139000000,
        "interestIncome": 0,
        "interestExpense": 455000000,
        "depreciationAndAmortization": 179000000,
        "ebitda": 1096000000,
        "ebitdaratio": 0.4175238095,
        "operatingIncome": 945000000,
        "operatingIncomeRatio": 0.36,
        "totalOtherIncomeExpensesNet": -472000000,
        "incomeBeforeTax": 486000000,
        "incomeBeforeTaxRatio": 0.1851428571,
        "incomeTaxExpense": 156000000,
        "netIncome": 334000000,
        "netIncomeRatio": 0.1272380952,
        "eps": 0.72,
        "epsdiluted": 0.7,
        "weightedAverageShsOut": 467000000,
        "weightedAverageShsOutDil": 479500000,
        "link": "https://www.sec.gov/Archives/edgar/data/1276520/000119312506092945/0001193125-06-092945-index.htm",
        "finalLink": "https://www.sec.gov/Archives/edgar/data/1276520/000119312506092945/d10q.htm"
    },
    {
        "date": "2005-12-31",
        "symbol": "GNW",
        "reportedCurrency": "USD",
        "cik": "0001276520",
        "fillingDate": "2006-02-27",
        "acceptedDate": "2006-02-27 06:10:12",
        "calendarYear": "2005",
        "period": "Q4",
        "revenue": 2655000000,
        "costOfRevenue": 0,
        "grossProfit": 2655000000,
        "grossProfitRatio": 1,
        "researchAndDevelopmentExpenses": 0,
        "generalAndAdministrativeExpenses": 0,
        "sellingAndMarketingExpenses": 0,
        "sellingGeneralAndAdministrativeExpenses": 0,
        "otherExpenses": 1451000000,
        "operatingExpenses": 1451000000,
        "costAndExpenses": 2196000000,
        "interestIncome": 0,
        "interestExpense": 454000000,
        "depreciationAndAmortization": 193000000,
        "ebitda": 1106000000,
        "ebitdaratio": 0.4165725047,
        "operatingIncome": 913000000,
        "operatingIncomeRatio": 0.3438794727,
        "totalOtherIncomeExpensesNet": -745000000,
        "incomeBeforeTax": 459000000,
        "incomeBeforeTaxRatio": 0.1728813559,
        "incomeTaxExpense": 152000000,
        "netIncome": 307000000,
        "netIncomeRatio": 0.1156308851,
        "eps": 0.66,
        "epsdiluted": 0.66,
        "weightedAverageShsOut": 467000000,
        "weightedAverageShsOutDil": 467000000,
        "link": "https://www.sec.gov/Archives/edgar/data/1276520/000119312506039300/0001193125-06-039300-index.htm",
        "finalLink": "https://www.sec.gov/Archives/edgar/data/1276520/000119312506039300/d10k.htm"
    },
    {
        "date": "2005-09-30",
        "symbol": "GNW",
        "reportedCurrency": "USD",
        "cik": "0001276520",
        "fillingDate": "2005-10-27",
        "acceptedDate": "2005-10-27 17:01:23",
        "calendarYear": "2005",
        "period": "Q3",
        "revenue": 2628000000,
        "costOfRevenue": 0,
        "grossProfit": 2628000000,
        "grossProfitRatio": 1,
        "researchAndDevelopmentExpenses": 0,
        "generalAndAdministrativeExpenses": 0,
        "sellingAndMarketingExpenses": 0,
        "sellingGeneralAndAdministrativeExpenses": 0,
        "otherExpenses": 2113000000,
        "operatingExpenses": 2113000000,
        "costAndExpenses": 2185000000,
        "interestIncome": 0,
        "interestExpense": 436000000,
        "depreciationAndAmortization": 191000000,
        "ebitda": 1070000000,
        "ebitdaratio": 0.4071537291,
        "operatingIncome": 879000000,
        "operatingIncomeRatio": 0.3344748858,
        "totalOtherIncomeExpensesNet": -72000000,
        "incomeBeforeTax": 443000000,
        "incomeBeforeTaxRatio": 0.1685692542,
        "incomeTaxExpense": 136000000,
        "netIncome": 307000000,
        "netIncomeRatio": 0.1168188737,
        "eps": 0.65,
        "epsdiluted": 0.64,
        "weightedAverageShsOut": 470700000,
        "weightedAverageShsOutDil": 481100000,
        "link": "https://www.sec.gov/Archives/edgar/data/1276520/000119312505210065/0001193125-05-210065-index.htm",
        "finalLink": "https://www.sec.gov/Archives/edgar/data/1276520/000119312505210065/d10q.htm"
    },
    {
        "date": "2005-06-30",
        "symbol": "GNW",
        "reportedCurrency": "USD",
        "cik": "0001276520",
        "fillingDate": "2005-07-29",
        "acceptedDate": "2005-07-29 16:24:08",
        "calendarYear": "2005",
        "period": "Q2",
        "revenue": 2610000000,
        "costOfRevenue": 0,
        "grossProfit": 2610000000,
        "grossProfitRatio": 1,
        "researchAndDevelopmentExpenses": 0,
        "generalAndAdministrativeExpenses": 0,
        "sellingAndMarketingExpenses": 0,
        "sellingGeneralAndAdministrativeExpenses": 0,
        "otherExpenses": 2129000000,
        "operatingExpenses": 2129000000,
        "costAndExpenses": 2198000000,
        "interestIncome": 0,
        "interestExpense": 416000000,
        "depreciationAndAmortization": 223000000,
        "ebitda": 1051000000,
        "ebitdaratio": 0.4026819923,
        "operatingIncome": 828000000,
        "operatingIncomeRatio": 0.3172413793,
        "totalOtherIncomeExpensesNet": -69000000,
        "incomeBeforeTax": 412000000,
        "incomeBeforeTaxRatio": 0.1578544061,
        "incomeTaxExpense": 127000000,
        "netIncome": 285000000,
        "netIncomeRatio": 0.1091954023,
        "eps": 0.61,
        "epsdiluted": 0.6,
        "weightedAverageShsOut": 470400000,
        "weightedAverageShsOutDil": 477400000,
        "link": "https://www.sec.gov/Archives/edgar/data/1276520/000119312505152729/0001193125-05-152729-index.htm",
        "finalLink": "https://www.sec.gov/Archives/edgar/data/1276520/000119312505152729/d10q.htm"
    },
    {
        "date": "2005-03-31",
        "symbol": "GNW",
        "reportedCurrency": "USD",
        "cik": "0001276520",
        "fillingDate": "2005-05-10",
        "acceptedDate": "2005-05-10 13:52:21",
        "calendarYear": "2005",
        "period": "Q1",
        "revenue": 2611000000,
        "costOfRevenue": 0,
        "grossProfit": 2611000000,
        "grossProfitRatio": 1,
        "researchAndDevelopmentExpenses": 0,
        "generalAndAdministrativeExpenses": 0,
        "sellingAndMarketingExpenses": 0,
        "sellingGeneralAndAdministrativeExpenses": 0,
        "otherExpenses": 2055000000,
        "operatingExpenses": 2055000000,
        "costAndExpenses": 2127000000,
        "interestIncome": 0,
        "interestExpense": 412000000,
        "depreciationAndAmortization": 246000000,
        "ebitda": 1142000000,
        "ebitdaratio": 0.4373803141,
        "operatingIncome": 896000000,
        "operatingIncomeRatio": 0.3431635389,
        "totalOtherIncomeExpensesNet": -72000000,
        "incomeBeforeTax": 484000000,
        "incomeBeforeTaxRatio": 0.1853695902,
        "incomeTaxExpense": 162000000,
        "netIncome": 322000000,
        "netIncomeRatio": 0.1233243968,
        "eps": 0.66,
        "epsdiluted": 0.65,
        "weightedAverageShsOut": 488800000,
        "weightedAverageShsOutDil": 494300000,
        "link": "https://www.sec.gov/Archives/edgar/data/1276520/000119312505102423/0001193125-05-102423-index.htm",
        "finalLink": "https://www.sec.gov/Archives/edgar/data/1276520/000119312505102423/d10q.htm"
    },
    {
        "date": "2004-12-31",
        "symbol": "GNW",
        "reportedCurrency": "USD",
        "cik": "0001276520",
        "fillingDate": "2005-03-01",
        "acceptedDate": "2005-03-01 12:54:45",
        "calendarYear": "2004",
        "period": "Q4",
        "revenue": 2642000000,
        "costOfRevenue": 0,
        "grossProfit": 2642000000,
        "grossProfitRatio": 1,
        "researchAndDevelopmentExpenses": 0,
        "generalAndAdministrativeExpenses": 0,
        "sellingAndMarketingExpenses": 0,
        "sellingGeneralAndAdministrativeExpenses": 0,
        "otherExpenses": -2635000000,
        "operatingExpenses": -2635000000,
        "costAndExpenses": 2227000000,
        "interestIncome": 0,
        "interestExpense": 407000000,
        "depreciationAndAmortization": 288000000,
        "ebitda": 1110000000,
        "ebitdaratio": 0.4201362604,
        "operatingIncome": 7000000,
        "operatingIncomeRatio": 0.0026495079,
        "totalOtherIncomeExpensesNet": 415000000,
        "incomeBeforeTax": 415000000,
        "incomeBeforeTaxRatio": 0.1570779712,
        "incomeTaxExpense": 69000000,
        "netIncome": 346000000,
        "netIncomeRatio": 0.1309613929,
        "eps": 0.71,
        "epsdiluted": 0.71,
        "weightedAverageShsOut": 487878788,
        "weightedAverageShsOutDil": 487878788,
        "link": "https://www.sec.gov/Archives/edgar/data/1276520/000119312505039516/0001193125-05-039516-index.htm",
        "finalLink": "https://www.sec.gov/Archives/edgar/data/1276520/000119312505039516/d10k.htm"
    },
    {
        "date": "2004-09-30",
        "symbol": "GNW",
        "reportedCurrency": "USD",
        "cik": "0001276520",
        "fillingDate": "2004-10-29",
        "acceptedDate": "2004-10-29 10:25:15",
        "calendarYear": "2004",
        "period": "Q3",
        "revenue": 2470000000,
        "costOfRevenue": 0,
        "grossProfit": 2470000000,
        "grossProfitRatio": 1,
        "researchAndDevelopmentExpenses": 0,
        "generalAndAdministrativeExpenses": 0,
        "sellingAndMarketingExpenses": 0,
        "sellingGeneralAndAdministrativeExpenses": 0,
        "otherExpenses": -2199000000,
        "operatingExpenses": -2199000000,
        "costAndExpenses": 2063000000,
        "interestIncome": 0,
        "interestExpense": 388000000,
        "depreciationAndAmortization": 278000000,
        "ebitda": 1073000000,
        "ebitdaratio": 0.4344129555,
        "operatingIncome": 271000000,
        "operatingIncomeRatio": 0.1097165992,
        "totalOtherIncomeExpensesNet": 136000000,
        "incomeBeforeTax": 407000000,
        "incomeBeforeTaxRatio": 0.1647773279,
        "incomeTaxExpense": 136000000,
        "netIncome": 271000000,
        "netIncomeRatio": 0.1097165992,
        "eps": 0.55,
        "epsdiluted": 0.55,
        "weightedAverageShsOut": 492727273,
        "weightedAverageShsOutDil": 492727273,
        "link": "https://www.sec.gov/Archives/edgar/data/1276520/000119312504181254/0001193125-04-181254-index.htm",
        "finalLink": "https://www.sec.gov/Archives/edgar/data/1276520/000119312504181254/d10q.htm"
    },
    {
        "date": "2004-06-30",
        "symbol": "GNW",
        "reportedCurrency": "USD",
        "cik": "0001276520",
        "fillingDate": "2004-07-30",
        "acceptedDate": "2004-07-30 13:07:29",
        "calendarYear": "2004",
        "period": "Q2",
        "revenue": 2917000000,
        "costOfRevenue": 0,
        "grossProfit": 2917000000,
        "grossProfitRatio": 1,
        "researchAndDevelopmentExpenses": 0,
        "generalAndAdministrativeExpenses": 0,
        "sellingAndMarketingExpenses": 0,
        "sellingGeneralAndAdministrativeExpenses": 0,
        "otherExpenses": -2077000000,
        "operatingExpenses": -2077000000,
        "costAndExpenses": 2478000000,
        "interestIncome": 0,
        "interestExpense": 401000000,
        "depreciationAndAmortization": 316000000,
        "ebitda": 1116000000,
        "ebitdaratio": 0.3825848474,
        "operatingIncome": 840000000,
        "operatingIncomeRatio": 0.2879670895,
        "totalOtherIncomeExpensesNet": -401000000,
        "incomeBeforeTax": 439000000,
        "incomeBeforeTaxRatio": 0.150497086,
        "incomeTaxExpense": 171000000,
        "netIncome": 268000000,
        "netIncomeRatio": 0.0918752143,
        "eps": 0.55,
        "epsdiluted": 0.55,
        "weightedAverageShsOut": 487272727,
        "weightedAverageShsOutDil": 487272727,
        "link": "https://www.sec.gov/Archives/edgar/data/1276520/000119312504128020/0001193125-04-128020-index.htm",
        "finalLink": "https://www.sec.gov/Archives/edgar/data/1276520/000119312504128020/d10q.htm"
    },
    {
        "date": "2004-03-31",
        "symbol": "GNW",
        "reportedCurrency": "USD",
        "cik": "0001276520",
        "fillingDate": "2004-03-31",
        "acceptedDate": "2004-03-30 19:00:00",
        "calendarYear": "2004",
        "period": "Q1",
        "revenue": 3021000000,
        "costOfRevenue": 0,
        "grossProfit": 3021000000,
        "grossProfitRatio": 1,
        "researchAndDevelopmentExpenses": 0,
        "generalAndAdministrativeExpenses": 0,
        "sellingAndMarketingExpenses": 0,
        "sellingGeneralAndAdministrativeExpenses": 0,
        "otherExpenses": -2761000000,
        "operatingExpenses": -2761000000,
        "costAndExpenses": -2761000000,
        "interestIncome": 0,
        "interestExpense": 443000000,
        "depreciationAndAmortization": 353000000,
        "ebitda": 1173000000,
        "ebitdaratio": 0.3882820258,
        "operatingIncome": 260000000,
        "operatingIncomeRatio": 0.0860642171,
        "totalOtherIncomeExpensesNet": 117000000,
        "incomeBeforeTax": 377000000,
        "incomeBeforeTaxRatio": 0.1247931149,
        "incomeTaxExpense": 117000000,
        "netIncome": 272000000,
        "netIncomeRatio": 0.0900364118,
        "eps": 0.56,
        "epsdiluted": 0.56,
        "weightedAverageShsOut": 485714286,
        "weightedAverageShsOutDil": 485714286,
        "link": "",
        "finalLink": ""
    },
    {
        "date": "2003-12-31",
        "symbol": "GNW",
        "reportedCurrency": "USD",
        "cik": "0001276520",
        "fillingDate": "2003-12-31",
        "acceptedDate": "2003-12-30 19:00:00",
        "calendarYear": "2003",
        "period": "Q4",
        "revenue": 3054000000,
        "costOfRevenue": 0,
        "grossProfit": 3054000000,
        "grossProfitRatio": 1,
        "researchAndDevelopmentExpenses": 0,
        "generalAndAdministrativeExpenses": 0,
        "sellingAndMarketingExpenses": 0,
        "sellingGeneralAndAdministrativeExpenses": 0,
        "otherExpenses": -2302000000,
        "operatingExpenses": -2302000000,
        "costAndExpenses": 2743000000,
        "interestIncome": 0,
        "interestExpense": 448000000,
        "depreciationAndAmortization": 394000000,
        "ebitda": 1146000000,
        "ebitdaratio": 0.3752455796,
        "operatingIncome": 752000000,
        "operatingIncomeRatio": 0.2462344466,
        "totalOtherIncomeExpensesNet": 311000000,
        "incomeBeforeTax": 311000000,
        "incomeBeforeTaxRatio": 0.1018336608,
        "incomeTaxExpense": 91000000,
        "netIncome": 213000000,
        "netIncomeRatio": 0.0697445972,
        "eps": 0.43,
        "epsdiluted": 0.43,
        "weightedAverageShsOut": 486813559,
        "weightedAverageShsOutDil": 494285714,
        "link": "",
        "finalLink": ""
    },
    {
        "date": "2003-09-30",
        "symbol": "GNW",
        "reportedCurrency": "USD",
        "cik": "0001276520",
        "fillingDate": "2003-09-30",
        "acceptedDate": "2003-09-29 20:00:00",
        "calendarYear": "2003",
        "period": "Q3",
        "revenue": 2916000000,
        "costOfRevenue": 0,
        "grossProfit": 2916000000,
        "grossProfitRatio": 1,
        "researchAndDevelopmentExpenses": 0,
        "generalAndAdministrativeExpenses": 0,
        "sellingAndMarketingExpenses": 0,
        "sellingGeneralAndAdministrativeExpenses": 0,
        "otherExpenses": -2203000000,
        "operatingExpenses": -2203000000,
        "costAndExpenses": 2593000000,
        "interestIncome": 0,
        "interestExpense": 447000000,
        "depreciationAndAmortization": 291000000,
        "ebitda": 1004000000,
        "ebitdaratio": 0.3443072702,
        "operatingIncome": 713000000,
        "operatingIncomeRatio": 0.2445130316,
        "totalOtherIncomeExpensesNet": 323000000,
        "incomeBeforeTax": 323000000,
        "incomeBeforeTaxRatio": 0.1107681756,
        "incomeTaxExpense": 93000000,
        "netIncome": 173000000,
        "netIncomeRatio": 0.0593278464,
        "eps": 0.35,
        "epsdiluted": 0.35,
        "weightedAverageShsOut": 494285714,
        "weightedAverageShsOutDil": 494285714,
        "link": "",
        "finalLink": ""
    },
    {
        "date": "2003-06-30",
        "symbol": "GNW",
        "reportedCurrency": "USD",
        "cik": "0001276520",
        "fillingDate": "2003-06-30",
        "acceptedDate": "2003-06-29 20:00:00",
        "calendarYear": "2003",
        "period": "Q2",
        "revenue": 2864000000,
        "costOfRevenue": 0,
        "grossProfit": 2864000000,
        "grossProfitRatio": 1,
        "researchAndDevelopmentExpenses": 0,
        "generalAndAdministrativeExpenses": 0,
        "sellingAndMarketingExpenses": 0,
        "sellingGeneralAndAdministrativeExpenses": 0,
        "otherExpenses": -2297000000,
        "operatingExpenses": -2297000000,
        "costAndExpenses": 2470000000,
        "interestIncome": 0,
        "interestExpense": 433000000,
        "depreciationAndAmortization": 359000000,
        "ebitda": 926000000,
        "ebitdaratio": 0.3233240223,
        "operatingIncome": 567000000,
        "operatingIncomeRatio": 0.1979748603,
        "totalOtherIncomeExpensesNet": 394000000,
        "incomeBeforeTax": 394000000,
        "incomeBeforeTaxRatio": 0.1375698324,
        "incomeTaxExpense": 129000000,
        "netIncome": 364000000,
        "netIncomeRatio": 0.1270949721,
        "eps": 0.74,
        "epsdiluted": 0.74,
        "weightedAverageShsOut": 491891892,
        "weightedAverageShsOutDil": 491891892,
        "link": "",
        "finalLink": ""
    }
]