[
    {
        "date": "2025-06-30",
        "symbol": "H",
        "reportedCurrency": "USD",
        "cik": "0001468174",
        "fillingDate": "2025-08-08",
        "acceptedDate": "2025-08-07 18:02:44",
        "calendarYear": "2025",
        "period": "Q2",
        "revenue": 1839000000,
        "costOfRevenue": 1598000000,
        "grossProfit": 241000000,
        "grossProfitRatio": 0.1310494834,
        "researchAndDevelopmentExpenses": 0,
        "generalAndAdministrativeExpenses": 152000000,
        "sellingAndMarketingExpenses": 0,
        "sellingGeneralAndAdministrativeExpenses": 152000000,
        "otherExpenses": 7000000,
        "operatingExpenses": 159000000,
        "costAndExpenses": 1757000000,
        "interestIncome": 38000000,
        "interestExpense": 0,
        "depreciationAndAmortization": 82000000,
        "ebitda": 164000000,
        "ebitdaratio": 0.0891789016,
        "operatingIncome": 82000000,
        "operatingIncomeRatio": 0.0445894508,
        "totalOtherIncomeExpensesNet": -44000000,
        "incomeBeforeTax": 38000000,
        "incomeBeforeTaxRatio": 0.020663404,
        "incomeTaxExpense": 42000000,
        "netIncome": -3000000,
        "netIncomeRatio": -0.0016313214,
        "eps": -0.0314,
        "epsdiluted": -0.0314,
        "weightedAverageShsOut": 95800000,
        "weightedAverageShsOutDil": 97700000,
        "link": "https://www.sec.gov/Archives/edgar/data/1468174/000146817425000092/0001468174-25-000092-index.htm",
        "finalLink": "https://www.sec.gov/Archives/edgar/data/1468174/000146817425000092/h-20250630.htm"
    },
    {
        "date": "2025-03-31",
        "symbol": "H",
        "reportedCurrency": "USD",
        "cik": "0001468174",
        "fillingDate": "2025-05-01",
        "acceptedDate": "2025-05-01 14:28:34",
        "calendarYear": "2025",
        "period": "Q1",
        "revenue": 832000000,
        "costOfRevenue": 484000000,
        "grossProfit": 348000000,
        "grossProfitRatio": 0.4182692308,
        "researchAndDevelopmentExpenses": 0,
        "generalAndAdministrativeExpenses": 0,
        "sellingAndMarketingExpenses": 0,
        "sellingGeneralAndAdministrativeExpenses": 126000000,
        "otherExpenses": 0,
        "operatingExpenses": 126000000,
        "costAndExpenses": 610000000,
        "interestIncome": 35000000,
        "interestExpense": 0,
        "depreciationAndAmortization": 80000000,
        "ebitda": 206000000,
        "ebitdaratio": 0.2475961538,
        "operatingIncome": 222000000,
        "operatingIncomeRatio": 0.2668269231,
        "totalOtherIncomeExpensesNet": -170000000,
        "incomeBeforeTax": 52000000,
        "incomeBeforeTaxRatio": 0.0625,
        "incomeTaxExpense": 28000000,
        "netIncome": 20000000,
        "netIncomeRatio": 0.0240384615,
        "eps": 0.2084,
        "epsdiluted": 0.2,
        "weightedAverageShsOut": 95980414,
        "weightedAverageShsOutDil": 98063856,
        "link": "https://www.sec.gov/Archives/edgar/data/1468174/000146817425000057/0001468174-25-000057-index.htm",
        "finalLink": "https://www.sec.gov/Archives/edgar/data/1468174/000146817425000057/h-20250331.htm"
    },
    {
        "date": "2024-12-31",
        "symbol": "H",
        "reportedCurrency": "USD",
        "cik": "0001468174",
        "fillingDate": "2025-02-13",
        "acceptedDate": "2025-02-13 16:00:53",
        "calendarYear": "2024",
        "period": "Q4",
        "revenue": 761000000,
        "costOfRevenue": 407000000,
        "grossProfit": 354000000,
        "grossProfitRatio": 0.4651773982,
        "researchAndDevelopmentExpenses": 0,
        "generalAndAdministrativeExpenses": 0,
        "sellingAndMarketingExpenses": 0,
        "sellingGeneralAndAdministrativeExpenses": 136000000,
        "otherExpenses": 0,
        "operatingExpenses": 136000000,
        "costAndExpenses": 543000000,
        "interestIncome": 38000000,
        "interestExpense": 0,
        "depreciationAndAmortization": 76000000,
        "ebitda": 172000000,
        "ebitdaratio": 0.2260183968,
        "operatingIncome": 218000000,
        "operatingIncomeRatio": 0.2864651774,
        "totalOtherIncomeExpensesNet": -266000000,
        "incomeBeforeTax": -48000000,
        "incomeBeforeTaxRatio": -0.0630749014,
        "incomeTaxExpense": 8000000,
        "netIncome": -56000000,
        "netIncomeRatio": -0.073587385,
        "eps": -0.58,
        "epsdiluted": -0.58,
        "weightedAverageShsOut": 96200000,
        "weightedAverageShsOutDil": 96200000,
        "link": "https://www.sec.gov/Archives/edgar/data/1468174/000146817425000009/0001468174-25-000009-index.htm",
        "finalLink": "https://www.sec.gov/Archives/edgar/data/1468174/000146817425000009/h-20241231.htm"
    },
    {
        "date": "2024-09-30",
        "symbol": "H",
        "reportedCurrency": "USD",
        "cik": "0001468174",
        "fillingDate": "2024-10-31",
        "acceptedDate": "2024-10-31 13:30:25",
        "calendarYear": "2024",
        "period": "Q3",
        "revenue": 762000000,
        "costOfRevenue": 429000000,
        "grossProfit": 333000000,
        "grossProfitRatio": 0.437007874,
        "researchAndDevelopmentExpenses": 0,
        "generalAndAdministrativeExpenses": 0,
        "sellingAndMarketingExpenses": 0,
        "sellingGeneralAndAdministrativeExpenses": 126000000,
        "otherExpenses": 0,
        "operatingExpenses": 126000000,
        "costAndExpenses": 555000000,
        "interestIncome": 39000000,
        "interestExpense": 0,
        "depreciationAndAmortization": 81000000,
        "ebitda": 193000000,
        "ebitdaratio": 0.2532808399,
        "operatingIncome": 207000000,
        "operatingIncomeRatio": 0.2716535433,
        "totalOtherIncomeExpensesNet": 401000000,
        "incomeBeforeTax": 608000000,
        "incomeBeforeTaxRatio": 0.7979002625,
        "incomeTaxExpense": 137000000,
        "netIncome": 471000000,
        "netIncomeRatio": 0.6181102362,
        "eps": 4.75,
        "epsdiluted": 4.63,
        "weightedAverageShsOut": 99100000,
        "weightedAverageShsOutDil": 101686000,
        "link": "https://www.sec.gov/Archives/edgar/data/1468174/000146817424000107/0001468174-24-000107-index.htm",
        "finalLink": "https://www.sec.gov/Archives/edgar/data/1468174/000146817424000107/h-20240930.htm"
    },
    {
        "date": "2024-06-30",
        "symbol": "H",
        "reportedCurrency": "USD",
        "cik": "0001468174",
        "fillingDate": "2024-08-06",
        "acceptedDate": "2024-08-06 14:28:19",
        "calendarYear": "2024",
        "period": "Q2",
        "revenue": 861000000,
        "costOfRevenue": 489000000,
        "grossProfit": 372000000,
        "grossProfitRatio": 0.4320557491,
        "researchAndDevelopmentExpenses": 0,
        "generalAndAdministrativeExpenses": 0,
        "sellingAndMarketingExpenses": 0,
        "sellingGeneralAndAdministrativeExpenses": 117000000,
        "otherExpenses": 0,
        "operatingExpenses": 117000000,
        "costAndExpenses": 606000000,
        "interestIncome": 24000000,
        "interestExpense": 0,
        "depreciationAndAmortization": 84000000,
        "ebitda": 244000000,
        "ebitdaratio": 0.2833914053,
        "operatingIncome": 255000000,
        "operatingIncomeRatio": 0.2961672474,
        "totalOtherIncomeExpensesNet": 207000000,
        "incomeBeforeTax": 462000000,
        "incomeBeforeTaxRatio": 0.5365853659,
        "incomeTaxExpense": 103000000,
        "netIncome": 359000000,
        "netIncomeRatio": 0.4169570267,
        "eps": 3.55,
        "epsdiluted": 3.46,
        "weightedAverageShsOut": 101112028,
        "weightedAverageShsOutDil": 103699913,
        "link": "https://www.sec.gov/Archives/edgar/data/1468174/000146817424000090/0001468174-24-000090-index.htm",
        "finalLink": "https://www.sec.gov/Archives/edgar/data/1468174/000146817424000090/h-20240630.htm"
    },
    {
        "date": "2024-03-31",
        "symbol": "H",
        "reportedCurrency": "USD",
        "cik": "0001468174",
        "fillingDate": "2024-05-09",
        "acceptedDate": "2024-05-09 14:50:23",
        "calendarYear": "2024",
        "period": "Q1",
        "revenue": 912000000,
        "costOfRevenue": 569000000,
        "grossProfit": 343000000,
        "grossProfitRatio": 0.3760964912,
        "researchAndDevelopmentExpenses": 0,
        "generalAndAdministrativeExpenses": 0,
        "sellingAndMarketingExpenses": 0,
        "sellingGeneralAndAdministrativeExpenses": 169000000,
        "otherExpenses": 0,
        "operatingExpenses": 169000000,
        "costAndExpenses": 738000000,
        "interestIncome": 22000000,
        "interestExpense": 0,
        "depreciationAndAmortization": 92000000,
        "ebitda": 140000000,
        "ebitdaratio": 0.1535087719,
        "operatingIncome": 174000000,
        "operatingIncomeRatio": 0.1907894737,
        "totalOtherIncomeExpensesNet": 367000000,
        "incomeBeforeTax": 541000000,
        "incomeBeforeTaxRatio": 0.5932017544,
        "incomeTaxExpense": 19000000,
        "netIncome": 522000000,
        "netIncomeRatio": 0.5723684211,
        "eps": 5.08,
        "epsdiluted": 4.93,
        "weightedAverageShsOut": 102800000,
        "weightedAverageShsOutDil": 105900000,
        "link": "https://www.sec.gov/Archives/edgar/data/1468174/000146817424000061/0001468174-24-000061-index.htm",
        "finalLink": "https://www.sec.gov/Archives/edgar/data/1468174/000146817424000061/h-20240331.htm"
    },
    {
        "date": "2023-12-31",
        "symbol": "H",
        "reportedCurrency": "USD",
        "cik": "0001468174",
        "fillingDate": "2024-02-23",
        "acceptedDate": "2024-02-23 14:04:53",
        "calendarYear": "2023",
        "period": "Q4",
        "revenue": 869000000,
        "costOfRevenue": 529000000,
        "grossProfit": 340000000,
        "grossProfitRatio": 0.3912543153,
        "researchAndDevelopmentExpenses": 0,
        "generalAndAdministrativeExpenses": 0,
        "sellingAndMarketingExpenses": 0,
        "sellingGeneralAndAdministrativeExpenses": 167000000,
        "otherExpenses": 0,
        "operatingExpenses": 167000000,
        "costAndExpenses": 696000000,
        "interestIncome": 18000000,
        "interestExpense": 0,
        "depreciationAndAmortization": 100000000,
        "ebitda": 122000000,
        "ebitdaratio": 0.1403912543,
        "operatingIncome": 173000000,
        "operatingIncomeRatio": 0.1990794016,
        "totalOtherIncomeExpensesNet": -164000000,
        "incomeBeforeTax": 9000000,
        "incomeBeforeTaxRatio": 0.0103567319,
        "incomeTaxExpense": -17000000,
        "netIncome": 26000000,
        "netIncomeRatio": 0.0299194476,
        "eps": 0.25,
        "epsdiluted": 0.25,
        "weightedAverageShsOut": 103200000,
        "weightedAverageShsOutDil": 106100000,
        "link": "https://www.sec.gov/Archives/edgar/data/1468174/000146817424000014/0001468174-24-000014-index.htm",
        "finalLink": "https://www.sec.gov/Archives/edgar/data/1468174/000146817424000014/h-20231231.htm"
    },
    {
        "date": "2023-09-30",
        "symbol": "H",
        "reportedCurrency": "USD",
        "cik": "0001468174",
        "fillingDate": "2023-11-02",
        "acceptedDate": "2023-11-02 12:16:00",
        "calendarYear": "2023",
        "period": "Q3",
        "revenue": 868000000,
        "costOfRevenue": 522000000,
        "grossProfit": 346000000,
        "grossProfitRatio": 0.3986175115,
        "researchAndDevelopmentExpenses": 0,
        "generalAndAdministrativeExpenses": 0,
        "sellingAndMarketingExpenses": 0,
        "sellingGeneralAndAdministrativeExpenses": 122000000,
        "otherExpenses": 0,
        "operatingExpenses": 122000000,
        "costAndExpenses": 644000000,
        "interestIncome": 24000000,
        "interestExpense": 0,
        "depreciationAndAmortization": 100000000,
        "ebitda": 214000000,
        "ebitdaratio": 0.2465437788,
        "operatingIncome": 224000000,
        "operatingIncomeRatio": 0.2580645161,
        "totalOtherIncomeExpensesNet": -123000000,
        "incomeBeforeTax": 101000000,
        "incomeBeforeTaxRatio": 0.116359447,
        "incomeTaxExpense": 33000000,
        "netIncome": 68000000,
        "netIncomeRatio": 0.0783410138,
        "eps": 0.6517,
        "epsdiluted": 0.6364,
        "weightedAverageShsOut": 104335826,
        "weightedAverageShsOutDil": 106859757,
        "link": "https://www.sec.gov/Archives/edgar/data/1468174/000146817423000096/0001468174-23-000096-index.htm",
        "finalLink": "https://www.sec.gov/Archives/edgar/data/1468174/000146817423000096/h-20230930.htm"
    },
    {
        "date": "2023-06-30",
        "symbol": "H",
        "reportedCurrency": "USD",
        "cik": "0001468174",
        "fillingDate": "2023-08-03",
        "acceptedDate": "2023-08-03 13:58:28",
        "calendarYear": "2023",
        "period": "Q2",
        "revenue": 921000000,
        "costOfRevenue": 570000000,
        "grossProfit": 351000000,
        "grossProfitRatio": 0.3811074919,
        "researchAndDevelopmentExpenses": 0,
        "generalAndAdministrativeExpenses": 0,
        "sellingAndMarketingExpenses": 0,
        "sellingGeneralAndAdministrativeExpenses": 134000000,
        "otherExpenses": 0,
        "operatingExpenses": 134000000,
        "costAndExpenses": 704000000,
        "interestIncome": 15000000,
        "interestExpense": 0,
        "depreciationAndAmortization": 99000000,
        "ebitda": 212000000,
        "ebitdaratio": 0.230184582,
        "operatingIncome": 217000000,
        "operatingIncomeRatio": 0.2356134636,
        "totalOtherIncomeExpensesNet": -122000000,
        "incomeBeforeTax": 95000000,
        "incomeBeforeTaxRatio": 0.1031487514,
        "incomeTaxExpense": 27000000,
        "netIncome": 68000000,
        "netIncomeRatio": 0.0738327904,
        "eps": 0.64,
        "epsdiluted": 0.63,
        "weightedAverageShsOut": 105533506,
        "weightedAverageShsOutDil": 107980373,
        "link": "https://www.sec.gov/Archives/edgar/data/1468174/000146817423000079/0001468174-23-000079-index.htm",
        "finalLink": "https://www.sec.gov/Archives/edgar/data/1468174/000146817423000079/h-20230630.htm"
    },
    {
        "date": "2023-03-31",
        "symbol": "H",
        "reportedCurrency": "USD",
        "cik": "0001468174",
        "fillingDate": "2023-05-04",
        "acceptedDate": "2023-05-04 11:36:13",
        "calendarYear": "2023",
        "period": "Q1",
        "revenue": 951000000,
        "costOfRevenue": 596000000,
        "grossProfit": 355000000,
        "grossProfitRatio": 0.3732912723,
        "researchAndDevelopmentExpenses": 0,
        "generalAndAdministrativeExpenses": 0,
        "sellingAndMarketingExpenses": 0,
        "sellingGeneralAndAdministrativeExpenses": 157000000,
        "otherExpenses": 0,
        "operatingExpenses": 157000000,
        "costAndExpenses": 753000000,
        "interestIncome": 17000000,
        "interestExpense": 0,
        "depreciationAndAmortization": 98000000,
        "ebitda": 178000000,
        "ebitdaratio": 0.1871713985,
        "operatingIncome": 198000000,
        "operatingIncomeRatio": 0.2082018927,
        "totalOtherIncomeExpensesNet": -93000000,
        "incomeBeforeTax": 105000000,
        "incomeBeforeTaxRatio": 0.1104100946,
        "incomeTaxExpense": 47000000,
        "netIncome": 58000000,
        "netIncomeRatio": 0.0609884332,
        "eps": 0.55,
        "epsdiluted": 0.53,
        "weightedAverageShsOut": 106389110,
        "weightedAverageShsOutDil": 108930212,
        "link": "https://www.sec.gov/Archives/edgar/data/1468174/000146817423000053/0001468174-23-000053-index.htm",
        "finalLink": "https://www.sec.gov/Archives/edgar/data/1468174/000146817423000053/h-20230331.htm"
    },
    {
        "date": "2022-12-31",
        "symbol": "H",
        "reportedCurrency": "USD",
        "cik": "0001468174",
        "fillingDate": "2023-02-16",
        "acceptedDate": "2023-02-16 12:16:09",
        "calendarYear": "2022",
        "period": "Q4",
        "revenue": 853000000,
        "costOfRevenue": 501000000,
        "grossProfit": 352000000,
        "grossProfitRatio": 0.4126611958,
        "researchAndDevelopmentExpenses": 0,
        "generalAndAdministrativeExpenses": 0,
        "sellingAndMarketingExpenses": 0,
        "sellingGeneralAndAdministrativeExpenses": 169000000,
        "otherExpenses": 0,
        "operatingExpenses": 169000000,
        "costAndExpenses": 670000000,
        "interestIncome": 15000000,
        "interestExpense": 0,
        "depreciationAndAmortization": 106000000,
        "ebitda": 167000000,
        "ebitdaratio": 0.1957796014,
        "operatingIncome": 183000000,
        "operatingIncomeRatio": 0.2145369285,
        "totalOtherIncomeExpensesNet": -124000000,
        "incomeBeforeTax": 59000000,
        "incomeBeforeTaxRatio": 0.0691676436,
        "incomeTaxExpense": -235000000,
        "netIncome": 294000000,
        "netIncomeRatio": 0.3446658851,
        "eps": 2.74,
        "epsdiluted": 2.69,
        "weightedAverageShsOut": 107200000,
        "weightedAverageShsOutDil": 109400000,
        "link": "https://www.sec.gov/Archives/edgar/data/1468174/000146817423000009/0001468174-23-000009-index.htm",
        "finalLink": "https://www.sec.gov/Archives/edgar/data/1468174/000146817423000009/h-20221231.htm"
    },
    {
        "date": "2022-09-30",
        "symbol": "H",
        "reportedCurrency": "USD",
        "cik": "0001468174",
        "fillingDate": "2022-11-03",
        "acceptedDate": "2022-11-03 12:27:37",
        "calendarYear": "2022",
        "period": "Q3",
        "revenue": 836000000,
        "costOfRevenue": 495000000,
        "grossProfit": 341000000,
        "grossProfitRatio": 0.4078947368,
        "researchAndDevelopmentExpenses": 0,
        "generalAndAdministrativeExpenses": 0,
        "sellingAndMarketingExpenses": 0,
        "sellingGeneralAndAdministrativeExpenses": 108000000,
        "otherExpenses": 0,
        "operatingExpenses": 108000000,
        "costAndExpenses": 603000000,
        "interestIncome": 14000000,
        "interestExpense": 0,
        "depreciationAndAmortization": 96000000,
        "ebitda": 241000000,
        "ebitdaratio": 0.288277512,
        "operatingIncome": 233000000,
        "operatingIncomeRatio": 0.278708134,
        "totalOtherIncomeExpensesNet": -170000000,
        "incomeBeforeTax": 63000000,
        "incomeBeforeTaxRatio": 0.0753588517,
        "incomeTaxExpense": 35000000,
        "netIncome": 28000000,
        "netIncomeRatio": 0.033492823,
        "eps": 0.26,
        "epsdiluted": 0.25,
        "weightedAverageShsOut": 109077476,
        "weightedAverageShsOutDil": 111023991,
        "link": "https://www.sec.gov/Archives/edgar/data/1468174/000146817422000106/0001468174-22-000106-index.htm",
        "finalLink": "https://www.sec.gov/Archives/edgar/data/1468174/000146817422000106/h-20220930.htm"
    },
    {
        "date": "2022-06-30",
        "symbol": "H",
        "reportedCurrency": "USD",
        "cik": "0001468174",
        "fillingDate": "2022-08-09",
        "acceptedDate": "2022-08-09 12:14:45",
        "calendarYear": "2022",
        "period": "Q2",
        "revenue": 843000000,
        "costOfRevenue": 504000000,
        "grossProfit": 339000000,
        "grossProfitRatio": 0.4021352313,
        "researchAndDevelopmentExpenses": 0,
        "generalAndAdministrativeExpenses": 0,
        "sellingAndMarketingExpenses": 0,
        "sellingGeneralAndAdministrativeExpenses": 76000000,
        "otherExpenses": 0,
        "operatingExpenses": 76000000,
        "costAndExpenses": 580000000,
        "interestIncome": 9000000,
        "interestExpense": 0,
        "depreciationAndAmortization": 105000000,
        "ebitda": 275000000,
        "ebitdaratio": 0.3262158956,
        "operatingIncome": 263000000,
        "operatingIncomeRatio": 0.3119810202,
        "totalOtherIncomeExpensesNet": 49000000,
        "incomeBeforeTax": 312000000,
        "incomeBeforeTaxRatio": 0.3701067616,
        "incomeTaxExpense": 106000000,
        "netIncome": 206000000,
        "netIncomeRatio": 0.2443653618,
        "eps": 1.87,
        "epsdiluted": 1.84,
        "weightedAverageShsOut": 109953302,
        "weightedAverageShsOutDil": 111926862,
        "link": "https://www.sec.gov/Archives/edgar/data/1468174/000146817422000088/0001468174-22-000088-index.htm",
        "finalLink": "https://www.sec.gov/Archives/edgar/data/1468174/000146817422000088/h-20220630.htm"
    },
    {
        "date": "2022-03-31",
        "symbol": "H",
        "reportedCurrency": "USD",
        "cik": "0001468174",
        "fillingDate": "2022-05-10",
        "acceptedDate": "2022-05-10 11:02:59",
        "calendarYear": "2022",
        "period": "Q1",
        "revenue": 739000000,
        "costOfRevenue": 471000000,
        "grossProfit": 268000000,
        "grossProfitRatio": 0.3626522327,
        "researchAndDevelopmentExpenses": 0,
        "generalAndAdministrativeExpenses": 0,
        "sellingAndMarketingExpenses": 0,
        "sellingGeneralAndAdministrativeExpenses": 111000000,
        "otherExpenses": 0,
        "operatingExpenses": 111000000,
        "costAndExpenses": 582000000,
        "interestIncome": 6000000,
        "interestExpense": 0,
        "depreciationAndAmortization": 119000000,
        "ebitda": 141000000,
        "ebitdaratio": 0.1907983762,
        "operatingIncome": 157000000,
        "operatingIncomeRatio": 0.2124492558,
        "totalOtherIncomeExpensesNet": -228000000,
        "incomeBeforeTax": -71000000,
        "incomeBeforeTaxRatio": -0.0960757781,
        "incomeTaxExpense": 2000000,
        "netIncome": -73000000,
        "netIncomeRatio": -0.098782138,
        "eps": -0.67,
        "epsdiluted": -0.66,
        "weightedAverageShsOut": 108955386,
        "weightedAverageShsOutDil": 110172487,
        "link": "https://www.sec.gov/Archives/edgar/data/1468174/000146817422000061/0001468174-22-000061-index.htm",
        "finalLink": "https://www.sec.gov/Archives/edgar/data/1468174/000146817422000061/h-20220331.htm"
    },
    {
        "date": "2021-12-31",
        "symbol": "H",
        "reportedCurrency": "USD",
        "cik": "0001468174",
        "fillingDate": "2022-02-17",
        "acceptedDate": "2022-02-17 15:05:23",
        "calendarYear": "2021",
        "period": "Q4",
        "revenue": 575000000,
        "costOfRevenue": 380000000,
        "grossProfit": 195000000,
        "grossProfitRatio": 0.3391304348,
        "researchAndDevelopmentExpenses": 0,
        "generalAndAdministrativeExpenses": 0,
        "sellingAndMarketingExpenses": 0,
        "sellingGeneralAndAdministrativeExpenses": 116000000,
        "otherExpenses": 0,
        "operatingExpenses": 116000000,
        "costAndExpenses": 496000000,
        "interestIncome": 7000000,
        "interestExpense": 0,
        "depreciationAndAmortization": 91000000,
        "ebitda": 58000000,
        "ebitdaratio": 0.1008695652,
        "operatingIncome": 79000000,
        "operatingIncomeRatio": 0.1373913043,
        "totalOtherIncomeExpensesNet": -181000000,
        "incomeBeforeTax": -102000000,
        "incomeBeforeTaxRatio": -0.1773913043,
        "incomeTaxExpense": -73000000,
        "netIncome": -29000000,
        "netIncomeRatio": -0.0504347826,
        "eps": -0.26,
        "epsdiluted": -0.26,
        "weightedAverageShsOut": 110100000,
        "weightedAverageShsOutDil": 110100000,
        "link": "https://www.sec.gov/Archives/edgar/data/1468174/000146817422000016/0001468174-22-000016-index.htm",
        "finalLink": "https://www.sec.gov/Archives/edgar/data/1468174/000146817422000016/h-20211231.htm"
    },
    {
        "date": "2021-09-30",
        "symbol": "H",
        "reportedCurrency": "USD",
        "cik": "0001468174",
        "fillingDate": "2021-11-04",
        "acceptedDate": "2021-11-04 13:33:25",
        "calendarYear": "2021",
        "period": "Q3",
        "revenue": 395000000,
        "costOfRevenue": 239000000,
        "grossProfit": 156000000,
        "grossProfitRatio": 0.3949367089,
        "researchAndDevelopmentExpenses": 0,
        "generalAndAdministrativeExpenses": 0,
        "sellingAndMarketingExpenses": 0,
        "sellingGeneralAndAdministrativeExpenses": 69000000,
        "otherExpenses": 0,
        "operatingExpenses": 69000000,
        "costAndExpenses": 308000000,
        "interestIncome": 7000000,
        "interestExpense": 0,
        "depreciationAndAmortization": 71000000,
        "ebitda": 78000000,
        "ebitdaratio": 0.1974683544,
        "operatingIncome": 87000000,
        "operatingIncomeRatio": 0.2202531646,
        "totalOtherIncomeExpensesNet": 171000000,
        "incomeBeforeTax": 258000000,
        "incomeBeforeTaxRatio": 0.653164557,
        "incomeTaxExpense": 138000000,
        "netIncome": 120000000,
        "netIncomeRatio": 0.3037974684,
        "eps": 1.17,
        "epsdiluted": 1.15,
        "weightedAverageShsOut": 102298714,
        "weightedAverageShsOutDil": 103987547,
        "link": "https://www.sec.gov/Archives/edgar/data/1468174/000146817421000113/0001468174-21-000113-index.htm",
        "finalLink": "https://www.sec.gov/Archives/edgar/data/1468174/000146817421000113/h-20210930.htm"
    },
    {
        "date": "2021-06-30",
        "symbol": "H",
        "reportedCurrency": "USD",
        "cik": "0001468174",
        "fillingDate": "2021-08-04",
        "acceptedDate": "2021-08-04 11:31:36",
        "calendarYear": "2021",
        "period": "Q2",
        "revenue": 297000000,
        "costOfRevenue": 198000000,
        "grossProfit": 99000000,
        "grossProfitRatio": 0.3333333333,
        "researchAndDevelopmentExpenses": 0,
        "generalAndAdministrativeExpenses": 0,
        "sellingAndMarketingExpenses": 0,
        "sellingGeneralAndAdministrativeExpenses": 86000000,
        "otherExpenses": 0,
        "operatingExpenses": 86000000,
        "costAndExpenses": 284000000,
        "interestIncome": 8000000,
        "interestExpense": 0,
        "depreciationAndAmortization": 74000000,
        "ebitda": 4000000,
        "ebitdaratio": 0.0134680135,
        "operatingIncome": 13000000,
        "operatingIncomeRatio": 0.0437710438,
        "totalOtherIncomeExpensesNet": -7000000,
        "incomeBeforeTax": 6000000,
        "incomeBeforeTaxRatio": 0.0202020202,
        "incomeTaxExpense": 15000000,
        "netIncome": -9000000,
        "netIncomeRatio": -0.0303030303,
        "eps": -0.0883,
        "epsdiluted": -0.0883,
        "weightedAverageShsOut": 101898773,
        "weightedAverageShsOutDil": 101898773,
        "link": "https://www.sec.gov/Archives/edgar/data/1468174/000146817421000093/0001468174-21-000093-index.htm",
        "finalLink": "https://www.sec.gov/Archives/edgar/data/1468174/000146817421000093/h-20210630.htm"
    },
    {
        "date": "2021-03-31",
        "symbol": "H",
        "reportedCurrency": "USD",
        "cik": "0001468174",
        "fillingDate": "2021-05-05",
        "acceptedDate": "2021-05-05 15:07:42",
        "calendarYear": "2021",
        "period": "Q1",
        "revenue": 178000000,
        "costOfRevenue": 147000000,
        "grossProfit": 31000000,
        "grossProfitRatio": 0.1741573034,
        "researchAndDevelopmentExpenses": 0,
        "generalAndAdministrativeExpenses": 0,
        "sellingAndMarketingExpenses": 0,
        "sellingGeneralAndAdministrativeExpenses": 95000000,
        "otherExpenses": 0,
        "operatingExpenses": 95000000,
        "costAndExpenses": 242000000,
        "interestIncome": 6000000,
        "interestExpense": 0,
        "depreciationAndAmortization": 74000000,
        "ebitda": -81000000,
        "ebitdaratio": -0.4550561798,
        "operatingIncome": -64000000,
        "operatingIncomeRatio": -0.3595505618,
        "totalOtherIncomeExpensesNet": -54000000,
        "incomeBeforeTax": -118000000,
        "incomeBeforeTaxRatio": -0.6629213483,
        "incomeTaxExpense": 186000000,
        "netIncome": -304000000,
        "netIncomeRatio": -1.7078651685,
        "eps": -2.99,
        "epsdiluted": -2.99,
        "weightedAverageShsOut": 101525935,
        "weightedAverageShsOutDil": 101525935,
        "link": "https://www.sec.gov/Archives/edgar/data/1468174/000146817421000068/0001468174-21-000068-index.htm",
        "finalLink": "https://www.sec.gov/Archives/edgar/data/1468174/000146817421000068/h-20210331.htm"
    },
    {
        "date": "2020-12-31",
        "symbol": "H",
        "reportedCurrency": "USD",
        "cik": "0001468174",
        "fillingDate": "2021-02-18",
        "acceptedDate": "2021-02-18 14:35:32",
        "calendarYear": "2020",
        "period": "Q4",
        "revenue": 153000000,
        "costOfRevenue": 147000000,
        "grossProfit": 6000000,
        "grossProfitRatio": 0.0392156863,
        "researchAndDevelopmentExpenses": 0,
        "generalAndAdministrativeExpenses": 0,
        "sellingAndMarketingExpenses": 0,
        "sellingGeneralAndAdministrativeExpenses": 104000000,
        "otherExpenses": 0,
        "operatingExpenses": 104000000,
        "costAndExpenses": 251000000,
        "interestIncome": 7000000,
        "interestExpense": 0,
        "depreciationAndAmortization": 77000000,
        "ebitda": -134000000,
        "ebitdaratio": -0.8758169935,
        "operatingIncome": -98000000,
        "operatingIncomeRatio": -0.6405228758,
        "totalOtherIncomeExpensesNet": -174000000,
        "incomeBeforeTax": -272000000,
        "incomeBeforeTaxRatio": -1.7777777778,
        "incomeTaxExpense": -69000000,
        "netIncome": -203000000,
        "netIncomeRatio": -1.3267973856,
        "eps": -2,
        "epsdiluted": -2,
        "weightedAverageShsOut": 101300000,
        "weightedAverageShsOutDil": 101300000,
        "link": "https://www.sec.gov/Archives/edgar/data/1468174/000146817421000011/0001468174-21-000011-index.htm",
        "finalLink": "https://www.sec.gov/Archives/edgar/data/1468174/000146817421000011/h-20201231.htm"
    },
    {
        "date": "2020-09-30",
        "symbol": "H",
        "reportedCurrency": "USD",
        "cik": "0001468174",
        "fillingDate": "2020-11-05",
        "acceptedDate": "2020-11-05 13:05:24",
        "calendarYear": "2020",
        "period": "Q3",
        "revenue": 132000000,
        "costOfRevenue": 140000000,
        "grossProfit": -8000000,
        "grossProfitRatio": -0.0606060606,
        "researchAndDevelopmentExpenses": 0,
        "generalAndAdministrativeExpenses": 0,
        "sellingAndMarketingExpenses": 0,
        "sellingGeneralAndAdministrativeExpenses": 69000000,
        "otherExpenses": 0,
        "operatingExpenses": 69000000,
        "costAndExpenses": 209000000,
        "interestIncome": 6000000,
        "interestExpense": 0,
        "depreciationAndAmortization": 80000000,
        "ebitda": -88000000,
        "ebitdaratio": -0.6666666667,
        "operatingIncome": -77000000,
        "operatingIncomeRatio": -0.5833333333,
        "totalOtherIncomeExpensesNet": -143000000,
        "incomeBeforeTax": -220000000,
        "incomeBeforeTaxRatio": -1.6666666667,
        "incomeTaxExpense": -59000000,
        "netIncome": -161000000,
        "netIncomeRatio": -1.2196969697,
        "eps": -1.59,
        "epsdiluted": -1.59,
        "weightedAverageShsOut": 101257925,
        "weightedAverageShsOutDil": 101277404,
        "link": "https://www.sec.gov/Archives/edgar/data/1468174/000146817420000098/0001468174-20-000098-index.htm",
        "finalLink": "https://www.sec.gov/Archives/edgar/data/1468174/000146817420000098/h-20200930.htm"
    },
    {
        "date": "2020-06-30",
        "symbol": "H",
        "reportedCurrency": "USD",
        "cik": "0001468174",
        "fillingDate": "2020-08-04",
        "acceptedDate": "2020-08-04 14:14:32",
        "calendarYear": "2020",
        "period": "Q2",
        "revenue": 35000000,
        "costOfRevenue": 99000000,
        "grossProfit": -64000000,
        "grossProfitRatio": -1.8285714286,
        "researchAndDevelopmentExpenses": 0,
        "generalAndAdministrativeExpenses": 0,
        "sellingAndMarketingExpenses": 0,
        "sellingGeneralAndAdministrativeExpenses": 101000000,
        "otherExpenses": 0,
        "operatingExpenses": 101000000,
        "costAndExpenses": 200000000,
        "interestIncome": 6000000,
        "interestExpense": 0,
        "depreciationAndAmortization": 73000000,
        "ebitda": -185000000,
        "ebitdaratio": -5.2857142857,
        "operatingIncome": -165000000,
        "operatingIncomeRatio": -4.7142857143,
        "totalOtherIncomeExpensesNet": -165000000,
        "incomeBeforeTax": -330000000,
        "incomeBeforeTaxRatio": -9.4285714286,
        "incomeTaxExpense": -94000000,
        "netIncome": -236000000,
        "netIncomeRatio": -6.7428571429,
        "eps": -2.33,
        "epsdiluted": -2.33,
        "weightedAverageShsOut": 101273404,
        "weightedAverageShsOutDil": 101273404,
        "link": "https://www.sec.gov/Archives/edgar/data/1468174/000146817420000081/0001468174-20-000081-index.htm",
        "finalLink": "https://www.sec.gov/Archives/edgar/data/1468174/000146817420000081/hq263020v1.htm"
    },
    {
        "date": "2020-03-31",
        "symbol": "H",
        "reportedCurrency": "USD",
        "cik": "0001468174",
        "fillingDate": "2020-05-07",
        "acceptedDate": "2020-05-07 17:04:45",
        "calendarYear": "2020",
        "period": "Q1",
        "revenue": 460000000,
        "costOfRevenue": 306000000,
        "grossProfit": 154000000,
        "grossProfitRatio": 0.3347826087,
        "researchAndDevelopmentExpenses": 0,
        "generalAndAdministrativeExpenses": 0,
        "sellingAndMarketingExpenses": 0,
        "sellingGeneralAndAdministrativeExpenses": 47000000,
        "otherExpenses": 0,
        "operatingExpenses": 47000000,
        "costAndExpenses": 353000000,
        "interestIncome": 11000000,
        "interestExpense": 0,
        "depreciationAndAmortization": 80000000,
        "ebitda": 85000000,
        "ebitdaratio": 0.1847826087,
        "operatingIncome": 107000000,
        "operatingIncomeRatio": 0.2326086957,
        "totalOtherIncomeExpensesNet": -245000000,
        "incomeBeforeTax": -138000000,
        "incomeBeforeTaxRatio": -0.3,
        "incomeTaxExpense": -35000000,
        "netIncome": -103000000,
        "netIncomeRatio": -0.2239130435,
        "eps": -1.02,
        "epsdiluted": -1.02,
        "weightedAverageShsOut": 100980392,
        "weightedAverageShsOutDil": 101402348,
        "link": "https://www.sec.gov/Archives/edgar/data/1468174/000146817420000067/0001468174-20-000067-index.htm",
        "finalLink": "https://www.sec.gov/Archives/edgar/data/1468174/000146817420000067/hq133120.htm"
    },
    {
        "date": "2019-12-31",
        "symbol": "H",
        "reportedCurrency": "USD",
        "cik": "0001468174",
        "fillingDate": "2020-02-20",
        "acceptedDate": "2020-02-20 15:49:34",
        "calendarYear": "2019",
        "period": "Q4",
        "revenue": 640000000,
        "costOfRevenue": 384000000,
        "grossProfit": 256000000,
        "grossProfitRatio": 0.4,
        "researchAndDevelopmentExpenses": 0,
        "generalAndAdministrativeExpenses": 0,
        "sellingAndMarketingExpenses": 0,
        "sellingGeneralAndAdministrativeExpenses": 89000000,
        "otherExpenses": 0,
        "operatingExpenses": 89000000,
        "costAndExpenses": 473000000,
        "interestIncome": 7000000,
        "interestExpense": 0,
        "depreciationAndAmortization": 81000000,
        "ebitda": 137000000,
        "ebitdaratio": 0.2140625,
        "operatingIncome": 167000000,
        "operatingIncomeRatio": 0.2609375,
        "totalOtherIncomeExpensesNet": 246000000,
        "incomeBeforeTax": 413000000,
        "incomeBeforeTaxRatio": 0.6453125,
        "incomeTaxExpense": 92000000,
        "netIncome": 321000000,
        "netIncomeRatio": 0.5015625,
        "eps": 3.13,
        "epsdiluted": 3.08,
        "weightedAverageShsOut": 102700000,
        "weightedAverageShsOutDil": 104400000,
        "link": "https://www.sec.gov/Archives/edgar/data/1468174/000146817420000015/0001468174-20-000015-index.htm",
        "finalLink": "https://www.sec.gov/Archives/edgar/data/1468174/000146817420000015/h10-k123119.htm"
    },
    {
        "date": "2019-09-30",
        "symbol": "H",
        "reportedCurrency": "USD",
        "cik": "0001468174",
        "fillingDate": "2019-10-31",
        "acceptedDate": "2019-10-31 14:55:08",
        "calendarYear": "2019",
        "period": "Q3",
        "revenue": 598000000,
        "costOfRevenue": 374000000,
        "grossProfit": 224000000,
        "grossProfitRatio": 0.3745819398,
        "researchAndDevelopmentExpenses": 0,
        "generalAndAdministrativeExpenses": 0,
        "sellingAndMarketingExpenses": 0,
        "sellingGeneralAndAdministrativeExpenses": 83000000,
        "otherExpenses": 0,
        "operatingExpenses": 83000000,
        "costAndExpenses": 457000000,
        "interestIncome": 6000000,
        "interestExpense": 0,
        "depreciationAndAmortization": 85000000,
        "ebitda": 130000000,
        "ebitdaratio": 0.2173913043,
        "operatingIncome": 141000000,
        "operatingIncomeRatio": 0.2357859532,
        "totalOtherIncomeExpensesNet": 264000000,
        "incomeBeforeTax": 405000000,
        "incomeBeforeTaxRatio": 0.6772575251,
        "incomeTaxExpense": 109000000,
        "netIncome": 296000000,
        "netIncomeRatio": 0.4949832776,
        "eps": 2.84,
        "epsdiluted": 2.8,
        "weightedAverageShsOut": 104349157,
        "weightedAverageShsOutDil": 105918893,
        "link": "https://www.sec.gov/Archives/edgar/data/1468174/000146817419000114/0001468174-19-000114-index.htm",
        "finalLink": "https://www.sec.gov/Archives/edgar/data/1468174/000146817419000114/hq393019.htm"
    },
    {
        "date": "2019-06-30",
        "symbol": "H",
        "reportedCurrency": "USD",
        "cik": "0001468174",
        "fillingDate": "2019-08-01",
        "acceptedDate": "2019-08-01 15:12:23",
        "calendarYear": "2019",
        "period": "Q2",
        "revenue": 670000000,
        "costOfRevenue": 397000000,
        "grossProfit": 273000000,
        "grossProfitRatio": 0.4074626866,
        "researchAndDevelopmentExpenses": 0,
        "generalAndAdministrativeExpenses": 0,
        "sellingAndMarketingExpenses": 0,
        "sellingGeneralAndAdministrativeExpenses": 95000000,
        "otherExpenses": 0,
        "operatingExpenses": 95000000,
        "costAndExpenses": 492000000,
        "interestIncome": 6000000,
        "interestExpense": 0,
        "depreciationAndAmortization": 83000000,
        "ebitda": 170000000,
        "ebitdaratio": 0.2537313433,
        "operatingIncome": 178000000,
        "operatingIncomeRatio": 0.2656716418,
        "totalOtherIncomeExpensesNet": -73000000,
        "incomeBeforeTax": 105000000,
        "incomeBeforeTaxRatio": 0.1567164179,
        "incomeTaxExpense": 19000000,
        "netIncome": 86000000,
        "netIncomeRatio": 0.128358209,
        "eps": 0.81,
        "epsdiluted": 0.8,
        "weightedAverageShsOut": 105372799,
        "weightedAverageShsOutDil": 106953368,
        "link": "https://www.sec.gov/Archives/edgar/data/1468174/000146817419000091/0001468174-19-000091-index.htm",
        "finalLink": "https://www.sec.gov/Archives/edgar/data/1468174/000146817419000091/hq263019.htm"
    },
    {
        "date": "2019-03-31",
        "symbol": "H",
        "reportedCurrency": "USD",
        "cik": "0001468174",
        "fillingDate": "2019-05-02",
        "acceptedDate": "2019-05-02 16:02:53",
        "calendarYear": "2019",
        "period": "Q1",
        "revenue": 651000000,
        "costOfRevenue": 402000000,
        "grossProfit": 249000000,
        "grossProfitRatio": 0.3824884793,
        "researchAndDevelopmentExpenses": 0,
        "generalAndAdministrativeExpenses": 0,
        "sellingAndMarketingExpenses": 0,
        "sellingGeneralAndAdministrativeExpenses": 123000000,
        "otherExpenses": 0,
        "operatingExpenses": 123000000,
        "costAndExpenses": 525000000,
        "interestIncome": 6000000,
        "interestExpense": 0,
        "depreciationAndAmortization": 80000000,
        "ebitda": 116000000,
        "ebitdaratio": 0.178187404,
        "operatingIncome": 126000000,
        "operatingIncomeRatio": 0.1935483871,
        "totalOtherIncomeExpensesNet": -43000000,
        "incomeBeforeTax": 83000000,
        "incomeBeforeTaxRatio": 0.1274961598,
        "incomeTaxExpense": 20000000,
        "netIncome": 63000000,
        "netIncomeRatio": 0.0967741935,
        "eps": 0.6,
        "epsdiluted": 0.59,
        "weightedAverageShsOut": 105976163,
        "weightedAverageShsOutDil": 107519183,
        "link": "https://www.sec.gov/Archives/edgar/data/1468174/000146817419000061/0001468174-19-000061-index.htm",
        "finalLink": "https://www.sec.gov/Archives/edgar/data/1468174/000146817419000061/hq133119.htm"
    },
    {
        "date": "2018-12-31",
        "symbol": "H",
        "reportedCurrency": "USD",
        "cik": "0001468174",
        "fillingDate": "2019-02-14",
        "acceptedDate": "2019-02-14 16:47:26",
        "calendarYear": "2018",
        "period": "Q4",
        "revenue": 629000000,
        "costOfRevenue": 376000000,
        "grossProfit": 253000000,
        "grossProfitRatio": 0.4022257552,
        "researchAndDevelopmentExpenses": 0,
        "generalAndAdministrativeExpenses": 0,
        "sellingAndMarketingExpenses": 0,
        "sellingGeneralAndAdministrativeExpenses": 60000000,
        "otherExpenses": 0,
        "operatingExpenses": 60000000,
        "costAndExpenses": 436000000,
        "interestIncome": 9000000,
        "interestExpense": 0,
        "depreciationAndAmortization": 84000000,
        "ebitda": 173000000,
        "ebitdaratio": 0.2750397456,
        "operatingIncome": 193000000,
        "operatingIncomeRatio": 0.306836248,
        "totalOtherIncomeExpensesNet": -161000000,
        "incomeBeforeTax": 32000000,
        "incomeBeforeTaxRatio": 0.0508744038,
        "incomeTaxExpense": -12000000,
        "netIncome": 44000000,
        "netIncomeRatio": 0.0699523052,
        "eps": 0.41,
        "epsdiluted": 0.4,
        "weightedAverageShsOut": 108600000,
        "weightedAverageShsOutDil": 110200000,
        "link": "https://www.sec.gov/Archives/edgar/data/1468174/000146817419000009/0001468174-19-000009-index.htm",
        "finalLink": "https://www.sec.gov/Archives/edgar/data/1468174/000146817419000009/h10-k123118.htm"
    },
    {
        "date": "2018-09-30",
        "symbol": "H",
        "reportedCurrency": "USD",
        "cik": "0001468174",
        "fillingDate": "2018-10-31",
        "acceptedDate": "2018-10-31 16:24:07",
        "calendarYear": "2018",
        "period": "Q3",
        "revenue": 585000000,
        "costOfRevenue": 362000000,
        "grossProfit": 223000000,
        "grossProfitRatio": 0.3811965812,
        "researchAndDevelopmentExpenses": 0,
        "generalAndAdministrativeExpenses": 0,
        "sellingAndMarketingExpenses": 0,
        "sellingGeneralAndAdministrativeExpenses": 82000000,
        "otherExpenses": 0,
        "operatingExpenses": 82000000,
        "costAndExpenses": 444000000,
        "interestIncome": 7000000,
        "interestExpense": 0,
        "depreciationAndAmortization": 81000000,
        "ebitda": 148000000,
        "ebitdaratio": 0.252991453,
        "operatingIncome": 141000000,
        "operatingIncomeRatio": 0.241025641,
        "totalOtherIncomeExpensesNet": 115000000,
        "incomeBeforeTax": 256000000,
        "incomeBeforeTaxRatio": 0.4376068376,
        "incomeTaxExpense": 19000000,
        "netIncome": 237000000,
        "netIncomeRatio": 0.4051282051,
        "eps": 2.12,
        "epsdiluted": 2.09,
        "weightedAverageShsOut": 111356759,
        "weightedAverageShsOutDil": 113223985,
        "link": "https://www.sec.gov/Archives/edgar/data/1468174/000146817418000139/0001468174-18-000139-index.htm",
        "finalLink": "https://www.sec.gov/Archives/edgar/data/1468174/000146817418000139/hq393018.htm"
    },
    {
        "date": "2018-06-30",
        "symbol": "H",
        "reportedCurrency": "USD",
        "cik": "0001468174",
        "fillingDate": "2018-08-01",
        "acceptedDate": "2018-08-01 15:24:45",
        "calendarYear": "2018",
        "period": "Q2",
        "revenue": 631000000,
        "costOfRevenue": 364000000,
        "grossProfit": 267000000,
        "grossProfitRatio": 0.4231378764,
        "researchAndDevelopmentExpenses": 0,
        "generalAndAdministrativeExpenses": 0,
        "sellingAndMarketingExpenses": 0,
        "sellingGeneralAndAdministrativeExpenses": 83000000,
        "otherExpenses": 0,
        "operatingExpenses": 83000000,
        "costAndExpenses": 447000000,
        "interestIncome": 7000000,
        "interestExpense": 0,
        "depreciationAndAmortization": 79000000,
        "ebitda": 191000000,
        "ebitdaratio": 0.3026941363,
        "operatingIncome": 184000000,
        "operatingIncomeRatio": 0.2916006339,
        "totalOtherIncomeExpensesNet": -82000000,
        "incomeBeforeTax": 102000000,
        "incomeBeforeTaxRatio": 0.1616481775,
        "incomeTaxExpense": 25000000,
        "netIncome": 77000000,
        "netIncomeRatio": 0.1220285261,
        "eps": 0.67,
        "epsdiluted": 0.66,
        "weightedAverageShsOut": 114559378,
        "weightedAverageShsOutDil": 116450844,
        "link": "https://www.sec.gov/Archives/edgar/data/1468174/000146817418000112/0001468174-18-000112-index.htm",
        "finalLink": "https://www.sec.gov/Archives/edgar/data/1468174/000146817418000112/hq263018.htm"
    },
    {
        "date": "2018-03-31",
        "symbol": "H",
        "reportedCurrency": "USD",
        "cik": "0001468174",
        "fillingDate": "2018-05-03",
        "acceptedDate": "2018-05-03 16:30:44",
        "calendarYear": "2018",
        "period": "Q1",
        "revenue": 653000000,
        "costOfRevenue": 392000000,
        "grossProfit": 261000000,
        "grossProfitRatio": 0.3996937213,
        "researchAndDevelopmentExpenses": 0,
        "generalAndAdministrativeExpenses": 0,
        "sellingAndMarketingExpenses": 0,
        "sellingGeneralAndAdministrativeExpenses": 95000000,
        "otherExpenses": 0,
        "operatingExpenses": 95000000,
        "costAndExpenses": 487000000,
        "interestIncome": 5000000,
        "interestExpense": 0,
        "depreciationAndAmortization": 83000000,
        "ebitda": 167000000,
        "ebitdaratio": 0.2557427259,
        "operatingIncome": 166000000,
        "operatingIncomeRatio": 0.2542113323,
        "totalOtherIncomeExpensesNet": 395000000,
        "incomeBeforeTax": 561000000,
        "incomeBeforeTaxRatio": 0.8591117917,
        "incomeTaxExpense": 150000000,
        "netIncome": 411000000,
        "netIncomeRatio": 0.6294027565,
        "eps": 3.47,
        "epsdiluted": 3.4,
        "weightedAverageShsOut": 118652054,
        "weightedAverageShsOutDil": 120778350,
        "link": "https://www.sec.gov/Archives/edgar/data/1468174/000146817418000074/0001468174-18-000074-index.htm",
        "finalLink": "https://www.sec.gov/Archives/edgar/data/1468174/000146817418000074/hq133118.htm"
    },
    {
        "date": "2017-12-31",
        "symbol": "H",
        "reportedCurrency": "USD",
        "cik": "0001468174",
        "fillingDate": "2018-02-15",
        "acceptedDate": "2018-02-15 16:36:36",
        "calendarYear": "2017",
        "period": "Q4",
        "revenue": 657000000,
        "costOfRevenue": 417000000,
        "grossProfit": 240000000,
        "grossProfitRatio": 0.3652968037,
        "researchAndDevelopmentExpenses": 0,
        "generalAndAdministrativeExpenses": 0,
        "sellingAndMarketingExpenses": 0,
        "sellingGeneralAndAdministrativeExpenses": 92000000,
        "otherExpenses": 0,
        "operatingExpenses": 92000000,
        "costAndExpenses": 509000000,
        "interestIncome": 4000000,
        "interestExpense": 0,
        "depreciationAndAmortization": 87000000,
        "ebitda": 144000000,
        "ebitdaratio": 0.2191780822,
        "operatingIncome": 148000000,
        "operatingIncomeRatio": 0.2252663623,
        "totalOtherIncomeExpensesNet": 294000000,
        "incomeBeforeTax": 442000000,
        "incomeBeforeTaxRatio": 0.6727549467,
        "incomeTaxExpense": 229000000,
        "netIncome": 76000000,
        "netIncomeRatio": 0.1156773212,
        "eps": 0.63,
        "epsdiluted": 0.62,
        "weightedAverageShsOut": 120200000,
        "weightedAverageShsOutDil": 122100000,
        "link": "https://www.sec.gov/Archives/edgar/data/1468174/000146817418000014/0001468174-18-000014-index.htm",
        "finalLink": "https://www.sec.gov/Archives/edgar/data/1468174/000146817418000014/h10-k123117.htm"
    },
    {
        "date": "2017-09-30",
        "symbol": "H",
        "reportedCurrency": "USD",
        "cik": "0001468174",
        "fillingDate": "2017-11-02",
        "acceptedDate": "2017-11-02 16:02:51",
        "calendarYear": "2017",
        "period": "Q3",
        "revenue": 641000000,
        "costOfRevenue": 409000000,
        "grossProfit": 232000000,
        "grossProfitRatio": 0.3619344774,
        "researchAndDevelopmentExpenses": 0,
        "generalAndAdministrativeExpenses": 0,
        "sellingAndMarketingExpenses": 0,
        "sellingGeneralAndAdministrativeExpenses": 89000000,
        "otherExpenses": 0,
        "operatingExpenses": 89000000,
        "costAndExpenses": 498000000,
        "interestIncome": 5000000,
        "interestExpense": 0,
        "depreciationAndAmortization": 88000000,
        "ebitda": 151000000,
        "ebitdaratio": 0.2355694228,
        "operatingIncome": 143000000,
        "operatingIncomeRatio": 0.2230889236,
        "totalOtherIncomeExpensesNet": -108000000,
        "incomeBeforeTax": 35000000,
        "incomeBeforeTaxRatio": 0.0546021841,
        "incomeTaxExpense": 16000000,
        "netIncome": 16000000,
        "netIncomeRatio": 0.0249609984,
        "eps": 0.14,
        "epsdiluted": 0.14,
        "weightedAverageShsOut": 124010961,
        "weightedAverageShsOutDil": 125407883,
        "link": "https://www.sec.gov/Archives/edgar/data/1468174/000146817417000126/0001468174-17-000126-index.htm",
        "finalLink": "https://www.sec.gov/Archives/edgar/data/1468174/000146817417000126/hq393017.htm"
    },
    {
        "date": "2017-06-30",
        "symbol": "H",
        "reportedCurrency": "USD",
        "cik": "0001468174",
        "fillingDate": "2017-08-03",
        "acceptedDate": "2017-08-03 16:26:36",
        "calendarYear": "2017",
        "period": "Q2",
        "revenue": 706000000,
        "costOfRevenue": 429000000,
        "grossProfit": 277000000,
        "grossProfitRatio": 0.3923512748,
        "researchAndDevelopmentExpenses": 0,
        "generalAndAdministrativeExpenses": 0,
        "sellingAndMarketingExpenses": 0,
        "sellingGeneralAndAdministrativeExpenses": 90000000,
        "otherExpenses": 0,
        "operatingExpenses": 90000000,
        "costAndExpenses": 519000000,
        "interestIncome": 4000000,
        "interestExpense": 0,
        "depreciationAndAmortization": 86000000,
        "ebitda": 196000000,
        "ebitdaratio": 0.2776203966,
        "operatingIncome": 187000000,
        "operatingIncomeRatio": 0.2648725212,
        "totalOtherIncomeExpensesNet": -31000000,
        "incomeBeforeTax": 156000000,
        "incomeBeforeTaxRatio": 0.2209631728,
        "incomeTaxExpense": 53000000,
        "netIncome": 87000000,
        "netIncomeRatio": 0.1232294618,
        "eps": 0.82,
        "epsdiluted": 0.81,
        "weightedAverageShsOut": 125504276,
        "weightedAverageShsOutDil": 126804566,
        "link": "https://www.sec.gov/Archives/edgar/data/1468174/000146817417000084/0001468174-17-000084-index.htm",
        "finalLink": "https://www.sec.gov/Archives/edgar/data/1468174/000146817417000084/hq263017.htm"
    },
    {
        "date": "2017-03-31",
        "symbol": "H",
        "reportedCurrency": "USD",
        "cik": "0001468174",
        "fillingDate": "2017-05-04",
        "acceptedDate": "2017-05-04 16:17:09",
        "calendarYear": "2017",
        "period": "Q1",
        "revenue": 696000000,
        "costOfRevenue": 440000000,
        "grossProfit": 256000000,
        "grossProfitRatio": 0.367816092,
        "researchAndDevelopmentExpenses": 0,
        "generalAndAdministrativeExpenses": 0,
        "sellingAndMarketingExpenses": 0,
        "sellingGeneralAndAdministrativeExpenses": 99000000,
        "otherExpenses": 0,
        "operatingExpenses": 99000000,
        "costAndExpenses": 539000000,
        "interestIncome": 95000000,
        "interestExpense": 0,
        "depreciationAndAmortization": 91000000,
        "ebitda": 142000000,
        "ebitdaratio": 0.2040229885,
        "operatingIncome": 157000000,
        "operatingIncomeRatio": 0.2255747126,
        "totalOtherIncomeExpensesNet": -68000000,
        "incomeBeforeTax": 89000000,
        "incomeBeforeTaxRatio": 0.1278735632,
        "incomeTaxExpense": 41000000,
        "netIncome": 70000000,
        "netIncomeRatio": 0.1005747126,
        "eps": 0.43,
        "epsdiluted": 0.42,
        "weightedAverageShsOut": 129746644,
        "weightedAverageShsOutDil": 130997535,
        "link": "https://www.sec.gov/Archives/edgar/data/1468174/000146817417000056/0001468174-17-000056-index.htm",
        "finalLink": "https://www.sec.gov/Archives/edgar/data/1468174/000146817417000056/hq133117.htm"
    },
    {
        "date": "2016-12-31",
        "symbol": "H",
        "reportedCurrency": "USD",
        "cik": "0001468174",
        "fillingDate": "2017-02-16",
        "acceptedDate": "2017-02-16 16:05:32",
        "calendarYear": "2016",
        "period": "Q4",
        "revenue": 639000000,
        "costOfRevenue": 413000000,
        "grossProfit": 226000000,
        "grossProfitRatio": 0.3536776213,
        "researchAndDevelopmentExpenses": 0,
        "generalAndAdministrativeExpenses": 0,
        "sellingAndMarketingExpenses": 0,
        "sellingGeneralAndAdministrativeExpenses": 78000000,
        "otherExpenses": 0,
        "operatingExpenses": 78000000,
        "costAndExpenses": 491000000,
        "interestIncome": 14000000,
        "interestExpense": 0,
        "depreciationAndAmortization": 88000000,
        "ebitda": 148000000,
        "ebitdaratio": 0.2316118936,
        "operatingIncome": 148000000,
        "operatingIncomeRatio": 0.2316118936,
        "totalOtherIncomeExpensesNet": -87000000,
        "incomeBeforeTax": 61000000,
        "incomeBeforeTaxRatio": 0.0954616588,
        "incomeTaxExpense": 20000000,
        "netIncome": 41000000,
        "netIncomeRatio": 0.0641627543,
        "eps": 0.32,
        "epsdiluted": 0.32,
        "weightedAverageShsOut": 129746644,
        "weightedAverageShsOutDil": 129746644,
        "link": "https://www.sec.gov/Archives/edgar/data/1468174/000146817417000010/0001468174-17-000010-index.htm",
        "finalLink": "https://www.sec.gov/Archives/edgar/data/1468174/000146817417000010/h10-k123116.htm"
    },
    {
        "date": "2016-09-30",
        "symbol": "H",
        "reportedCurrency": "USD",
        "cik": "0001468174",
        "fillingDate": "2016-11-03",
        "acceptedDate": "2016-11-03 15:41:23",
        "calendarYear": "2016",
        "period": "Q3",
        "revenue": 640000000,
        "costOfRevenue": 410000000,
        "grossProfit": 230000000,
        "grossProfitRatio": 0.359375,
        "researchAndDevelopmentExpenses": 0,
        "generalAndAdministrativeExpenses": 0,
        "sellingAndMarketingExpenses": 0,
        "sellingGeneralAndAdministrativeExpenses": 74000000,
        "otherExpenses": 0,
        "operatingExpenses": 74000000,
        "costAndExpenses": 484000000,
        "interestIncome": 2000000,
        "interestExpense": 0,
        "depreciationAndAmortization": 87000000,
        "ebitda": 156000000,
        "ebitdaratio": 0.24375,
        "operatingIncome": 156000000,
        "operatingIncomeRatio": 0.24375,
        "totalOtherIncomeExpensesNet": -66000000,
        "incomeBeforeTax": 90000000,
        "incomeBeforeTaxRatio": 0.140625,
        "incomeTaxExpense": 28000000,
        "netIncome": 62000000,
        "netIncomeRatio": 0.096875,
        "eps": 0.48,
        "epsdiluted": 0.47,
        "weightedAverageShsOut": 131917434,
        "weightedAverageShsOutDil": 133064152,
        "link": "https://www.sec.gov/Archives/edgar/data/1468174/000146817416000255/0001468174-16-000255-index.htm",
        "finalLink": "https://www.sec.gov/Archives/edgar/data/1468174/000146817416000255/hq393016.htm"
    },
    {
        "date": "2016-06-30",
        "symbol": "H",
        "reportedCurrency": "USD",
        "cik": "0001468174",
        "fillingDate": "2016-08-02",
        "acceptedDate": "2016-08-02 15:25:06",
        "calendarYear": "2016",
        "period": "Q2",
        "revenue": 685000000,
        "costOfRevenue": 422000000,
        "grossProfit": 263000000,
        "grossProfitRatio": 0.3839416058,
        "researchAndDevelopmentExpenses": 0,
        "generalAndAdministrativeExpenses": 75000000,
        "sellingAndMarketingExpenses": 0,
        "sellingGeneralAndAdministrativeExpenses": 75000000,
        "otherExpenses": 0,
        "operatingExpenses": 75000000,
        "costAndExpenses": 497000000,
        "interestIncome": 2000000,
        "interestExpense": 20000000,
        "depreciationAndAmortization": 86000000,
        "ebitda": 188000000,
        "ebitdaratio": 0.2744525547,
        "operatingIncome": 188000000,
        "operatingIncomeRatio": 0.2744525547,
        "totalOtherIncomeExpensesNet": -100000000,
        "incomeBeforeTax": 88000000,
        "incomeBeforeTaxRatio": 0.1284671533,
        "incomeTaxExpense": 21000000,
        "netIncome": 67000000,
        "netIncomeRatio": 0.097810219,
        "eps": 0.5,
        "epsdiluted": 0.49,
        "weightedAverageShsOut": 133991118,
        "weightedAverageShsOutDil": 134895954,
        "link": "https://www.sec.gov/Archives/edgar/data/1468174/000146817416000227/0001468174-16-000227-index.htm",
        "finalLink": "https://www.sec.gov/Archives/edgar/data/1468174/000146817416000227/hq263016.htm"
    },
    {
        "date": "2016-03-31",
        "symbol": "H",
        "reportedCurrency": "USD",
        "cik": "0001468174",
        "fillingDate": "2016-05-03",
        "acceptedDate": "2016-05-03 16:27:35",
        "calendarYear": "2016",
        "period": "Q1",
        "revenue": 632000000,
        "costOfRevenue": 395000000,
        "grossProfit": 237000000,
        "grossProfitRatio": 0.375,
        "researchAndDevelopmentExpenses": 0,
        "generalAndAdministrativeExpenses": 88000000,
        "sellingAndMarketingExpenses": 0,
        "sellingGeneralAndAdministrativeExpenses": 88000000,
        "otherExpenses": 0,
        "operatingExpenses": 88000000,
        "costAndExpenses": 483000000,
        "interestIncome": 1000000,
        "interestExpense": 17000000,
        "depreciationAndAmortization": 81000000,
        "ebitda": 149000000,
        "ebitdaratio": 0.2357594937,
        "operatingIncome": 149000000,
        "operatingIncomeRatio": 0.2357594937,
        "totalOtherIncomeExpensesNet": -99000000,
        "incomeBeforeTax": 50000000,
        "incomeBeforeTaxRatio": 0.0791139241,
        "incomeTaxExpense": 16000000,
        "netIncome": 34000000,
        "netIncomeRatio": 0.0537974684,
        "eps": 0.25,
        "epsdiluted": 0.25,
        "weightedAverageShsOut": 135128860,
        "weightedAverageShsOutDil": 135924889,
        "link": "https://www.sec.gov/Archives/edgar/data/1468174/000146817416000197/0001468174-16-000197-index.htm",
        "finalLink": "https://www.sec.gov/Archives/edgar/data/1468174/000146817416000197/hq133116.htm"
    },
    {
        "date": "2015-12-31",
        "symbol": "H",
        "reportedCurrency": "USD",
        "cik": "0001468174",
        "fillingDate": "2016-02-18",
        "acceptedDate": "2016-02-18 15:29:10",
        "calendarYear": "2015",
        "period": "Q4",
        "revenue": 647000000,
        "costOfRevenue": 411000000,
        "grossProfit": 236000000,
        "grossProfitRatio": 0.3647604328,
        "researchAndDevelopmentExpenses": 0,
        "generalAndAdministrativeExpenses": 87000000,
        "sellingAndMarketingExpenses": 0,
        "sellingGeneralAndAdministrativeExpenses": 87000000,
        "otherExpenses": 0,
        "operatingExpenses": 87000000,
        "costAndExpenses": 498000000,
        "interestIncome": 10000000,
        "interestExpense": 17000000,
        "depreciationAndAmortization": 87000000,
        "ebitda": 149000000,
        "ebitdaratio": 0.2302936631,
        "operatingIncome": 149000000,
        "operatingIncomeRatio": 0.2302936631,
        "totalOtherIncomeExpensesNet": -114000000,
        "incomeBeforeTax": 35000000,
        "incomeBeforeTaxRatio": 0.0540958269,
        "incomeTaxExpense": -2000000,
        "netIncome": 37000000,
        "netIncomeRatio": 0.057187017,
        "eps": 0.26,
        "epsdiluted": 0.26,
        "weightedAverageShsOut": 138000000,
        "weightedAverageShsOutDil": 139000000,
        "link": "https://www.sec.gov/Archives/edgar/data/1468174/000146817416000152/0001468174-16-000152-index.htm",
        "finalLink": "https://www.sec.gov/Archives/edgar/data/1468174/000146817416000152/h10-k123115.htm"
    },
    {
        "date": "2015-09-30",
        "symbol": "H",
        "reportedCurrency": "USD",
        "cik": "0001468174",
        "fillingDate": "2015-11-03",
        "acceptedDate": "2015-11-03 16:53:51",
        "calendarYear": "2015",
        "period": "Q3",
        "revenue": 613000000,
        "costOfRevenue": 393000000,
        "grossProfit": 220000000,
        "grossProfitRatio": 0.3588907015,
        "researchAndDevelopmentExpenses": 0,
        "generalAndAdministrativeExpenses": 54000000,
        "sellingAndMarketingExpenses": 0,
        "sellingGeneralAndAdministrativeExpenses": 54000000,
        "otherExpenses": 0,
        "operatingExpenses": 54000000,
        "costAndExpenses": 447000000,
        "interestIncome": 2000000,
        "interestExpense": 17000000,
        "depreciationAndAmortization": 78000000,
        "ebitda": 166000000,
        "ebitdaratio": 0.2707993475,
        "operatingIncome": 166000000,
        "operatingIncomeRatio": 0.2707993475,
        "totalOtherIncomeExpensesNet": -121000000,
        "incomeBeforeTax": 45000000,
        "incomeBeforeTaxRatio": 0.0734094617,
        "incomeTaxExpense": 20000000,
        "netIncome": 25000000,
        "netIncomeRatio": 0.0407830343,
        "eps": 0.18,
        "epsdiluted": 0.18,
        "weightedAverageShsOut": 141876299,
        "weightedAverageShsOutDil": 143007376,
        "link": "https://www.sec.gov/Archives/edgar/data/1468174/000146817415000129/0001468174-15-000129-index.htm",
        "finalLink": "https://www.sec.gov/Archives/edgar/data/1468174/000146817415000129/hq393015.htm"
    },
    {
        "date": "2015-06-30",
        "symbol": "H",
        "reportedCurrency": "USD",
        "cik": "0001468174",
        "fillingDate": "2015-08-04",
        "acceptedDate": "2015-08-04 14:13:48",
        "calendarYear": "2015",
        "period": "Q2",
        "revenue": 661000000,
        "costOfRevenue": 398000000,
        "grossProfit": 263000000,
        "grossProfitRatio": 0.397881997,
        "researchAndDevelopmentExpenses": 0,
        "generalAndAdministrativeExpenses": 73000000,
        "sellingAndMarketingExpenses": 0,
        "sellingGeneralAndAdministrativeExpenses": 73000000,
        "otherExpenses": 0,
        "operatingExpenses": 73000000,
        "costAndExpenses": 471000000,
        "interestIncome": 2000000,
        "interestExpense": 17000000,
        "depreciationAndAmortization": 76000000,
        "ebitda": 190000000,
        "ebitdaratio": 0.2874432678,
        "operatingIncome": 190000000,
        "operatingIncomeRatio": 0.2874432678,
        "totalOtherIncomeExpensesNet": -110000000,
        "incomeBeforeTax": 80000000,
        "incomeBeforeTaxRatio": 0.1210287443,
        "incomeTaxExpense": 40000000,
        "netIncome": 40000000,
        "netIncomeRatio": 0.0605143722,
        "eps": 0.28,
        "epsdiluted": 0.27,
        "weightedAverageShsOut": 144273897,
        "weightedAverageShsOutDil": 145503650,
        "link": "https://www.sec.gov/Archives/edgar/data/1468174/000146817415000101/0001468174-15-000101-index.htm",
        "finalLink": "https://www.sec.gov/Archives/edgar/data/1468174/000146817415000101/hq263015.htm"
    },
    {
        "date": "2015-03-31",
        "symbol": "H",
        "reportedCurrency": "USD",
        "cik": "0001468174",
        "fillingDate": "2015-05-05",
        "acceptedDate": "2015-05-05 16:05:40",
        "calendarYear": "2015",
        "period": "Q1",
        "revenue": 621000000,
        "costOfRevenue": 389000000,
        "grossProfit": 232000000,
        "grossProfitRatio": 0.3735909823,
        "researchAndDevelopmentExpenses": 0,
        "generalAndAdministrativeExpenses": 94000000,
        "sellingAndMarketingExpenses": 0,
        "sellingGeneralAndAdministrativeExpenses": 94000000,
        "otherExpenses": 0,
        "operatingExpenses": 94000000,
        "costAndExpenses": 483000000,
        "interestIncome": 2000000,
        "interestExpense": 17000000,
        "depreciationAndAmortization": 79000000,
        "ebitda": 138000000,
        "ebitdaratio": 0.2222222222,
        "operatingIncome": 138000000,
        "operatingIncomeRatio": 0.2222222222,
        "totalOtherIncomeExpensesNet": -104000000,
        "incomeBeforeTax": 34000000,
        "incomeBeforeTaxRatio": 0.0547504026,
        "incomeTaxExpense": 12000000,
        "netIncome": 22000000,
        "netIncomeRatio": 0.0354267311,
        "eps": 0.15,
        "epsdiluted": 0.15,
        "weightedAverageShsOut": 147285258,
        "weightedAverageShsOutDil": 148639311,
        "link": "https://www.sec.gov/Archives/edgar/data/1468174/000146817415000065/0001468174-15-000065-index.htm",
        "finalLink": "https://www.sec.gov/Archives/edgar/data/1468174/000146817415000065/hq133115.htm"
    },
    {
        "date": "2014-12-31",
        "symbol": "H",
        "reportedCurrency": "USD",
        "cik": "0001468174",
        "fillingDate": "2015-02-18",
        "acceptedDate": "2015-02-18 16:35:24",
        "calendarYear": "2014",
        "period": "Q4",
        "revenue": 659000000,
        "costOfRevenue": 430000000,
        "grossProfit": 229000000,
        "grossProfitRatio": 0.3474962064,
        "researchAndDevelopmentExpenses": 0,
        "generalAndAdministrativeExpenses": 105000000,
        "sellingAndMarketingExpenses": 0,
        "sellingGeneralAndAdministrativeExpenses": 83000000,
        "otherExpenses": 0,
        "operatingExpenses": 83000000,
        "costAndExpenses": 513000000,
        "interestIncome": 6000000,
        "interestExpense": 17000000,
        "depreciationAndAmortization": 85000000,
        "ebitda": 146000000,
        "ebitdaratio": 0.2215477997,
        "operatingIncome": 146000000,
        "operatingIncomeRatio": 0.2215477997,
        "totalOtherIncomeExpensesNet": 115000000,
        "incomeBeforeTax": 261000000,
        "incomeBeforeTaxRatio": 0.3960546282,
        "incomeTaxExpense": 79000000,
        "netIncome": 182000000,
        "netIncomeRatio": 0.2761760243,
        "eps": 1.21,
        "epsdiluted": 1.2,
        "weightedAverageShsOut": 150100000,
        "weightedAverageShsOutDil": 151400000,
        "link": "https://www.sec.gov/Archives/edgar/data/1468174/000146817415000025/0001468174-15-000025-index.htm",
        "finalLink": "https://www.sec.gov/Archives/edgar/data/1468174/000146817415000025/h10-k123114.htm"
    },
    {
        "date": "2014-09-30",
        "symbol": "H",
        "reportedCurrency": "USD",
        "cik": "0001468174",
        "fillingDate": "2014-10-29",
        "acceptedDate": "2014-10-29 16:22:38",
        "calendarYear": "2014",
        "period": "Q3",
        "revenue": 673000000,
        "costOfRevenue": 433000000,
        "grossProfit": 240000000,
        "grossProfitRatio": 0.3566121842,
        "researchAndDevelopmentExpenses": 0,
        "generalAndAdministrativeExpenses": 77000000,
        "sellingAndMarketingExpenses": 0,
        "sellingGeneralAndAdministrativeExpenses": 77000000,
        "otherExpenses": 0,
        "operatingExpenses": 77000000,
        "costAndExpenses": 510000000,
        "interestIncome": 3000000,
        "interestExpense": 17000000,
        "depreciationAndAmortization": 91000000,
        "ebitda": 163000000,
        "ebitdaratio": 0.2421991085,
        "operatingIncome": 163000000,
        "operatingIncomeRatio": 0.2421991085,
        "totalOtherIncomeExpensesNet": -100000000,
        "incomeBeforeTax": 63000000,
        "incomeBeforeTaxRatio": 0.0936106984,
        "incomeTaxExpense": 30000000,
        "netIncome": 32000000,
        "netIncomeRatio": 0.0475482912,
        "eps": 0.21,
        "epsdiluted": 0.21,
        "weightedAverageShsOut": 152849168,
        "weightedAverageShsOutDil": 153868779,
        "link": "https://www.sec.gov/Archives/edgar/data/1468174/000146817414000208/0001468174-14-000208-index.htm",
        "finalLink": "https://www.sec.gov/Archives/edgar/data/1468174/000146817414000208/hq393014.htm"
    },
    {
        "date": "2014-06-30",
        "symbol": "H",
        "reportedCurrency": "USD",
        "cik": "0001468174",
        "fillingDate": "2014-07-31",
        "acceptedDate": "2014-07-31 15:52:08",
        "calendarYear": "2014",
        "period": "Q2",
        "revenue": 718000000,
        "costOfRevenue": 440000000,
        "grossProfit": 278000000,
        "grossProfitRatio": 0.3871866295,
        "researchAndDevelopmentExpenses": 0,
        "generalAndAdministrativeExpenses": 80000000,
        "sellingAndMarketingExpenses": 0,
        "sellingGeneralAndAdministrativeExpenses": 80000000,
        "otherExpenses": 0,
        "operatingExpenses": 80000000,
        "costAndExpenses": 520000000,
        "interestIncome": 3000000,
        "interestExpense": 18000000,
        "depreciationAndAmortization": 83000000,
        "ebitda": 198000000,
        "ebitdaratio": 0.2757660167,
        "operatingIncome": 198000000,
        "operatingIncomeRatio": 0.2757660167,
        "totalOtherIncomeExpensesNet": -77000000,
        "incomeBeforeTax": 121000000,
        "incomeBeforeTaxRatio": 0.1685236769,
        "incomeTaxExpense": 46000000,
        "netIncome": 74000000,
        "netIncomeRatio": 0.1030640669,
        "eps": 0.48,
        "epsdiluted": 0.48,
        "weightedAverageShsOut": 154226718,
        "weightedAverageShsOutDil": 155221234,
        "link": "https://www.sec.gov/Archives/edgar/data/1468174/000146817414000188/0001468174-14-000188-index.htm",
        "finalLink": "https://www.sec.gov/Archives/edgar/data/1468174/000146817414000188/hq263014.htm"
    },
    {
        "date": "2014-03-31",
        "symbol": "H",
        "reportedCurrency": "USD",
        "cik": "0001468174",
        "fillingDate": "2014-04-30",
        "acceptedDate": "2014-04-30 15:30:40",
        "calendarYear": "2014",
        "period": "Q1",
        "revenue": 658000000,
        "costOfRevenue": 423000000,
        "grossProfit": 235000000,
        "grossProfitRatio": 0.3571428571,
        "researchAndDevelopmentExpenses": 0,
        "generalAndAdministrativeExpenses": 87000000,
        "sellingAndMarketingExpenses": 0,
        "sellingGeneralAndAdministrativeExpenses": 87000000,
        "otherExpenses": 0,
        "operatingExpenses": 87000000,
        "costAndExpenses": 510000000,
        "interestIncome": 2000000,
        "interestExpense": 19000000,
        "depreciationAndAmortization": 95000000,
        "ebitda": 148000000,
        "ebitdaratio": 0.2249240122,
        "operatingIncome": 148000000,
        "operatingIncomeRatio": 0.2249240122,
        "totalOtherIncomeExpensesNet": -68000000,
        "incomeBeforeTax": 80000000,
        "incomeBeforeTaxRatio": 0.1215805471,
        "incomeTaxExpense": 24000000,
        "netIncome": 56000000,
        "netIncomeRatio": 0.085106383,
        "eps": 0.36,
        "epsdiluted": 0.36,
        "weightedAverageShsOut": 155449102,
        "weightedAverageShsOutDil": 156490866,
        "link": "https://www.sec.gov/Archives/edgar/data/1468174/000146817414000107/0001468174-14-000107-index.htm",
        "finalLink": "https://www.sec.gov/Archives/edgar/data/1468174/000146817414000107/hq133114.htm"
    },
    {
        "date": "2013-12-31",
        "symbol": "H",
        "reportedCurrency": "USD",
        "cik": "0001468174",
        "fillingDate": "2014-02-18",
        "acceptedDate": "2014-02-14 17:42:09",
        "calendarYear": "2013",
        "period": "Q4",
        "revenue": 666000000,
        "costOfRevenue": 433000000,
        "grossProfit": 233000000,
        "grossProfitRatio": 0.3498498498,
        "researchAndDevelopmentExpenses": 0,
        "generalAndAdministrativeExpenses": 87000000,
        "sellingAndMarketingExpenses": 0,
        "sellingGeneralAndAdministrativeExpenses": 87000000,
        "otherExpenses": 0,
        "operatingExpenses": 87000000,
        "costAndExpenses": 520000000,
        "interestIncome": 12000000,
        "interestExpense": 17000000,
        "depreciationAndAmortization": 91000000,
        "ebitda": 146000000,
        "ebitdaratio": 0.2192192192,
        "operatingIncome": 146000000,
        "operatingIncomeRatio": 0.2192192192,
        "totalOtherIncomeExpensesNet": -89000000,
        "incomeBeforeTax": 57000000,
        "incomeBeforeTaxRatio": 0.0855855856,
        "incomeTaxExpense": 27000000,
        "netIncome": 32000000,
        "netIncomeRatio": 0.048048048,
        "eps": 0.21,
        "epsdiluted": 0.2,
        "weightedAverageShsOut": 156100000,
        "weightedAverageShsOutDil": 157000000,
        "link": "https://www.sec.gov/Archives/edgar/data/1468174/000146817414000011/0001468174-14-000011-index.htm",
        "finalLink": "https://www.sec.gov/Archives/edgar/data/1468174/000146817414000011/h10-k123113.htm"
    },
    {
        "date": "2013-09-30",
        "symbol": "H",
        "reportedCurrency": "USD",
        "cik": "0001468174",
        "fillingDate": "2013-10-30",
        "acceptedDate": "2013-10-30 14:50:30",
        "calendarYear": "2013",
        "period": "Q3",
        "revenue": 620000000,
        "costOfRevenue": 409000000,
        "grossProfit": 211000000,
        "grossProfitRatio": 0.3403225806,
        "researchAndDevelopmentExpenses": 0,
        "generalAndAdministrativeExpenses": 77000000,
        "sellingAndMarketingExpenses": 0,
        "sellingGeneralAndAdministrativeExpenses": 77000000,
        "otherExpenses": 0,
        "operatingExpenses": 77000000,
        "costAndExpenses": 486000000,
        "interestIncome": 4000000,
        "interestExpense": 15000000,
        "depreciationAndAmortization": 81000000,
        "ebitda": 134000000,
        "ebitdaratio": 0.2161290323,
        "operatingIncome": 134000000,
        "operatingIncomeRatio": 0.2161290323,
        "totalOtherIncomeExpensesNet": -40000000,
        "incomeBeforeTax": 94000000,
        "incomeBeforeTaxRatio": 0.1516129032,
        "incomeTaxExpense": 39000000,
        "netIncome": 55000000,
        "netIncomeRatio": 0.0887096774,
        "eps": 0.35,
        "epsdiluted": 0.35,
        "weightedAverageShsOut": 156339842,
        "weightedAverageShsOutDil": 156897187,
        "link": "https://www.sec.gov/Archives/edgar/data/1468174/000146817413000036/0001468174-13-000036-index.htm",
        "finalLink": "https://www.sec.gov/Archives/edgar/data/1468174/000146817413000036/hq393013.htm"
    },
    {
        "date": "2013-06-30",
        "symbol": "H",
        "reportedCurrency": "USD",
        "cik": "0001468174",
        "fillingDate": "2013-07-31",
        "acceptedDate": "2013-07-31 16:27:42",
        "calendarYear": "2013",
        "period": "Q2",
        "revenue": 689000000,
        "costOfRevenue": 421000000,
        "grossProfit": 268000000,
        "grossProfitRatio": 0.388969521,
        "researchAndDevelopmentExpenses": 0,
        "generalAndAdministrativeExpenses": 75000000,
        "sellingAndMarketingExpenses": 0,
        "sellingGeneralAndAdministrativeExpenses": 75000000,
        "otherExpenses": 0,
        "operatingExpenses": 94000000,
        "costAndExpenses": 515000000,
        "interestIncome": 5000000,
        "interestExpense": 16000000,
        "depreciationAndAmortization": 85000000,
        "ebitda": 193000000,
        "ebitdaratio": 0.2801161103,
        "operatingIncome": 108000000,
        "operatingIncomeRatio": 0.1567489115,
        "totalOtherIncomeExpensesNet": 59000000,
        "incomeBeforeTax": 167000000,
        "incomeBeforeTaxRatio": 0.2423802612,
        "incomeTaxExpense": 55000000,
        "netIncome": 112000000,
        "netIncomeRatio": 0.1625544267,
        "eps": 0.7,
        "epsdiluted": 0.7,
        "weightedAverageShsOut": 159816592,
        "weightedAverageShsOutDil": 160213384,
        "link": "https://www.sec.gov/Archives/edgar/data/1468174/000146817413000008/0001468174-13-000008-index.htm",
        "finalLink": "https://www.sec.gov/Archives/edgar/data/1468174/000146817413000008/hq263013.htm"
    },
    {
        "date": "2013-03-31",
        "symbol": "H",
        "reportedCurrency": "USD",
        "cik": "0001468174",
        "fillingDate": "2013-05-01",
        "acceptedDate": "2013-05-01 17:12:01",
        "calendarYear": "2013",
        "period": "Q1",
        "revenue": 587000000,
        "costOfRevenue": 398000000,
        "grossProfit": 189000000,
        "grossProfitRatio": 0.3219761499,
        "researchAndDevelopmentExpenses": 0,
        "generalAndAdministrativeExpenses": 84000000,
        "sellingAndMarketingExpenses": 0,
        "sellingGeneralAndAdministrativeExpenses": 84000000,
        "otherExpenses": 0,
        "operatingExpenses": 174000000,
        "costAndExpenses": 572000000,
        "interestIncome": 5000000,
        "interestExpense": 17000000,
        "depreciationAndAmortization": 88000000,
        "ebitda": 105000000,
        "ebitdaratio": 0.1788756388,
        "operatingIncome": 17000000,
        "operatingIncomeRatio": 0.0289608177,
        "totalOtherIncomeExpensesNet": -14000000,
        "incomeBeforeTax": 3000000,
        "incomeBeforeTaxRatio": 0.0051107325,
        "incomeTaxExpense": -5000000,
        "netIncome": 8000000,
        "netIncomeRatio": 0.0136286201,
        "eps": 0.05,
        "epsdiluted": 0.05,
        "weightedAverageShsOut": 161931525,
        "weightedAverageShsOutDil": 162537877,
        "link": "https://www.sec.gov/Archives/edgar/data/1468174/000146817413000005/0001468174-13-000005-index.htm",
        "finalLink": "https://www.sec.gov/Archives/edgar/data/1468174/000146817413000005/hq133113.htm"
    },
    {
        "date": "2012-12-31",
        "symbol": "H",
        "reportedCurrency": "USD",
        "cik": "0001468174",
        "fillingDate": "2013-02-13",
        "acceptedDate": "2013-02-13 16:07:38",
        "calendarYear": "2012",
        "period": "Q4",
        "revenue": 616000000,
        "costOfRevenue": 409000000,
        "grossProfit": 207000000,
        "grossProfitRatio": 0.336038961,
        "researchAndDevelopmentExpenses": 0,
        "generalAndAdministrativeExpenses": 78000000,
        "sellingAndMarketingExpenses": 0,
        "sellingGeneralAndAdministrativeExpenses": 78000000,
        "otherExpenses": 0,
        "operatingExpenses": 192000000,
        "costAndExpenses": 601000000,
        "interestIncome": 6000000,
        "interestExpense": 17000000,
        "depreciationAndAmortization": 90000000,
        "ebitda": 129000000,
        "ebitdaratio": 0.2094155844,
        "operatingIncome": 46000000,
        "operatingIncomeRatio": 0.0746753247,
        "totalOtherIncomeExpensesNet": -42000000,
        "incomeBeforeTax": 4000000,
        "incomeBeforeTaxRatio": 0.0064935065,
        "incomeTaxExpense": -11000000,
        "netIncome": 16000000,
        "netIncomeRatio": 0.025974026,
        "eps": 0.0988,
        "epsdiluted": 0.0988,
        "weightedAverageShsOut": 161931525,
        "weightedAverageShsOutDil": 161931525,
        "link": "https://www.sec.gov/Archives/edgar/data/1468174/000119312513055303/0001193125-13-055303-index.htm",
        "finalLink": "https://www.sec.gov/Archives/edgar/data/1468174/000119312513055303/d465174d10k.htm"
    },
    {
        "date": "2012-09-30",
        "symbol": "H",
        "reportedCurrency": "USD",
        "cik": "0001468174",
        "fillingDate": "2012-10-31",
        "acceptedDate": "2012-10-31 15:47:54",
        "calendarYear": "2012",
        "period": "Q3",
        "revenue": 593000000,
        "costOfRevenue": 390000000,
        "grossProfit": 203000000,
        "grossProfitRatio": 0.3423271501,
        "researchAndDevelopmentExpenses": 0,
        "generalAndAdministrativeExpenses": 75000000,
        "sellingAndMarketingExpenses": 0,
        "sellingGeneralAndAdministrativeExpenses": 75000000,
        "otherExpenses": 0,
        "operatingExpenses": 171000000,
        "costAndExpenses": 219000000,
        "interestIncome": 6000000,
        "interestExpense": 18000000,
        "depreciationAndAmortization": 88000000,
        "ebitda": 128000000,
        "ebitdaratio": 0.215851602,
        "operatingIncome": 40000000,
        "operatingIncomeRatio": 0.0674536256,
        "totalOtherIncomeExpensesNet": -20000000,
        "incomeBeforeTax": 20000000,
        "incomeBeforeTaxRatio": 0.0337268128,
        "incomeTaxExpense": -3000000,
        "netIncome": 23000000,
        "netIncomeRatio": 0.0387858347,
        "eps": 0.14,
        "epsdiluted": 0.14,
        "weightedAverageShsOut": 165486594,
        "weightedAverageShsOutDil": 165753877,
        "link": "https://www.sec.gov/Archives/edgar/data/1468174/000146817412000015/0001468174-12-000015-index.htm",
        "finalLink": "https://www.sec.gov/Archives/edgar/data/1468174/000146817412000015/hq393012.htm"
    },
    {
        "date": "2012-06-30",
        "symbol": "H",
        "reportedCurrency": "USD",
        "cik": "0001468174",
        "fillingDate": "2012-08-01",
        "acceptedDate": "2012-08-01 14:42:18",
        "calendarYear": "2012",
        "period": "Q2",
        "revenue": 1014000000,
        "costOfRevenue": 775000000,
        "grossProfit": 239000000,
        "grossProfitRatio": 0.2357001972,
        "researchAndDevelopmentExpenses": 0,
        "generalAndAdministrativeExpenses": 70000000,
        "sellingAndMarketingExpenses": 7000000,
        "sellingGeneralAndAdministrativeExpenses": 70000000,
        "otherExpenses": 96000000,
        "operatingExpenses": 166000000,
        "costAndExpenses": 941000000,
        "interestIncome": 6000000,
        "interestExpense": 17000000,
        "depreciationAndAmortization": 89000000,
        "ebitda": 163000000,
        "ebitdaratio": 0.1607495069,
        "operatingIncome": 73000000,
        "operatingIncomeRatio": 0.0719921105,
        "totalOtherIncomeExpensesNet": -16000000,
        "incomeBeforeTax": 57000000,
        "incomeBeforeTaxRatio": 0.0562130178,
        "incomeTaxExpense": 18000000,
        "netIncome": 39000000,
        "netIncomeRatio": 0.0384615385,
        "eps": 0.24,
        "epsdiluted": 0.24,
        "weightedAverageShsOut": 165854130,
        "weightedAverageShsOutDil": 165970572,
        "link": "https://www.sec.gov/Archives/edgar/data/1468174/000146817412000010/0001468174-12-000010-index.htm",
        "finalLink": "https://www.sec.gov/Archives/edgar/data/1468174/000146817412000010/hq263012.htm"
    },
    {
        "date": "2012-03-31",
        "symbol": "H",
        "reportedCurrency": "USD",
        "cik": "0001468174",
        "fillingDate": "2012-05-03",
        "acceptedDate": "2012-05-03 13:25:12",
        "calendarYear": "2012",
        "period": "Q1",
        "revenue": 958000000,
        "costOfRevenue": 772000000,
        "grossProfit": 186000000,
        "grossProfitRatio": 0.1941544885,
        "researchAndDevelopmentExpenses": 0,
        "generalAndAdministrativeExpenses": 93000000,
        "sellingAndMarketingExpenses": 0,
        "sellingGeneralAndAdministrativeExpenses": 93000000,
        "otherExpenses": 86000000,
        "operatingExpenses": 179000000,
        "costAndExpenses": 951000000,
        "interestIncome": 5000000,
        "interestExpense": 18000000,
        "depreciationAndAmortization": 86000000,
        "ebitda": 118000000,
        "ebitdaratio": 0.1231732777,
        "operatingIncome": 7000000,
        "operatingIncomeRatio": 0.0073068894,
        "totalOtherIncomeExpensesNet": 7000000,
        "incomeBeforeTax": 14000000,
        "incomeBeforeTaxRatio": 0.0146137787,
        "incomeTaxExpense": 4000000,
        "netIncome": 10000000,
        "netIncomeRatio": 0.0104384134,
        "eps": 0.06,
        "epsdiluted": 0.06,
        "weightedAverageShsOut": 165525076,
        "weightedAverageShsOutDil": 166016451,
        "link": "https://www.sec.gov/Archives/edgar/data/1468174/000146817412000007/0001468174-12-000007-index.htm",
        "finalLink": "https://www.sec.gov/Archives/edgar/data/1468174/000146817412000007/hq133112.htm"
    },
    {
        "date": "2011-12-31",
        "symbol": "H",
        "reportedCurrency": "USD",
        "cik": "0001468174",
        "fillingDate": "2012-02-16",
        "acceptedDate": "2012-02-16 13:54:08",
        "calendarYear": "2011",
        "period": "Q4",
        "revenue": 990000000,
        "costOfRevenue": 791000000,
        "grossProfit": 199000000,
        "grossProfitRatio": 0.201010101,
        "researchAndDevelopmentExpenses": 0,
        "generalAndAdministrativeExpenses": 84000000,
        "sellingAndMarketingExpenses": 0,
        "sellingGeneralAndAdministrativeExpenses": 84000000,
        "otherExpenses": 87000000,
        "operatingExpenses": 171000000,
        "costAndExpenses": 962000000,
        "interestIncome": -17000000,
        "interestExpense": 15000000,
        "depreciationAndAmortization": 87000000,
        "ebitda": -6000000,
        "ebitdaratio": -0.0060606061,
        "operatingIncome": 28000000,
        "operatingIncomeRatio": 0.0282828283,
        "totalOtherIncomeExpensesNet": -4000000,
        "incomeBeforeTax": 24000000,
        "incomeBeforeTaxRatio": 0.0242424242,
        "incomeTaxExpense": -28000000,
        "netIncome": 52000000,
        "netIncomeRatio": 0.0525252525,
        "eps": 0.31,
        "epsdiluted": 0.31,
        "weightedAverageShsOut": 165500000,
        "weightedAverageShsOutDil": 165700000,
        "link": "https://www.sec.gov/Archives/edgar/data/1468174/000119312512065060/0001193125-12-065060-index.htm",
        "finalLink": "https://www.sec.gov/Archives/edgar/data/1468174/000119312512065060/d288709d10k.htm"
    },
    {
        "date": "2011-09-30",
        "symbol": "H",
        "reportedCurrency": "USD",
        "cik": "0001468174",
        "fillingDate": "2011-11-02",
        "acceptedDate": "2011-11-02 15:51:39",
        "calendarYear": "2011",
        "period": "Q3",
        "revenue": 897000000,
        "costOfRevenue": 711000000,
        "grossProfit": 186000000,
        "grossProfitRatio": 0.2073578595,
        "researchAndDevelopmentExpenses": 0,
        "generalAndAdministrativeExpenses": 58000000,
        "sellingAndMarketingExpenses": 0,
        "sellingGeneralAndAdministrativeExpenses": 58000000,
        "otherExpenses": 75000000,
        "operatingExpenses": 133000000,
        "costAndExpenses": 844000000,
        "interestIncome": 6000000,
        "interestExpense": 15000000,
        "depreciationAndAmortization": 75000000,
        "ebitda": 126000000,
        "ebitdaratio": 0.1404682274,
        "operatingIncome": 53000000,
        "operatingIncomeRatio": 0.0590858417,
        "totalOtherIncomeExpensesNet": -45000000,
        "incomeBeforeTax": 8000000,
        "incomeBeforeTaxRatio": 0.0089186176,
        "incomeTaxExpense": -5000000,
        "netIncome": 14000000,
        "netIncomeRatio": 0.0156075808,
        "eps": 0.08,
        "epsdiluted": 0.08,
        "weightedAverageShsOut": 165499634,
        "weightedAverageShsOutDil": 165644344,
        "link": "https://www.sec.gov/Archives/edgar/data/1468174/000144530511003172/0001445305-11-003172-index.htm",
        "finalLink": "https://www.sec.gov/Archives/edgar/data/1468174/000144530511003172/hq393011.htm"
    },
    {
        "date": "2011-06-30",
        "symbol": "H",
        "reportedCurrency": "USD",
        "cik": "0001468174",
        "fillingDate": "2011-08-02",
        "acceptedDate": "2011-08-02 15:22:03",
        "calendarYear": "2011",
        "period": "Q2",
        "revenue": 936000000,
        "costOfRevenue": 738000000,
        "grossProfit": 198000000,
        "grossProfitRatio": 0.2115384615,
        "researchAndDevelopmentExpenses": 0,
        "generalAndAdministrativeExpenses": 71000000,
        "sellingAndMarketingExpenses": 0,
        "sellingGeneralAndAdministrativeExpenses": 71000000,
        "otherExpenses": 72000000,
        "operatingExpenses": 143000000,
        "costAndExpenses": 881000000,
        "interestIncome": 6000000,
        "interestExpense": 14000000,
        "depreciationAndAmortization": 72000000,
        "ebitda": 121000000,
        "ebitdaratio": 0.1292735043,
        "operatingIncome": 55000000,
        "operatingIncomeRatio": 0.0587606838,
        "totalOtherIncomeExpensesNet": -20000000,
        "incomeBeforeTax": 35000000,
        "incomeBeforeTaxRatio": 0.0373931624,
        "incomeTaxExpense": -1000000,
        "netIncome": 37000000,
        "netIncomeRatio": 0.0395299145,
        "eps": 0.22,
        "epsdiluted": 0.22,
        "weightedAverageShsOut": 169907013,
        "weightedAverageShsOutDil": 170138728,
        "link": "https://www.sec.gov/Archives/edgar/data/1468174/000119312511206229/0001193125-11-206229-index.htm",
        "finalLink": "https://www.sec.gov/Archives/edgar/data/1468174/000119312511206229/d10q.htm"
    },
    {
        "date": "2011-03-31",
        "symbol": "H",
        "reportedCurrency": "USD",
        "cik": "0001468174",
        "fillingDate": "2011-05-03",
        "acceptedDate": "2011-05-03 15:30:40",
        "calendarYear": "2011",
        "period": "Q1",
        "revenue": 875000000,
        "costOfRevenue": 717000000,
        "grossProfit": 158000000,
        "grossProfitRatio": 0.1805714286,
        "researchAndDevelopmentExpenses": 0,
        "generalAndAdministrativeExpenses": 70000000,
        "sellingAndMarketingExpenses": 0,
        "sellingGeneralAndAdministrativeExpenses": 70000000,
        "otherExpenses": 71000000,
        "operatingExpenses": 141000000,
        "costAndExpenses": 858000000,
        "interestIncome": 5000000,
        "interestExpense": 13000000,
        "depreciationAndAmortization": 71000000,
        "ebitda": 100000000,
        "ebitdaratio": 0.1142857143,
        "operatingIncome": 17000000,
        "operatingIncomeRatio": 0.0194285714,
        "totalOtherIncomeExpensesNet": -1000000,
        "incomeBeforeTax": 16000000,
        "incomeBeforeTaxRatio": 0.0182857143,
        "incomeTaxExpense": 6000000,
        "netIncome": 10000000,
        "netIncomeRatio": 0.0114285714,
        "eps": 0.06,
        "epsdiluted": 0.06,
        "weightedAverageShsOut": 174228122,
        "weightedAverageShsOutDil": 174503079,
        "link": "https://www.sec.gov/Archives/edgar/data/1468174/000119312511123779/0001193125-11-123779-index.htm",
        "finalLink": "https://www.sec.gov/Archives/edgar/data/1468174/000119312511123779/d10q.htm"
    },
    {
        "date": "2010-12-31",
        "symbol": "H",
        "reportedCurrency": "USD",
        "cik": "0001468174",
        "fillingDate": "2011-02-17",
        "acceptedDate": "2011-02-17 14:05:43",
        "calendarYear": "2010",
        "period": "Q4",
        "revenue": 918000000,
        "costOfRevenue": 746000000,
        "grossProfit": 172000000,
        "grossProfitRatio": 0.1873638344,
        "researchAndDevelopmentExpenses": 0,
        "generalAndAdministrativeExpenses": 81000000,
        "sellingAndMarketingExpenses": 0,
        "sellingGeneralAndAdministrativeExpenses": 81000000,
        "otherExpenses": 75000000,
        "operatingExpenses": 156000000,
        "costAndExpenses": 902000000,
        "interestIncome": 0,
        "interestExpense": 14000000,
        "depreciationAndAmortization": 75000000,
        "ebitda": 88000000,
        "ebitdaratio": 0.0958605664,
        "operatingIncome": 16000000,
        "operatingIncomeRatio": 0.0174291939,
        "totalOtherIncomeExpensesNet": -17000000,
        "incomeBeforeTax": -1000000,
        "incomeBeforeTaxRatio": -0.0010893246,
        "incomeTaxExpense": 3000000,
        "netIncome": 6000000,
        "netIncomeRatio": 0.0065359477,
        "eps": 0.0344,
        "epsdiluted": 0.0344,
        "weightedAverageShsOut": 174228122,
        "weightedAverageShsOutDil": 174228122,
        "link": "https://www.sec.gov/Archives/edgar/data/1468174/000119312511038921/0001193125-11-038921-index.htm",
        "finalLink": "https://www.sec.gov/Archives/edgar/data/1468174/000119312511038921/d10k.htm"
    },
    {
        "date": "2010-09-30",
        "symbol": "H",
        "reportedCurrency": "USD",
        "cik": "0001468174",
        "fillingDate": "2010-11-03",
        "acceptedDate": "2010-11-03 16:51:39",
        "calendarYear": "2010",
        "period": "Q3",
        "revenue": 879000000,
        "costOfRevenue": 731000000,
        "grossProfit": 148000000,
        "grossProfitRatio": 0.1683731513,
        "researchAndDevelopmentExpenses": 0,
        "generalAndAdministrativeExpenses": 68000000,
        "sellingAndMarketingExpenses": 0,
        "sellingGeneralAndAdministrativeExpenses": 68000000,
        "otherExpenses": 68000000,
        "operatingExpenses": 136000000,
        "costAndExpenses": 867000000,
        "interestIncome": 5000000,
        "interestExpense": 16000000,
        "depreciationAndAmortization": 68000000,
        "ebitda": 76000000,
        "ebitdaratio": 0.0864618885,
        "operatingIncome": 12000000,
        "operatingIncomeRatio": 0.0136518771,
        "totalOtherIncomeExpensesNet": 34000000,
        "incomeBeforeTax": 46000000,
        "incomeBeforeTaxRatio": 0.0523321957,
        "incomeTaxExpense": 17000000,
        "netIncome": 30000000,
        "netIncomeRatio": 0.0341296928,
        "eps": 0.17,
        "epsdiluted": 0.17,
        "weightedAverageShsOut": 174149795,
        "weightedAverageShsOutDil": 174230470,
        "link": "https://www.sec.gov/Archives/edgar/data/1468174/000119312510246260/0001193125-10-246260-index.htm",
        "finalLink": "https://www.sec.gov/Archives/edgar/data/1468174/000119312510246260/d10q.htm"
    },
    {
        "date": "2010-06-30",
        "symbol": "H",
        "reportedCurrency": "USD",
        "cik": "0001468174",
        "fillingDate": "2010-08-05",
        "acceptedDate": "2010-08-05 15:53:35",
        "calendarYear": "2010",
        "period": "Q2",
        "revenue": 889000000,
        "costOfRevenue": 706000000,
        "grossProfit": 183000000,
        "grossProfitRatio": 0.2058492688,
        "researchAndDevelopmentExpenses": 0,
        "generalAndAdministrativeExpenses": 58000000,
        "sellingAndMarketingExpenses": 0,
        "sellingGeneralAndAdministrativeExpenses": 58000000,
        "otherExpenses": 66000000,
        "operatingExpenses": 124000000,
        "costAndExpenses": 830000000,
        "interestIncome": 5000000,
        "interestExpense": 12000000,
        "depreciationAndAmortization": 66000000,
        "ebitda": 97000000,
        "ebitdaratio": 0.1091113611,
        "operatingIncome": 59000000,
        "operatingIncomeRatio": 0.0663667042,
        "totalOtherIncomeExpensesNet": -40000000,
        "incomeBeforeTax": 19000000,
        "incomeBeforeTaxRatio": 0.0213723285,
        "incomeTaxExpense": 0,
        "netIncome": 25000000,
        "netIncomeRatio": 0.0281214848,
        "eps": 0.14,
        "epsdiluted": 0.14,
        "weightedAverageShsOut": 174118518,
        "weightedAverageShsOutDil": 174257957,
        "link": "https://www.sec.gov/Archives/edgar/data/1468174/000119312510179280/0001193125-10-179280-index.htm",
        "finalLink": "https://www.sec.gov/Archives/edgar/data/1468174/000119312510179280/d10q.htm"
    },
    {
        "date": "2010-03-31",
        "symbol": "H",
        "reportedCurrency": "USD",
        "cik": "0001468174",
        "fillingDate": "2010-05-06",
        "acceptedDate": "2010-05-06 17:04:36",
        "calendarYear": "2010",
        "period": "Q1",
        "revenue": 841000000,
        "costOfRevenue": 681000000,
        "grossProfit": 160000000,
        "grossProfitRatio": 0.1902497027,
        "researchAndDevelopmentExpenses": 0,
        "generalAndAdministrativeExpenses": 69000000,
        "sellingAndMarketingExpenses": 0,
        "sellingGeneralAndAdministrativeExpenses": 69000000,
        "otherExpenses": 70000000,
        "operatingExpenses": 139000000,
        "costAndExpenses": 820000000,
        "interestIncome": 5000000,
        "interestExpense": 12000000,
        "depreciationAndAmortization": 70000000,
        "ebitda": 83000000,
        "ebitdaratio": 0.0986920333,
        "operatingIncome": 21000000,
        "operatingIncomeRatio": 0.0249702735,
        "totalOtherIncomeExpensesNet": 3000000,
        "incomeBeforeTax": 24000000,
        "incomeBeforeTaxRatio": 0.0285374554,
        "incomeTaxExpense": 17000000,
        "netIncome": 5000000,
        "netIncomeRatio": 0.0059453032,
        "eps": 0.03,
        "epsdiluted": 0.03,
        "weightedAverageShsOut": 173963792,
        "weightedAverageShsOutDil": 174003970,
        "link": "https://www.sec.gov/Archives/edgar/data/1468174/000119312510111091/0001193125-10-111091-index.htm",
        "finalLink": "https://www.sec.gov/Archives/edgar/data/1468174/000119312510111091/d10q.htm"
    },
    {
        "date": "2009-12-31",
        "symbol": "H",
        "reportedCurrency": "USD",
        "cik": "0001468174",
        "fillingDate": "2010-02-25",
        "acceptedDate": "2010-02-25 17:23:48",
        "calendarYear": "2009",
        "period": "Q4",
        "revenue": 889000000,
        "costOfRevenue": 735000000,
        "grossProfit": 154000000,
        "grossProfitRatio": 0.1732283465,
        "researchAndDevelopmentExpenses": 0,
        "generalAndAdministrativeExpenses": 0,
        "sellingAndMarketingExpenses": 0,
        "sellingGeneralAndAdministrativeExpenses": 73000000,
        "otherExpenses": 71000000,
        "operatingExpenses": 144000000,
        "costAndExpenses": 879000000,
        "interestIncome": 0,
        "interestExpense": 14000000,
        "depreciationAndAmortization": 71000000,
        "ebitda": 75000000,
        "ebitdaratio": 0.0843644544,
        "operatingIncome": 10000000,
        "operatingIncomeRatio": 0.0112485939,
        "totalOtherIncomeExpensesNet": -23000000,
        "incomeBeforeTax": -10000000,
        "incomeBeforeTaxRatio": -0.0112485939,
        "incomeTaxExpense": 3000000,
        "netIncome": -12000000,
        "netIncomeRatio": -0.0134983127,
        "eps": -0.0714,
        "epsdiluted": -0.0714,
        "weightedAverageShsOut": 168184196,
        "weightedAverageShsOutDil": 168184196,
        "link": "https://www.sec.gov/Archives/edgar/data/1468174/000119312510040935/0001193125-10-040935-index.htm",
        "finalLink": "https://www.sec.gov/Archives/edgar/data/1468174/000119312510040935/d10k.htm"
    },
    {
        "date": "2009-09-30",
        "symbol": "H",
        "reportedCurrency": "USD",
        "cik": "0001468174",
        "fillingDate": "2009-09-30",
        "acceptedDate": "2009-09-29 20:00:00",
        "calendarYear": "2009",
        "period": "Q3",
        "revenue": 806000000,
        "costOfRevenue": 677000000,
        "grossProfit": 129000000,
        "grossProfitRatio": 0.1600496278,
        "researchAndDevelopmentExpenses": 0,
        "generalAndAdministrativeExpenses": 0,
        "sellingAndMarketingExpenses": 0,
        "sellingGeneralAndAdministrativeExpenses": 66000000,
        "otherExpenses": 68000000,
        "operatingExpenses": 134000000,
        "costAndExpenses": 811000000,
        "interestIncome": 0,
        "interestExpense": 15000000,
        "depreciationAndAmortization": 69000000,
        "ebitda": 66000000,
        "ebitdaratio": 0.0818858561,
        "operatingIncome": -5000000,
        "operatingIncomeRatio": -0.0062034739,
        "totalOtherIncomeExpensesNet": 13000000,
        "incomeBeforeTax": 8000000,
        "incomeBeforeTaxRatio": 0.0099255583,
        "incomeTaxExpense": 2000000,
        "netIncome": 5000000,
        "netIncomeRatio": 0.0062034739,
        "eps": 0.03,
        "epsdiluted": 0.03,
        "weightedAverageShsOut": 168184196,
        "weightedAverageShsOutDil": 168194482,
        "link": "",
        "finalLink": ""
    },
    {
        "date": "2009-06-30",
        "symbol": "H",
        "reportedCurrency": "USD",
        "cik": "0001468174",
        "fillingDate": "2009-06-30",
        "acceptedDate": "2009-06-29 20:00:00",
        "calendarYear": "2009",
        "period": "Q2",
        "revenue": 847000000,
        "costOfRevenue": 689000000,
        "grossProfit": 158000000,
        "grossProfitRatio": 0.186540732,
        "researchAndDevelopmentExpenses": 0,
        "generalAndAdministrativeExpenses": 0,
        "sellingAndMarketingExpenses": 0,
        "sellingGeneralAndAdministrativeExpenses": 69000000,
        "otherExpenses": 65000000,
        "operatingExpenses": 134000000,
        "costAndExpenses": 823000000,
        "interestIncome": 0,
        "interestExpense": 11000000,
        "depreciationAndAmortization": 65000000,
        "ebitda": 78000000,
        "ebitdaratio": 0.0920897285,
        "operatingIncome": 24000000,
        "operatingIncomeRatio": 0.0283353011,
        "totalOtherIncomeExpensesNet": -97000000,
        "incomeBeforeTax": -73000000,
        "incomeBeforeTaxRatio": -0.0861865407,
        "incomeTaxExpense": -25000000,
        "netIncome": -50000000,
        "netIncomeRatio": -0.0590318772,
        "eps": -0.34,
        "epsdiluted": -0.34,
        "weightedAverageShsOut": 145602119,
        "weightedAverageShsOutDil": 145602119,
        "link": "",
        "finalLink": ""
    },
    {
        "date": "2009-03-31",
        "symbol": "H",
        "reportedCurrency": "USD",
        "cik": "0001468174",
        "fillingDate": "2009-03-31",
        "acceptedDate": "2009-03-30 20:00:00",
        "calendarYear": "2009",
        "period": "Q1",
        "revenue": 789000000,
        "costOfRevenue": 650000000,
        "grossProfit": 139000000,
        "grossProfitRatio": 0.1761723701,
        "researchAndDevelopmentExpenses": 0,
        "generalAndAdministrativeExpenses": 0,
        "sellingAndMarketingExpenses": 0,
        "sellingGeneralAndAdministrativeExpenses": 53000000,
        "otherExpenses": 65000000,
        "operatingExpenses": 118000000,
        "costAndExpenses": 768000000,
        "interestIncome": 0,
        "interestExpense": 16000000,
        "depreciationAndAmortization": 65000000,
        "ebitda": 84000000,
        "ebitdaratio": 0.1064638783,
        "operatingIncome": 21000000,
        "operatingIncomeRatio": 0.0266159696,
        "totalOtherIncomeExpensesNet": 4000000,
        "incomeBeforeTax": 25000000,
        "incomeBeforeTaxRatio": 0.0316856781,
        "incomeTaxExpense": 12000000,
        "netIncome": 12000000,
        "netIncomeRatio": 0.0152091255,
        "eps": 0.11,
        "epsdiluted": 0.11,
        "weightedAverageShsOut": 128086698,
        "weightedAverageShsOutDil": 128180193,
        "link": "",
        "finalLink": ""
    },
    {
        "date": "2008-12-31",
        "symbol": "H",
        "reportedCurrency": "USD",
        "cik": "0001468174",
        "fillingDate": "2008-12-31",
        "acceptedDate": "2008-12-30 19:00:00",
        "calendarYear": "2008",
        "period": "Q4",
        "revenue": 886000000,
        "costOfRevenue": 713000000,
        "grossProfit": 173000000,
        "grossProfitRatio": 0.1952595937,
        "researchAndDevelopmentExpenses": 0,
        "generalAndAdministrativeExpenses": 0,
        "sellingAndMarketingExpenses": 0,
        "sellingGeneralAndAdministrativeExpenses": 97000000,
        "otherExpenses": 62000000,
        "operatingExpenses": 159000000,
        "costAndExpenses": 872000000,
        "interestIncome": 0,
        "interestExpense": 24000000,
        "depreciationAndAmortization": 62000000,
        "ebitda": 60000000,
        "ebitdaratio": 0.0677200903,
        "operatingIncome": 14000000,
        "operatingIncomeRatio": 0.0158013544,
        "totalOtherIncomeExpensesNet": -185000000,
        "incomeBeforeTax": -171000000,
        "incomeBeforeTaxRatio": -0.1930022573,
        "incomeTaxExpense": -28000000,
        "netIncome": -140000000,
        "netIncomeRatio": -0.158013544,
        "eps": -1.09,
        "epsdiluted": -1.09,
        "weightedAverageShsOut": 128055537,
        "weightedAverageShsOutDil": 128086698,
        "link": "",
        "finalLink": ""
    },
    {
        "date": "2008-09-30",
        "symbol": "H",
        "reportedCurrency": "USD",
        "cik": "0001468174",
        "fillingDate": "2008-09-30",
        "acceptedDate": "2008-09-29 20:00:00",
        "calendarYear": "2008",
        "period": "Q3",
        "revenue": 942000000,
        "costOfRevenue": 725000000,
        "grossProfit": 217000000,
        "grossProfitRatio": 0.2303609342,
        "researchAndDevelopmentExpenses": 0,
        "generalAndAdministrativeExpenses": 0,
        "sellingAndMarketingExpenses": 0,
        "sellingGeneralAndAdministrativeExpenses": 55000000,
        "otherExpenses": 62000000,
        "operatingExpenses": 117000000,
        "costAndExpenses": 842000000,
        "interestIncome": 0,
        "interestExpense": 23000000,
        "depreciationAndAmortization": 62000000,
        "ebitda": 178000000,
        "ebitdaratio": 0.1889596603,
        "operatingIncome": 100000000,
        "operatingIncomeRatio": 0.1061571125,
        "totalOtherIncomeExpensesNet": -7000000,
        "incomeBeforeTax": 93000000,
        "incomeBeforeTaxRatio": 0.0987261146,
        "incomeTaxExpense": 11000000,
        "netIncome": 137000000,
        "netIncomeRatio": 0.1454352442,
        "eps": 1.07,
        "epsdiluted": 1.07,
        "weightedAverageShsOut": 128086698,
        "weightedAverageShsOutDil": 128086698,
        "link": "",
        "finalLink": ""
    }
]