[
    {
        "date": "2025-06-28",
        "symbol": "HBI",
        "reportedCurrency": "USD",
        "cik": "0001359841",
        "fillingDate": "2025-08-07",
        "acceptedDate": "2025-08-07 14:07:07",
        "calendarYear": "2025",
        "period": "Q2",
        "revenue": 991325000,
        "costOfRevenue": 579400000,
        "grossProfit": 411925000,
        "grossProfitRatio": 0.4155297203,
        "researchAndDevelopmentExpenses": 0,
        "generalAndAdministrativeExpenses": 0,
        "sellingAndMarketingExpenses": 0,
        "sellingGeneralAndAdministrativeExpenses": 257267000,
        "otherExpenses": 0,
        "operatingExpenses": 257267000,
        "costAndExpenses": 836667000,
        "interestIncome": 0,
        "interestExpense": 47536000,
        "depreciationAndAmortization": 10143000,
        "ebitda": 155778000,
        "ebitdaratio": 0.1571411999,
        "operatingIncome": 154658000,
        "operatingIncomeRatio": 0.1560113989,
        "totalOtherIncomeExpensesNet": -56559000,
        "incomeBeforeTax": 98099000,
        "incomeBeforeTaxRatio": 0.0989574559,
        "incomeTaxExpense": 12606000,
        "netIncome": 81611000,
        "netIncomeRatio": 0.0823251709,
        "eps": 0.23,
        "epsdiluted": 0.23,
        "weightedAverageShsOut": 354091000,
        "weightedAverageShsOutDil": 356179000,
        "link": "https://www.sec.gov/Archives/edgar/data/1359841/000135984125000031/0001359841-25-000031-index.htm",
        "finalLink": "https://www.sec.gov/Archives/edgar/data/1359841/000135984125000031/hbi-20250628.htm"
    },
    {
        "date": "2025-03-29",
        "symbol": "HBI",
        "reportedCurrency": "USD",
        "cik": "0001359841",
        "fillingDate": "2025-05-08",
        "acceptedDate": "2025-05-08 14:16:33",
        "calendarYear": "2025",
        "period": "Q1",
        "revenue": 760148000,
        "costOfRevenue": 443448000,
        "grossProfit": 316700000,
        "grossProfitRatio": 0.4166293932,
        "researchAndDevelopmentExpenses": 0,
        "generalAndAdministrativeExpenses": 0,
        "sellingAndMarketingExpenses": 0,
        "sellingGeneralAndAdministrativeExpenses": 236792000,
        "otherExpenses": 0,
        "operatingExpenses": 236792000,
        "costAndExpenses": 680240000,
        "interestIncome": 0,
        "interestExpense": 43319000,
        "depreciationAndAmortization": 10994000,
        "ebitda": 73630000,
        "ebitdaratio": 0.0968627162,
        "operatingIncome": 79908000,
        "operatingIncomeRatio": 0.1051216342,
        "totalOtherIncomeExpensesNet": -60591000,
        "incomeBeforeTax": 19317000,
        "incomeBeforeTaxRatio": 0.0254121566,
        "incomeTaxExpense": 5171000,
        "netIncome": -9456000,
        "netIncomeRatio": -0.0124396828,
        "eps": -0.0127,
        "epsdiluted": -0.0127,
        "weightedAverageShsOut": 353468000,
        "weightedAverageShsOutDil": 357068000,
        "link": "https://www.sec.gov/Archives/edgar/data/1359841/000135984125000020/0001359841-25-000020-index.htm",
        "finalLink": "https://www.sec.gov/Archives/edgar/data/1359841/000135984125000020/hbi-20250329.htm"
    },
    {
        "date": "2024-12-28",
        "symbol": "HBI",
        "reportedCurrency": "USD",
        "cik": "0001359841",
        "fillingDate": "2025-02-14",
        "acceptedDate": "2025-02-14 08:31:11",
        "calendarYear": "2024",
        "period": "Q4",
        "revenue": 796729000,
        "costOfRevenue": 444033000,
        "grossProfit": 352696000,
        "grossProfitRatio": 0.4426800079,
        "researchAndDevelopmentExpenses": 15988000,
        "generalAndAdministrativeExpenses": -190723000,
        "sellingAndMarketingExpenses": 419825000,
        "sellingGeneralAndAdministrativeExpenses": 245725000,
        "otherExpenses": -15988000,
        "operatingExpenses": 245725000,
        "costAndExpenses": 689758000,
        "interestIncome": 0,
        "interestExpense": 46390000,
        "depreciationAndAmortization": 15227000,
        "ebitda": 104276000,
        "ebitdaratio": 0.1308801362,
        "operatingIncome": 106971000,
        "operatingIncomeRatio": 0.1342627167,
        "totalOtherIncomeExpensesNet": -64312000,
        "incomeBeforeTax": 42659000,
        "incomeBeforeTaxRatio": 0.0535426726,
        "incomeTaxExpense": 5878000,
        "netIncome": -12880000,
        "netIncomeRatio": -0.0161660991,
        "eps": -0.0366,
        "epsdiluted": -0.0366,
        "weightedAverageShsOut": 352881000,
        "weightedAverageShsOutDil": 356851000,
        "link": "https://www.sec.gov/Archives/edgar/data/1359841/000135984125000008/0001359841-25-000008-index.htm",
        "finalLink": "https://www.sec.gov/Archives/edgar/data/1359841/000135984125000008/hbi-20241228.htm"
    },
    {
        "date": "2024-09-28",
        "symbol": "HBI",
        "reportedCurrency": "USD",
        "cik": "0001359841",
        "fillingDate": "2024-11-07",
        "acceptedDate": "2024-11-07 15:21:00",
        "calendarYear": "2024",
        "period": "Q3",
        "revenue": 937103000,
        "costOfRevenue": 546663000,
        "grossProfit": 390440000,
        "grossProfitRatio": 0.4166457689,
        "researchAndDevelopmentExpenses": 0,
        "generalAndAdministrativeExpenses": 0,
        "sellingAndMarketingExpenses": 0,
        "sellingGeneralAndAdministrativeExpenses": 287442000,
        "otherExpenses": 0,
        "operatingExpenses": 287442000,
        "costAndExpenses": 834105000,
        "interestIncome": 0,
        "interestExpense": 48606000,
        "depreciationAndAmortization": 22449000,
        "ebitda": 115942000,
        "ebitdaratio": 0.1237238596,
        "operatingIncome": 102998000,
        "operatingIncomeRatio": 0.109911077,
        "totalOtherIncomeExpensesNet": -58111000,
        "incomeBeforeTax": 44887000,
        "incomeBeforeTaxRatio": 0.0478997506,
        "incomeTaxExpense": 12508000,
        "netIncome": 29951000,
        "netIncomeRatio": 0.0319612679,
        "eps": 0.0851,
        "epsdiluted": 0.0844,
        "weightedAverageShsOut": 352107000,
        "weightedAverageShsOutDil": 354839000,
        "link": "https://www.sec.gov/Archives/edgar/data/1359841/000135984124000046/0001359841-24-000046-index.htm",
        "finalLink": "https://www.sec.gov/Archives/edgar/data/1359841/000135984124000046/hbi-20240928.htm"
    },
    {
        "date": "2024-06-29",
        "symbol": "HBI",
        "reportedCurrency": "USD",
        "cik": "0001359841",
        "fillingDate": "2024-08-08",
        "acceptedDate": "2024-08-08 16:25:02",
        "calendarYear": "2024",
        "period": "Q2",
        "revenue": 995393000,
        "costOfRevenue": 688320000,
        "grossProfit": 307073000,
        "grossProfitRatio": 0.3084942329,
        "researchAndDevelopmentExpenses": 0,
        "generalAndAdministrativeExpenses": 0,
        "sellingAndMarketingExpenses": 0,
        "sellingGeneralAndAdministrativeExpenses": 370202000,
        "otherExpenses": 0,
        "operatingExpenses": 370202000,
        "costAndExpenses": 1058522000,
        "interestIncome": 0,
        "interestExpense": 50299000,
        "depreciationAndAmortization": 29303000,
        "ebitda": -44611000,
        "ebitdaratio": -0.0448174741,
        "operatingIncome": -63129000,
        "operatingIncomeRatio": -0.0634211814,
        "totalOtherIncomeExpensesNet": -61084000,
        "incomeBeforeTax": -124213000,
        "incomeBeforeTaxRatio": -0.1247878978,
        "incomeTaxExpense": 12332000,
        "netIncome": -298380000,
        "netIncomeRatio": -0.2997609989,
        "eps": -0.85,
        "epsdiluted": -0.85,
        "weightedAverageShsOut": 351990000,
        "weightedAverageShsOutDil": 351990000,
        "link": "https://www.sec.gov/Archives/edgar/data/1359841/000135984124000037/0001359841-24-000037-index.htm",
        "finalLink": "https://www.sec.gov/Archives/edgar/data/1359841/000135984124000037/hbi-20240629.htm"
    },
    {
        "date": "2024-03-30",
        "symbol": "HBI",
        "reportedCurrency": "USD",
        "cik": "0001359841",
        "fillingDate": "2024-05-09",
        "acceptedDate": "2024-05-09 15:02:55",
        "calendarYear": "2024",
        "period": "Q1",
        "revenue": 744675000,
        "costOfRevenue": 447242000,
        "grossProfit": 297433000,
        "grossProfitRatio": 0.3994131668,
        "researchAndDevelopmentExpenses": 0,
        "generalAndAdministrativeExpenses": 0,
        "sellingAndMarketingExpenses": 0,
        "sellingGeneralAndAdministrativeExpenses": 262019000,
        "otherExpenses": 0,
        "operatingExpenses": 262019000,
        "costAndExpenses": 709261000,
        "interestIncome": 0,
        "interestExpense": 50583000,
        "depreciationAndAmortization": 25076000,
        "ebitda": 51428000,
        "ebitdaratio": 0.0690609998,
        "operatingIncome": 35414000,
        "operatingIncomeRatio": 0.0475563165,
        "totalOtherIncomeExpensesNet": -59645000,
        "incomeBeforeTax": -24231000,
        "incomeBeforeTaxRatio": -0.0325390271,
        "incomeTaxExpense": 8571000,
        "netIncome": -39122000,
        "netIncomeRatio": -0.0525356699,
        "eps": -0.11,
        "epsdiluted": -0.11,
        "weightedAverageShsOut": 351576000,
        "weightedAverageShsOutDil": 351576000,
        "link": "https://www.sec.gov/Archives/edgar/data/1359841/000135984124000023/0001359841-24-000023-index.htm",
        "finalLink": "https://www.sec.gov/Archives/edgar/data/1359841/000135984124000023/hbi-20240330.htm"
    },
    {
        "date": "2023-12-30",
        "symbol": "HBI",
        "reportedCurrency": "USD",
        "cik": "0001359841",
        "fillingDate": "2024-02-16",
        "acceptedDate": "2024-02-16 10:16:43",
        "calendarYear": "2023",
        "period": "Q4",
        "revenue": 1296827000,
        "costOfRevenue": 803158000,
        "grossProfit": 493669000,
        "grossProfitRatio": 0.3806745233,
        "researchAndDevelopmentExpenses": 18360000,
        "generalAndAdministrativeExpenses": 0,
        "sellingAndMarketingExpenses": 381242000,
        "sellingGeneralAndAdministrativeExpenses": 397572000,
        "otherExpenses": -18360000,
        "operatingExpenses": 397572000,
        "costAndExpenses": 1200730000,
        "interestIncome": 0,
        "interestExpense": 69688000,
        "depreciationAndAmortization": 26457000,
        "ebitda": 115179000,
        "ebitdaratio": 0.0888160102,
        "operatingIncome": 96097000,
        "operatingIncomeRatio": 0.0741016342,
        "totalOtherIncomeExpensesNet": -77063000,
        "incomeBeforeTax": 19034000,
        "incomeBeforeTaxRatio": 0.0146773625,
        "incomeTaxExpense": -58907000,
        "netIncome": 77941000,
        "netIncomeRatio": 0.0601013088,
        "eps": 0.22,
        "epsdiluted": 0.22,
        "weightedAverageShsOut": 350765000,
        "weightedAverageShsOutDil": 351566000,
        "link": "https://www.sec.gov/Archives/edgar/data/1359841/000135984124000010/0001359841-24-000010-index.htm",
        "finalLink": "https://www.sec.gov/Archives/edgar/data/1359841/000135984124000010/hbi-20231230.htm"
    },
    {
        "date": "2023-09-30",
        "symbol": "HBI",
        "reportedCurrency": "USD",
        "cik": "0001359841",
        "fillingDate": "2023-11-09",
        "acceptedDate": "2023-11-09 17:18:36",
        "calendarYear": "2023",
        "period": "Q3",
        "revenue": 961294000,
        "costOfRevenue": 611513000,
        "grossProfit": 349781000,
        "grossProfitRatio": 0.363864749,
        "researchAndDevelopmentExpenses": 0,
        "generalAndAdministrativeExpenses": 0,
        "sellingAndMarketingExpenses": 0,
        "sellingGeneralAndAdministrativeExpenses": 268751000,
        "otherExpenses": 0,
        "operatingExpenses": 268751000,
        "costAndExpenses": 880264000,
        "interestIncome": 0,
        "interestExpense": 56648000,
        "depreciationAndAmortization": 28134000,
        "ebitda": 100085000,
        "ebitdaratio": 0.1041148702,
        "operatingIncome": 81030000,
        "operatingIncomeRatio": 0.0842926306,
        "totalOtherIncomeExpensesNet": -65727000,
        "incomeBeforeTax": 15303000,
        "incomeBeforeTaxRatio": 0.0159191673,
        "incomeTaxExpense": 21280000,
        "netIncome": -38799000,
        "netIncomeRatio": -0.0403612214,
        "eps": -0.11,
        "epsdiluted": -0.11,
        "weightedAverageShsOut": 350667000,
        "weightedAverageShsOutDil": 350667000,
        "link": "https://www.sec.gov/Archives/edgar/data/1359841/000135984123000049/0001359841-23-000049-index.htm",
        "finalLink": "https://www.sec.gov/Archives/edgar/data/1359841/000135984123000049/hbi-20230930.htm"
    },
    {
        "date": "2023-07-01",
        "symbol": "HBI",
        "reportedCurrency": "USD",
        "cik": "0001359841",
        "fillingDate": "2023-08-10",
        "acceptedDate": "2023-08-10 15:07:56",
        "calendarYear": "2023",
        "period": "Q2",
        "revenue": 1035004000,
        "costOfRevenue": 678211000,
        "grossProfit": 356793000,
        "grossProfitRatio": 0.344726204,
        "researchAndDevelopmentExpenses": 0,
        "generalAndAdministrativeExpenses": 0,
        "sellingAndMarketingExpenses": 0,
        "sellingGeneralAndAdministrativeExpenses": 286860000,
        "otherExpenses": 0,
        "operatingExpenses": 286860000,
        "costAndExpenses": 965071000,
        "interestIncome": 0,
        "interestExpense": 58718000,
        "depreciationAndAmortization": 26095000,
        "ebitda": 88789000,
        "ebitdaratio": 0.0857861419,
        "operatingIncome": 69933000,
        "operatingIncomeRatio": 0.0675678548,
        "totalOtherIncomeExpensesNet": -65957000,
        "incomeBeforeTax": 3976000,
        "incomeBeforeTaxRatio": 0.003841531,
        "incomeTaxExpense": 12826000,
        "netIncome": -22464000,
        "netIncomeRatio": -0.0217042639,
        "eps": -0.0641,
        "epsdiluted": -0.0641,
        "weightedAverageShsOut": 350501000,
        "weightedAverageShsOutDil": 350501000,
        "link": "https://www.sec.gov/Archives/edgar/data/1359841/000135984123000041/0001359841-23-000041-index.htm",
        "finalLink": "https://www.sec.gov/Archives/edgar/data/1359841/000135984123000041/hbi-20230701.htm"
    },
    {
        "date": "2023-04-01",
        "symbol": "HBI",
        "reportedCurrency": "USD",
        "cik": "0001359841",
        "fillingDate": "2023-05-03",
        "acceptedDate": "2023-05-03 17:03:13",
        "calendarYear": "2023",
        "period": "Q1",
        "revenue": 1389410000,
        "costOfRevenue": 939717000,
        "grossProfit": 449693000,
        "grossProfitRatio": 0.3236575237,
        "researchAndDevelopmentExpenses": 0,
        "generalAndAdministrativeExpenses": 0,
        "sellingAndMarketingExpenses": 0,
        "sellingGeneralAndAdministrativeExpenses": 392374000,
        "otherExpenses": 0,
        "operatingExpenses": 392374000,
        "costAndExpenses": 1332091000,
        "interestIncome": 0,
        "interestExpense": 58452000,
        "depreciationAndAmortization": 24351000,
        "ebitda": 66899000,
        "ebitdaratio": 0.0481492144,
        "operatingIncome": 57319000,
        "operatingIncomeRatio": 0.0412542014,
        "totalOtherIncomeExpensesNet": -73223000,
        "incomeBeforeTax": -15904000,
        "incomeBeforeTaxRatio": -0.0114465852,
        "incomeTaxExpense": 18500000,
        "netIncome": -34404000,
        "netIncomeRatio": -0.0247615895,
        "eps": -0.1,
        "epsdiluted": -0.1,
        "weightedAverageShsOut": 350237500,
        "weightedAverageShsOutDil": 350435000,
        "link": "https://www.sec.gov/Archives/edgar/data/1359841/000135984123000025/0001359841-23-000025-index.htm",
        "finalLink": "https://www.sec.gov/Archives/edgar/data/1359841/000135984123000025/hbi-20230401.htm"
    },
    {
        "date": "2022-12-31",
        "symbol": "HBI",
        "reportedCurrency": "USD",
        "cik": "0001359841",
        "fillingDate": "2023-02-08",
        "acceptedDate": "2023-02-07 20:32:04",
        "calendarYear": "2022",
        "period": "Q4",
        "revenue": 1473286000,
        "costOfRevenue": 971309000,
        "grossProfit": 501977000,
        "grossProfitRatio": 0.3407193172,
        "researchAndDevelopmentExpenses": 0,
        "generalAndAdministrativeExpenses": 0,
        "sellingAndMarketingExpenses": 0,
        "sellingGeneralAndAdministrativeExpenses": 441642000,
        "otherExpenses": 0,
        "operatingExpenses": 441642000,
        "costAndExpenses": 1412951000,
        "interestIncome": 0,
        "interestExpense": 49665000,
        "depreciationAndAmortization": 27961000,
        "ebitda": 84650000,
        "ebitdaratio": 0.057456597,
        "operatingIncome": 60335000,
        "operatingIncomeRatio": 0.0409526731,
        "totalOtherIncomeExpensesNet": -53311000,
        "incomeBeforeTax": 7024000,
        "incomeBeforeTaxRatio": 0.004767574,
        "incomeTaxExpense": 425132000,
        "netIncome": -418108000,
        "netIncomeRatio": -0.2837928277,
        "eps": -1.19,
        "epsdiluted": -1.19,
        "weightedAverageShsOut": 349974000,
        "weightedAverageShsOutDil": 349974000,
        "link": "https://www.sec.gov/Archives/edgar/data/1359841/000135984123000011/0001359841-23-000011-index.htm",
        "finalLink": "https://www.sec.gov/Archives/edgar/data/1359841/000135984123000011/hbi-20221231.htm"
    },
    {
        "date": "2022-10-01",
        "symbol": "HBI",
        "reportedCurrency": "USD",
        "cik": "0001359841",
        "fillingDate": "2022-11-09",
        "acceptedDate": "2022-11-09 17:19:12",
        "calendarYear": "2022",
        "period": "Q3",
        "revenue": 1670741000,
        "costOfRevenue": 1107889000,
        "grossProfit": 562852000,
        "grossProfitRatio": 0.3368876445,
        "researchAndDevelopmentExpenses": 0,
        "generalAndAdministrativeExpenses": 0,
        "sellingAndMarketingExpenses": 0,
        "sellingGeneralAndAdministrativeExpenses": 421408000,
        "otherExpenses": -3212000,
        "operatingExpenses": 421408000,
        "costAndExpenses": 1529297000,
        "interestIncome": 0,
        "interestExpense": 41721000,
        "depreciationAndAmortization": 27068000,
        "ebitda": 165300000,
        "ebitdaratio": 0.0989381358,
        "operatingIncome": 141444000,
        "operatingIncomeRatio": 0.0846594415,
        "totalOtherIncomeExpensesNet": -44933000,
        "incomeBeforeTax": 96511000,
        "incomeBeforeTaxRatio": 0.0577653867,
        "incomeTaxExpense": 16410000,
        "netIncome": 80101000,
        "netIncomeRatio": 0.0479433976,
        "eps": 0.23,
        "epsdiluted": 0.23,
        "weightedAverageShsOut": 349884000,
        "weightedAverageShsOutDil": 350316000,
        "link": "https://www.sec.gov/Archives/edgar/data/1359841/000135984122000136/0001359841-22-000136-index.htm",
        "finalLink": "https://www.sec.gov/Archives/edgar/data/1359841/000135984122000136/hbi-20221001.htm"
    },
    {
        "date": "2022-07-02",
        "symbol": "HBI",
        "reportedCurrency": "USD",
        "cik": "0001359841",
        "fillingDate": "2022-08-11",
        "acceptedDate": "2022-08-11 14:22:42",
        "calendarYear": "2022",
        "period": "Q2",
        "revenue": 1513467000,
        "costOfRevenue": 941366000,
        "grossProfit": 572101000,
        "grossProfitRatio": 0.3780069205,
        "researchAndDevelopmentExpenses": 0,
        "generalAndAdministrativeExpenses": 0,
        "sellingAndMarketingExpenses": 0,
        "sellingGeneralAndAdministrativeExpenses": 424847000,
        "otherExpenses": -1889000,
        "operatingExpenses": 424847000,
        "costAndExpenses": 1366213000,
        "interestIncome": 0,
        "interestExpense": 33724000,
        "depreciationAndAmortization": 24952000,
        "ebitda": 170317000,
        "ebitdaratio": 0.1125343334,
        "operatingIncome": 147254000,
        "operatingIncomeRatio": 0.0972958115,
        "totalOtherIncomeExpensesNet": -35613000,
        "incomeBeforeTax": 111641000,
        "incomeBeforeTaxRatio": 0.0737650705,
        "incomeTaxExpense": 18980000,
        "netIncome": 92101000,
        "netIncomeRatio": 0.0608543166,
        "eps": 0.26,
        "epsdiluted": 0.26,
        "weightedAverageShsOut": 349772000,
        "weightedAverageShsOutDil": 350303000,
        "link": "https://www.sec.gov/Archives/edgar/data/1359841/000135984122000126/0001359841-22-000126-index.htm",
        "finalLink": "https://www.sec.gov/Archives/edgar/data/1359841/000135984122000126/hbi-20220702.htm"
    },
    {
        "date": "2022-04-02",
        "symbol": "HBI",
        "reportedCurrency": "USD",
        "cik": "0001359841",
        "fillingDate": "2022-05-06",
        "acceptedDate": "2022-05-05 17:58:31",
        "calendarYear": "2022",
        "period": "Q1",
        "revenue": 1576156000,
        "costOfRevenue": 991978000,
        "grossProfit": 584178000,
        "grossProfitRatio": 0.3706346326,
        "researchAndDevelopmentExpenses": 0,
        "generalAndAdministrativeExpenses": 0,
        "sellingAndMarketingExpenses": 0,
        "sellingGeneralAndAdministrativeExpenses": 413666000,
        "otherExpenses": -987000,
        "operatingExpenses": 413666000,
        "costAndExpenses": 1405644000,
        "interestIncome": 0,
        "interestExpense": 31963000,
        "depreciationAndAmortization": 26286000,
        "ebitda": 195811000,
        "ebitdaratio": 0.1242332612,
        "operatingIncome": 170512000,
        "operatingIncomeRatio": 0.108182185,
        "totalOtherIncomeExpensesNet": -32950000,
        "incomeBeforeTax": 137562000,
        "incomeBeforeTaxRatio": 0.0872768939,
        "incomeTaxExpense": 23385000,
        "netIncome": 118702000,
        "netIncomeRatio": 0.0753110733,
        "eps": 0.34,
        "epsdiluted": 0.34,
        "weightedAverageShsOut": 350251000,
        "weightedAverageShsOutDil": 351453000,
        "link": "https://www.sec.gov/Archives/edgar/data/1359841/000135984122000112/0001359841-22-000112-index.htm",
        "finalLink": "https://www.sec.gov/Archives/edgar/data/1359841/000135984122000112/hbi-20220402.htm"
    },
    {
        "date": "2022-01-01",
        "symbol": "HBI",
        "reportedCurrency": "USD",
        "cik": "0001359841",
        "fillingDate": "2022-02-16",
        "acceptedDate": "2022-02-16 15:33:07",
        "calendarYear": "2021",
        "period": "Q4",
        "revenue": 1752349000,
        "costOfRevenue": 1084621000,
        "grossProfit": 667728000,
        "grossProfitRatio": 0.3810473827,
        "researchAndDevelopmentExpenses": 0,
        "generalAndAdministrativeExpenses": -143967000,
        "sellingAndMarketingExpenses": 656129000,
        "sellingGeneralAndAdministrativeExpenses": 512162000,
        "otherExpenses": 0,
        "operatingExpenses": 512162000,
        "costAndExpenses": 1596783000,
        "interestIncome": 0,
        "interestExpense": 35307000,
        "depreciationAndAmortization": 26709000,
        "ebitda": 134916000,
        "ebitdaratio": 0.0769915125,
        "operatingIncome": 155566000,
        "operatingIncomeRatio": 0.0887756948,
        "totalOtherIncomeExpensesNet": -82666000,
        "incomeBeforeTax": 72900000,
        "incomeBeforeTaxRatio": 0.041601302,
        "incomeTaxExpense": 4946000,
        "netIncome": 60033000,
        "netIncomeRatio": 0.0342585866,
        "eps": 0.17,
        "epsdiluted": 0.17,
        "weightedAverageShsOut": 351052000,
        "weightedAverageShsOutDil": 352323000,
        "link": "https://www.sec.gov/Archives/edgar/data/1359841/000135984122000094/0001359841-22-000094-index.htm",
        "finalLink": "https://www.sec.gov/Archives/edgar/data/1359841/000135984122000094/hbi-20220101.htm"
    },
    {
        "date": "2021-10-02",
        "symbol": "HBI",
        "reportedCurrency": "USD",
        "cik": "0001359841",
        "fillingDate": "2021-11-05",
        "acceptedDate": "2021-11-04 17:59:30",
        "calendarYear": "2021",
        "period": "Q3",
        "revenue": 1789551000,
        "costOfRevenue": 1089890000,
        "grossProfit": 699661000,
        "grossProfitRatio": 0.3909701372,
        "researchAndDevelopmentExpenses": 0,
        "generalAndAdministrativeExpenses": 0,
        "sellingAndMarketingExpenses": 0,
        "sellingGeneralAndAdministrativeExpenses": 465015000,
        "otherExpenses": -1811000,
        "operatingExpenses": 465015000,
        "costAndExpenses": 1554905000,
        "interestIncome": 0,
        "interestExpense": 40860000,
        "depreciationAndAmortization": 27132000,
        "ebitda": 259967000,
        "ebitdaratio": 0.1452694,
        "operatingIncome": 234646000,
        "operatingIncomeRatio": 0.1311200407,
        "totalOtherIncomeExpensesNet": -42671000,
        "incomeBeforeTax": 191975000,
        "incomeBeforeTaxRatio": 0.1072755121,
        "incomeTaxExpense": 15228000,
        "netIncome": 151777000,
        "netIncomeRatio": 0.0848128944,
        "eps": 0.43,
        "epsdiluted": 0.43,
        "weightedAverageShsOut": 351071000,
        "weightedAverageShsOutDil": 352251000,
        "link": "https://www.sec.gov/Archives/edgar/data/1359841/000135984121000174/0001359841-21-000174-index.htm",
        "finalLink": "https://www.sec.gov/Archives/edgar/data/1359841/000135984121000174/hbi-20211002.htm"
    },
    {
        "date": "2021-07-03",
        "symbol": "HBI",
        "reportedCurrency": "USD",
        "cik": "0001359841",
        "fillingDate": "2021-08-06",
        "acceptedDate": "2021-08-06 09:51:16",
        "calendarYear": "2021",
        "period": "Q2",
        "revenue": 1751311000,
        "costOfRevenue": 1069682000,
        "grossProfit": 681629000,
        "grossProfitRatio": 0.3892107113,
        "researchAndDevelopmentExpenses": 0,
        "generalAndAdministrativeExpenses": 0,
        "sellingAndMarketingExpenses": 0,
        "sellingGeneralAndAdministrativeExpenses": 464235000,
        "otherExpenses": -1855000,
        "operatingExpenses": 464235000,
        "costAndExpenses": 1533917000,
        "interestIncome": 0,
        "interestExpense": 42440000,
        "depreciationAndAmortization": 27016000,
        "ebitda": 242555000,
        "ebitdaratio": 0.1384991015,
        "operatingIncome": 217394000,
        "operatingIncomeRatio": 0.1241321501,
        "totalOtherIncomeExpensesNet": -44295000,
        "incomeBeforeTax": 173099000,
        "incomeBeforeTaxRatio": 0.0988396693,
        "incomeTaxExpense": 25236000,
        "netIncome": 128676000,
        "netIncomeRatio": 0.0734741003,
        "eps": 0.37,
        "epsdiluted": 0.37,
        "weightedAverageShsOut": 350987000,
        "weightedAverageShsOutDil": 352052000,
        "link": "https://www.sec.gov/Archives/edgar/data/1359841/000135984121000155/0001359841-21-000155-index.htm",
        "finalLink": "https://www.sec.gov/Archives/edgar/data/1359841/000135984121000155/hbi-20210703.htm"
    },
    {
        "date": "2021-04-03",
        "symbol": "HBI",
        "reportedCurrency": "USD",
        "cik": "0001359841",
        "fillingDate": "2021-05-12",
        "acceptedDate": "2021-05-12 16:38:11",
        "calendarYear": "2021",
        "period": "Q1",
        "revenue": 1508029000,
        "costOfRevenue": 905348000,
        "grossProfit": 602681000,
        "grossProfitRatio": 0.39964815,
        "researchAndDevelopmentExpenses": 0,
        "generalAndAdministrativeExpenses": 0,
        "sellingAndMarketingExpenses": 0,
        "sellingGeneralAndAdministrativeExpenses": 412559000,
        "otherExpenses": -2561000,
        "operatingExpenses": 412559000,
        "costAndExpenses": 1317907000,
        "interestIncome": 0,
        "interestExpense": 44460000,
        "depreciationAndAmortization": 33341000,
        "ebitda": 222801000,
        "ebitdaratio": 0.14774318,
        "operatingIncome": 190122000,
        "operatingIncomeRatio": 0.1260731723,
        "totalOtherIncomeExpensesNet": -47021000,
        "incomeBeforeTax": 143101000,
        "incomeBeforeTaxRatio": 0.0948927375,
        "incomeTaxExpense": 14697000,
        "netIncome": -263262000,
        "netIncomeRatio": -0.1745735659,
        "eps": -0.75,
        "epsdiluted": -0.75,
        "weightedAverageShsOut": 351003000,
        "weightedAverageShsOutDil": 351686000,
        "link": "https://www.sec.gov/Archives/edgar/data/1359841/000135984121000119/0001359841-21-000119-index.htm",
        "finalLink": "https://www.sec.gov/Archives/edgar/data/1359841/000135984121000119/hbi-20210403.htm"
    },
    {
        "date": "2021-01-02",
        "symbol": "HBI",
        "reportedCurrency": "USD",
        "cik": "0001359841",
        "fillingDate": "2021-02-12",
        "acceptedDate": "2021-02-12 16:40:01",
        "calendarYear": "2020",
        "period": "Q4",
        "revenue": 1800843000,
        "costOfRevenue": 1676036000,
        "grossProfit": 124807000,
        "grossProfitRatio": 0.0693047645,
        "researchAndDevelopmentExpenses": 0,
        "generalAndAdministrativeExpenses": 65705000,
        "sellingAndMarketingExpenses": 502838000,
        "sellingGeneralAndAdministrativeExpenses": 568543000,
        "otherExpenses": 0,
        "operatingExpenses": 568543000,
        "costAndExpenses": 2244579000,
        "interestIncome": 0,
        "interestExpense": 44115000,
        "depreciationAndAmortization": 38176000,
        "ebitda": -409978000,
        "ebitdaratio": -0.2276589353,
        "operatingIncome": -443736000,
        "operatingIncomeRatio": -0.2464046005,
        "totalOtherIncomeExpensesNet": -686316000,
        "incomeBeforeTax": -486041000,
        "incomeBeforeTaxRatio": -0.2698963763,
        "incomeTaxExpense": -161970000,
        "netIncome": -332164000,
        "netIncomeRatio": -0.1844491719,
        "eps": -0.95,
        "epsdiluted": -0.95,
        "weightedAverageShsOut": 350807000,
        "weightedAverageShsOutDil": 350807000,
        "link": "https://www.sec.gov/Archives/edgar/data/1359841/000135984121000085/0001359841-21-000085-index.htm",
        "finalLink": "https://www.sec.gov/Archives/edgar/data/1359841/000135984121000085/hbi-20210102.htm"
    },
    {
        "date": "2020-09-26",
        "symbol": "HBI",
        "reportedCurrency": "USD",
        "cik": "0001359841",
        "fillingDate": "2020-11-05",
        "acceptedDate": "2020-11-05 12:24:09",
        "calendarYear": "2020",
        "period": "Q3",
        "revenue": 1691863000,
        "costOfRevenue": 1191553000,
        "grossProfit": 571471000,
        "grossProfitRatio": 0.3377761675,
        "researchAndDevelopmentExpenses": 0,
        "generalAndAdministrativeExpenses": 0,
        "sellingAndMarketingExpenses": 0,
        "sellingGeneralAndAdministrativeExpenses": 442142000,
        "otherExpenses": 0,
        "operatingExpenses": 442142000,
        "costAndExpenses": 1633695000,
        "interestIncome": 0,
        "interestExpense": 43500000,
        "depreciationAndAmortization": 31565000,
        "ebitda": 215754000,
        "ebitdaratio": 0.12752451,
        "operatingIncome": 189087000,
        "operatingIncomeRatio": 0.1117625954,
        "totalOtherIncomeExpensesNet": -728378000,
        "incomeBeforeTax": 140689000,
        "incomeBeforeTaxRatio": 0.0831562603,
        "incomeTaxExpense": 22464000,
        "netIncome": 103278000,
        "netIncomeRatio": 0.0610439498,
        "eps": 0.29,
        "epsdiluted": 0.29,
        "weightedAverageShsOut": 350703000,
        "weightedAverageShsOutDil": 351604000,
        "link": "https://www.sec.gov/Archives/edgar/data/1359841/000135984120000097/0001359841-20-000097-index.htm",
        "finalLink": "https://www.sec.gov/Archives/edgar/data/1359841/000135984120000097/hbi-20200926.htm"
    },
    {
        "date": "2020-06-27",
        "symbol": "HBI",
        "reportedCurrency": "USD",
        "cik": "0001359841",
        "fillingDate": "2020-07-31",
        "acceptedDate": "2020-07-30 20:07:18",
        "calendarYear": "2020",
        "period": "Q2",
        "revenue": 1543083000,
        "costOfRevenue": 1105767000,
        "grossProfit": 513862000,
        "grossProfitRatio": 0.3330099547,
        "researchAndDevelopmentExpenses": 0,
        "generalAndAdministrativeExpenses": 0,
        "sellingAndMarketingExpenses": 0,
        "sellingGeneralAndAdministrativeExpenses": 391476000,
        "otherExpenses": 0,
        "operatingExpenses": 391476000,
        "costAndExpenses": 1497243000,
        "interestIncome": 0,
        "interestExpense": 41075000,
        "depreciationAndAmortization": 31334000,
        "ebitda": 228814000,
        "ebitdaratio": 0.1482836633,
        "operatingIncome": 202133000,
        "operatingIncomeRatio": 0.1309929537,
        "totalOtherIncomeExpensesNet": -726286000,
        "incomeBeforeTax": 156405000,
        "incomeBeforeTaxRatio": 0.1013587733,
        "incomeTaxExpense": 19837000,
        "netIncome": 161181000,
        "netIncomeRatio": 0.1044538758,
        "eps": 0.46,
        "epsdiluted": 0.46,
        "weightedAverageShsOut": 350538000,
        "weightedAverageShsOutDil": 350829000,
        "link": "https://www.sec.gov/Archives/edgar/data/1359841/000135984120000072/0001359841-20-000072-index.htm",
        "finalLink": "https://www.sec.gov/Archives/edgar/data/1359841/000135984120000072/hbi-20200627x10q.htm"
    },
    {
        "date": "2020-03-28",
        "symbol": "HBI",
        "reportedCurrency": "USD",
        "cik": "0001359841",
        "fillingDate": "2020-04-30",
        "acceptedDate": "2020-04-30 06:37:35",
        "calendarYear": "2020",
        "period": "Q1",
        "revenue": 1203070000,
        "costOfRevenue": 842730000,
        "grossProfit": 418168000,
        "grossProfitRatio": 0.3475840974,
        "researchAndDevelopmentExpenses": 0,
        "generalAndAdministrativeExpenses": 0,
        "sellingAndMarketingExpenses": 0,
        "sellingGeneralAndAdministrativeExpenses": 439602000,
        "otherExpenses": 0,
        "operatingExpenses": 439602000,
        "costAndExpenses": 1282332000,
        "interestIncome": 0,
        "interestExpense": 36027000,
        "depreciationAndAmortization": 31371000,
        "ebitda": 73223000,
        "ebitdaratio": 0.0608634577,
        "operatingIncome": 47953000,
        "operatingIncomeRatio": 0.0398588611,
        "totalOtherIncomeExpensesNet": 0,
        "incomeBeforeTax": 5825000,
        "incomeBeforeTaxRatio": 0.0048417798,
        "incomeTaxExpense": 707000,
        "netIncome": -7874000,
        "netIncomeRatio": -0.0065449226,
        "eps": -0.0219,
        "epsdiluted": -0.0219,
        "weightedAverageShsOut": 359017000,
        "weightedAverageShsOutDil": 359436000,
        "link": "https://www.sec.gov/Archives/edgar/data/1359841/000135984120000050/0001359841-20-000050-index.htm",
        "finalLink": "https://www.sec.gov/Archives/edgar/data/1359841/000135984120000050/hbi-20200328x10q.htm"
    },
    {
        "date": "2019-12-28",
        "symbol": "HBI",
        "reportedCurrency": "USD",
        "cik": "0001359841",
        "fillingDate": "2020-02-11",
        "acceptedDate": "2020-02-10 20:04:50",
        "calendarYear": "2019",
        "period": "Q4",
        "revenue": 1751005000,
        "costOfRevenue": 1044262000,
        "grossProfit": 725296000,
        "grossProfitRatio": 0.4142169782,
        "researchAndDevelopmentExpenses": 0,
        "generalAndAdministrativeExpenses": -142207000,
        "sellingAndMarketingExpenses": 605535000,
        "sellingGeneralAndAdministrativeExpenses": 463328000,
        "otherExpenses": 0,
        "operatingExpenses": 463328000,
        "costAndExpenses": 1507590000,
        "interestIncome": 0,
        "interestExpense": 40907000,
        "depreciationAndAmortization": 33125000,
        "ebitda": 263386000,
        "ebitdaratio": 0.1504199017,
        "operatingIncome": 237919000,
        "operatingIncomeRatio": 0.1358756828,
        "totalOtherIncomeExpensesNet": -48565000,
        "incomeBeforeTax": 194850000,
        "incomeBeforeTaxRatio": 0.1112789512,
        "incomeTaxExpense": 9864000,
        "netIncome": 184986000,
        "netIncomeRatio": 0.1056456149,
        "eps": 0.51,
        "epsdiluted": 0.51,
        "weightedAverageShsOut": 364885000,
        "weightedAverageShsOutDil": 365644000,
        "link": "https://www.sec.gov/Archives/edgar/data/1359841/000135984120000027/0001359841-20-000027-index.htm",
        "finalLink": "https://www.sec.gov/Archives/edgar/data/1359841/000135984120000027/hbi-20191228x10k.htm"
    },
    {
        "date": "2019-09-28",
        "symbol": "HBI",
        "reportedCurrency": "USD",
        "cik": "0001359841",
        "fillingDate": "2019-10-31",
        "acceptedDate": "2019-10-31 16:12:03",
        "calendarYear": "2019",
        "period": "Q3",
        "revenue": 1866967000,
        "costOfRevenue": 1154629000,
        "grossProfit": 712338000,
        "grossProfitRatio": 0.3815482545,
        "researchAndDevelopmentExpenses": 0,
        "generalAndAdministrativeExpenses": 0,
        "sellingAndMarketingExpenses": 0,
        "sellingGeneralAndAdministrativeExpenses": 442582000,
        "otherExpenses": 0,
        "operatingExpenses": 442582000,
        "costAndExpenses": 1597211000,
        "interestIncome": 0,
        "interestExpense": 43091000,
        "depreciationAndAmortization": 33353000,
        "ebitda": 294030000,
        "ebitdaratio": 0.1574907323,
        "operatingIncome": 267071000,
        "operatingIncomeRatio": 0.1430507342,
        "totalOtherIncomeExpensesNet": 0,
        "incomeBeforeTax": 215914000,
        "incomeBeforeTaxRatio": 0.1156496071,
        "incomeTaxExpense": 30823000,
        "netIncome": 187776000,
        "netIncomeRatio": 0.1005781034,
        "eps": 0.51,
        "epsdiluted": 0.51,
        "weightedAverageShsOut": 364743000,
        "weightedAverageShsOutDil": 365597000,
        "link": "https://www.sec.gov/Archives/edgar/data/1359841/000135984119000088/0001359841-19-000088-index.htm",
        "finalLink": "https://www.sec.gov/Archives/edgar/data/1359841/000135984119000088/hbi-20190928x10q.htm"
    },
    {
        "date": "2019-06-29",
        "symbol": "HBI",
        "reportedCurrency": "USD",
        "cik": "0001359841",
        "fillingDate": "2019-08-02",
        "acceptedDate": "2019-08-02 09:14:46",
        "calendarYear": "2019",
        "period": "Q2",
        "revenue": 1760927000,
        "costOfRevenue": 1086248000,
        "grossProfit": 688121000,
        "grossProfitRatio": 0.3907720195,
        "researchAndDevelopmentExpenses": 0,
        "generalAndAdministrativeExpenses": 0,
        "sellingAndMarketingExpenses": 0,
        "sellingGeneralAndAdministrativeExpenses": 440662000,
        "otherExpenses": 0,
        "operatingExpenses": 440662000,
        "costAndExpenses": 1526910000,
        "interestIncome": 0,
        "interestExpense": 46522000,
        "depreciationAndAmortization": 32255000,
        "ebitda": 253606000,
        "ebitdaratio": 0.144018463,
        "operatingIncome": 229600000,
        "operatingIncomeRatio": 0.1303858706,
        "totalOtherIncomeExpensesNet": 0,
        "incomeBeforeTax": 174829000,
        "incomeBeforeTaxRatio": 0.0992823666,
        "incomeTaxExpense": 25274000,
        "netIncome": 153972000,
        "netIncomeRatio": 0.0874380369,
        "eps": 0.41,
        "epsdiluted": 0.41,
        "weightedAverageShsOut": 364637000,
        "weightedAverageShsOutDil": 365537000,
        "link": "https://www.sec.gov/Archives/edgar/data/1359841/000135984119000071/0001359841-19-000071-index.htm",
        "finalLink": "https://www.sec.gov/Archives/edgar/data/1359841/000135984119000071/hbi-20190629x10q.htm"
    },
    {
        "date": "2019-03-30",
        "symbol": "HBI",
        "reportedCurrency": "USD",
        "cik": "0001359841",
        "fillingDate": "2019-05-02",
        "acceptedDate": "2019-05-02 17:06:39",
        "calendarYear": "2019",
        "period": "Q1",
        "revenue": 1588024000,
        "costOfRevenue": 967148000,
        "grossProfit": 620876000,
        "grossProfitRatio": 0.3909739399,
        "researchAndDevelopmentExpenses": 0,
        "generalAndAdministrativeExpenses": 0,
        "sellingAndMarketingExpenses": 0,
        "sellingGeneralAndAdministrativeExpenses": 472838000,
        "otherExpenses": 0,
        "operatingExpenses": 472838000,
        "costAndExpenses": 1439986000,
        "interestIncome": 0,
        "interestExpense": 48059000,
        "depreciationAndAmortization": 32234000,
        "ebitda": 174427000,
        "ebitdaratio": 0.1098390201,
        "operatingIncome": 149644000,
        "operatingIncomeRatio": 0.0942328328,
        "totalOtherIncomeExpensesNet": -55510000,
        "incomeBeforeTax": 94134000,
        "incomeBeforeTaxRatio": 0.0592774417,
        "incomeTaxExpense": 13046000,
        "netIncome": 79482000,
        "netIncomeRatio": 0.0500508808,
        "eps": 0.22,
        "epsdiluted": 0.22,
        "weightedAverageShsOut": 364570000,
        "weightedAverageShsOutDil": 365299000,
        "link": "https://www.sec.gov/Archives/edgar/data/1359841/000135984119000040/0001359841-19-000040-index.htm",
        "finalLink": "https://www.sec.gov/Archives/edgar/data/1359841/000135984119000040/hbi-20190330x10q.htm"
    },
    {
        "date": "2018-12-29",
        "symbol": "HBI",
        "reportedCurrency": "USD",
        "cik": "0001359841",
        "fillingDate": "2019-02-11",
        "acceptedDate": "2019-02-08 18:39:05",
        "calendarYear": "2018",
        "period": "Q4",
        "revenue": 1768301000,
        "costOfRevenue": 1063326000,
        "grossProfit": 704975000,
        "grossProfitRatio": 0.3986736421,
        "researchAndDevelopmentExpenses": 0,
        "generalAndAdministrativeExpenses": -101734000,
        "sellingAndMarketingExpenses": 561768000,
        "sellingGeneralAndAdministrativeExpenses": 460034000,
        "otherExpenses": 0,
        "operatingExpenses": 460034000,
        "costAndExpenses": 1523360000,
        "interestIncome": 0,
        "interestExpense": 47687000,
        "depreciationAndAmortization": 32482000,
        "ebitda": 254718000,
        "ebitdaratio": 0.1440467432,
        "operatingIncome": 244941000,
        "operatingIncomeRatio": 0.1385177071,
        "totalOtherIncomeExpensesNet": -54466000,
        "incomeBeforeTax": 190475000,
        "incomeBeforeTaxRatio": 0.1077163899,
        "incomeTaxExpense": 28854000,
        "netIncome": 161621000,
        "netIncomeRatio": 0.0913990322,
        "eps": 0.44,
        "epsdiluted": 0.44,
        "weightedAverageShsOut": 364003000,
        "weightedAverageShsOutDil": 364748000,
        "link": "https://www.sec.gov/Archives/edgar/data/1359841/000135984119000025/0001359841-19-000025-index.htm",
        "finalLink": "https://www.sec.gov/Archives/edgar/data/1359841/000135984119000025/hbi-20181229x10k.htm"
    },
    {
        "date": "2018-09-29",
        "symbol": "HBI",
        "reportedCurrency": "USD",
        "cik": "0001359841",
        "fillingDate": "2018-11-01",
        "acceptedDate": "2018-11-01 17:26:16",
        "calendarYear": "2018",
        "period": "Q3",
        "revenue": 1848707000,
        "costOfRevenue": 1136040000,
        "grossProfit": 712667000,
        "grossProfitRatio": 0.385494835,
        "researchAndDevelopmentExpenses": 0,
        "generalAndAdministrativeExpenses": 0,
        "sellingAndMarketingExpenses": 0,
        "sellingGeneralAndAdministrativeExpenses": 455778000,
        "otherExpenses": 0,
        "operatingExpenses": 455778000,
        "costAndExpenses": 1591818000,
        "interestIncome": 0,
        "interestExpense": 52795000,
        "depreciationAndAmortization": 33821000,
        "ebitda": 283425000,
        "ebitdaratio": 0.1533098539,
        "operatingIncome": 256889000,
        "operatingIncomeRatio": 0.1389560379,
        "totalOtherIncomeExpensesNet": -60080000,
        "incomeBeforeTax": 196809000,
        "incomeBeforeTaxRatio": 0.1064576485,
        "incomeTaxExpense": 25388000,
        "netIncome": 171421000,
        "netIncomeRatio": 0.0927248071,
        "eps": 0.47,
        "epsdiluted": 0.47,
        "weightedAverageShsOut": 363510000,
        "weightedAverageShsOutDil": 364638000,
        "link": "https://www.sec.gov/Archives/edgar/data/1359841/000135984118000094/0001359841-18-000094-index.htm",
        "finalLink": "https://www.sec.gov/Archives/edgar/data/1359841/000135984118000094/hbi-20180929x10q.htm"
    },
    {
        "date": "2018-06-30",
        "symbol": "HBI",
        "reportedCurrency": "USD",
        "cik": "0001359841",
        "fillingDate": "2018-08-02",
        "acceptedDate": "2018-08-01 18:36:58",
        "calendarYear": "2018",
        "period": "Q2",
        "revenue": 1715443000,
        "costOfRevenue": 1055487000,
        "grossProfit": 659956000,
        "grossProfitRatio": 0.3847146189,
        "researchAndDevelopmentExpenses": 0,
        "generalAndAdministrativeExpenses": 0,
        "sellingAndMarketingExpenses": 0,
        "sellingGeneralAndAdministrativeExpenses": 439893000,
        "otherExpenses": 0,
        "operatingExpenses": 439893000,
        "costAndExpenses": 1495380000,
        "interestIncome": 0,
        "interestExpense": 48430000,
        "depreciationAndAmortization": 33568000,
        "ebitda": 247061000,
        "ebitdaratio": 0.14402169,
        "operatingIncome": 220063000,
        "operatingIncomeRatio": 0.1282834813,
        "totalOtherIncomeExpensesNet": -55000000,
        "incomeBeforeTax": 165063000,
        "incomeBeforeTaxRatio": 0.0962217923,
        "incomeTaxExpense": 24430000,
        "netIncome": 140633000,
        "netIncomeRatio": 0.0819805729,
        "eps": 0.39,
        "epsdiluted": 0.39,
        "weightedAverageShsOut": 362011000,
        "weightedAverageShsOutDil": 363254000,
        "link": "https://www.sec.gov/Archives/edgar/data/1359841/000135984118000078/0001359841-18-000078-index.htm",
        "finalLink": "https://www.sec.gov/Archives/edgar/data/1359841/000135984118000078/hbi-20180630x10q.htm"
    },
    {
        "date": "2018-03-31",
        "symbol": "HBI",
        "reportedCurrency": "USD",
        "cik": "0001359841",
        "fillingDate": "2018-05-01",
        "acceptedDate": "2018-05-01 17:16:18",
        "calendarYear": "2018",
        "period": "Q1",
        "revenue": 1471504000,
        "costOfRevenue": 840824000,
        "grossProfit": 589674000,
        "grossProfitRatio": 0.4007287782,
        "researchAndDevelopmentExpenses": 0,
        "generalAndAdministrativeExpenses": 0,
        "sellingAndMarketingExpenses": 0,
        "sellingGeneralAndAdministrativeExpenses": 413102000,
        "otherExpenses": 0,
        "operatingExpenses": 413102000,
        "costAndExpenses": 1253926000,
        "interestIncome": 0,
        "interestExpense": 45763000,
        "depreciationAndAmortization": 31925000,
        "ebitda": 172222000,
        "ebitdaratio": 0.117038078,
        "operatingIncome": 146058000,
        "operatingIncomeRatio": 0.0992576303,
        "totalOtherIncomeExpensesNet": -51524000,
        "incomeBeforeTax": 94534000,
        "incomeBeforeTaxRatio": 0.0642431145,
        "incomeTaxExpense": 15125000,
        "netIncome": 79409000,
        "netIncomeRatio": 0.0539645152,
        "eps": 0.19,
        "epsdiluted": 0.19,
        "weightedAverageShsOut": 373218000,
        "weightedAverageShsOutDil": 375251000,
        "link": "https://www.sec.gov/Archives/edgar/data/1359841/000135984118000032/0001359841-18-000032-index.htm",
        "finalLink": "https://www.sec.gov/Archives/edgar/data/1359841/000135984118000032/hbi-20180331x10q.htm"
    },
    {
        "date": "2017-12-30",
        "symbol": "HBI",
        "reportedCurrency": "USD",
        "cik": "0001359841",
        "fillingDate": "2018-02-09",
        "acceptedDate": "2018-02-08 18:09:01",
        "calendarYear": "2017",
        "period": "Q4",
        "revenue": 1645175000,
        "costOfRevenue": 1018514000,
        "grossProfit": 659642000,
        "grossProfitRatio": 0.4009555214,
        "researchAndDevelopmentExpenses": 0,
        "generalAndAdministrativeExpenses": -52428000,
        "sellingAndMarketingExpenses": 531418000,
        "sellingGeneralAndAdministrativeExpenses": 478990000,
        "otherExpenses": 0,
        "operatingExpenses": 478990000,
        "costAndExpenses": 1497504000,
        "interestIncome": 0,
        "interestExpense": 44251000,
        "depreciationAndAmortization": 32725000,
        "ebitda": 275073000,
        "ebitdaratio": 0.167199842,
        "operatingIncome": 119819000,
        "operatingIncomeRatio": 0.0728305499,
        "totalOtherIncomeExpensesNet": 0,
        "incomeBeforeTax": 68864000,
        "incomeBeforeTaxRatio": 0.041858161,
        "incomeTaxExpense": 453475000,
        "netIncome": -384611000,
        "netIncomeRatio": -0.2337812087,
        "eps": -1.06,
        "epsdiluted": -1.06,
        "weightedAverageShsOut": 362931298,
        "weightedAverageShsOutDil": 364283000,
        "link": "https://www.sec.gov/Archives/edgar/data/1359841/000135984118000018/0001359841-18-000018-index.htm",
        "finalLink": "https://www.sec.gov/Archives/edgar/data/1359841/000135984118000018/hbi-20171230x10k.htm"
    },
    {
        "date": "2017-09-30",
        "symbol": "HBI",
        "reportedCurrency": "USD",
        "cik": "0001359841",
        "fillingDate": "2017-11-03",
        "acceptedDate": "2017-11-02 17:46:25",
        "calendarYear": "2017",
        "period": "Q3",
        "revenue": 1799270000,
        "costOfRevenue": 1120813000,
        "grossProfit": 678457000,
        "grossProfitRatio": 0.3770734798,
        "researchAndDevelopmentExpenses": 0,
        "generalAndAdministrativeExpenses": 0,
        "sellingAndMarketingExpenses": 0,
        "sellingGeneralAndAdministrativeExpenses": 425153000,
        "otherExpenses": -1881000,
        "operatingExpenses": 425153000,
        "costAndExpenses": 1545966000,
        "interestIncome": 0,
        "interestExpense": 43917000,
        "depreciationAndAmortization": 31667000,
        "ebitda": 283090000,
        "ebitdaratio": 0.1573360307,
        "operatingIncome": 253304000,
        "operatingIncomeRatio": 0.1407815392,
        "totalOtherIncomeExpensesNet": -45798000,
        "incomeBeforeTax": 207506000,
        "incomeBeforeTaxRatio": 0.115327883,
        "incomeTaxExpense": 4150000,
        "netIncome": 203356000,
        "netIncomeRatio": 0.113021392,
        "eps": 0.56,
        "epsdiluted": 0.55,
        "weightedAverageShsOut": 366083000,
        "weightedAverageShsOutDil": 368160000,
        "link": "https://www.sec.gov/Archives/edgar/data/1359841/000135984117000118/0001359841-17-000118-index.htm",
        "finalLink": "https://www.sec.gov/Archives/edgar/data/1359841/000135984117000118/hbi-20170930x10q.htm"
    },
    {
        "date": "2017-07-01",
        "symbol": "HBI",
        "reportedCurrency": "USD",
        "cik": "0001359841",
        "fillingDate": "2017-08-02",
        "acceptedDate": "2017-08-02 17:07:35",
        "calendarYear": "2017",
        "period": "Q2",
        "revenue": 1646610000,
        "costOfRevenue": 1000708000,
        "grossProfit": 645902000,
        "grossProfitRatio": 0.392261677,
        "researchAndDevelopmentExpenses": 0,
        "generalAndAdministrativeExpenses": 0,
        "sellingAndMarketingExpenses": 0,
        "sellingGeneralAndAdministrativeExpenses": 417225000,
        "otherExpenses": -1394000,
        "operatingExpenses": 417225000,
        "costAndExpenses": 1417933000,
        "interestIncome": 0,
        "interestExpense": 44130000,
        "depreciationAndAmortization": 29330000,
        "ebitda": 256613000,
        "ebitdaratio": 0.1558432173,
        "operatingIncome": 228677000,
        "operatingIncomeRatio": 0.1388774512,
        "totalOtherIncomeExpensesNet": -45524000,
        "incomeBeforeTax": 183153000,
        "incomeBeforeTaxRatio": 0.111230346,
        "incomeTaxExpense": 10989000,
        "netIncome": 172532000,
        "netIncomeRatio": 0.104780124,
        "eps": 0.47,
        "epsdiluted": 0.47,
        "weightedAverageShsOut": 365911000,
        "weightedAverageShsOutDil": 367992000,
        "link": "https://www.sec.gov/Archives/edgar/data/1359841/000135984117000092/0001359841-17-000092-index.htm",
        "finalLink": "https://www.sec.gov/Archives/edgar/data/1359841/000135984117000092/hbi-20170701x10q.htm"
    },
    {
        "date": "2017-04-01",
        "symbol": "HBI",
        "reportedCurrency": "USD",
        "cik": "0001359841",
        "fillingDate": "2017-05-03",
        "acceptedDate": "2017-05-03 16:08:15",
        "calendarYear": "2017",
        "period": "Q1",
        "revenue": 1380355000,
        "costOfRevenue": 840824000,
        "grossProfit": 539531000,
        "grossProfitRatio": 0.3908639444,
        "researchAndDevelopmentExpenses": 0,
        "generalAndAdministrativeExpenses": 0,
        "sellingAndMarketingExpenses": 0,
        "sellingGeneralAndAdministrativeExpenses": 413102000,
        "otherExpenses": 0,
        "operatingExpenses": 413102000,
        "costAndExpenses": 1253926000,
        "interestIncome": 0,
        "interestExpense": 42137000,
        "depreciationAndAmortization": 28765000,
        "ebitda": 148649000,
        "ebitdaratio": 0.1076889641,
        "operatingIncome": 126429000,
        "operatingIncomeRatio": 0.0915916558,
        "totalOtherIncomeExpensesNet": -48682000,
        "incomeBeforeTax": 77747000,
        "incomeBeforeTaxRatio": 0.0563239167,
        "incomeTaxExpense": 4665000,
        "netIncome": 70617000,
        "netIncomeRatio": 0.0511585788,
        "eps": 0.18266261077398227,
        "epsdiluted": 0.1815146397698969,
        "weightedAverageShsOut": 386598000,
        "weightedAverageShsOutDil": 389043000,
        "link": "https://www.sec.gov/Archives/edgar/data/1359841/000135984117000063/0001359841-17-000063-index.htm",
        "finalLink": "https://www.sec.gov/Archives/edgar/data/1359841/000135984117000063/hbi-20170401x10q.htm"
    },
    {
        "date": "2016-12-31",
        "symbol": "HBI",
        "reportedCurrency": "USD",
        "cik": "0001359841",
        "fillingDate": "2017-02-03",
        "acceptedDate": "2017-02-03 15:58:12",
        "calendarYear": "2016",
        "period": "Q4",
        "revenue": 1575309000,
        "costOfRevenue": 963174000,
        "grossProfit": 612135000,
        "grossProfitRatio": 0.388580907,
        "researchAndDevelopmentExpenses": 0,
        "generalAndAdministrativeExpenses": -85093000,
        "sellingAndMarketingExpenses": 493546000,
        "sellingGeneralAndAdministrativeExpenses": 408453000,
        "otherExpenses": 0,
        "operatingExpenses": 408453000,
        "costAndExpenses": 1371627000,
        "interestIncome": 0,
        "interestExpense": 41153000,
        "depreciationAndAmortization": 29460000,
        "ebitda": 231917000,
        "ebitdaratio": 0.1472200057,
        "operatingIncome": 203682000,
        "operatingIncomeRatio": 0.129296538,
        "totalOtherIncomeExpensesNet": -42378000,
        "incomeBeforeTax": 161304000,
        "incomeBeforeTaxRatio": 0.1023951491,
        "incomeTaxExpense": 5579000,
        "netIncome": 157112000,
        "netIncomeRatio": 0.0997340839,
        "eps": 0.41,
        "epsdiluted": 0.41,
        "weightedAverageShsOut": 379484000,
        "weightedAverageShsOutDil": 382074000,
        "link": "https://www.sec.gov/Archives/edgar/data/1359841/000135984117000040/0001359841-17-000040-index.htm",
        "finalLink": "https://www.sec.gov/Archives/edgar/data/1359841/000135984117000040/hbi-20161231x10k.htm"
    },
    {
        "date": "2016-10-01",
        "symbol": "HBI",
        "reportedCurrency": "USD",
        "cik": "0001359841",
        "fillingDate": "2016-10-28",
        "acceptedDate": "2016-10-28 14:30:34",
        "calendarYear": "2016",
        "period": "Q3",
        "revenue": 1761019000,
        "costOfRevenue": 1111653000,
        "grossProfit": 649366000,
        "grossProfitRatio": 0.3687444599,
        "researchAndDevelopmentExpenses": 0,
        "generalAndAdministrativeExpenses": 0,
        "sellingAndMarketingExpenses": 0,
        "sellingGeneralAndAdministrativeExpenses": 421014000,
        "otherExpenses": -1559000,
        "operatingExpenses": 421014000,
        "costAndExpenses": 1532667000,
        "interestIncome": 0,
        "interestExpense": 43433000,
        "depreciationAndAmortization": 26888000,
        "ebitda": 253681000,
        "ebitdaratio": 0.1440535281,
        "operatingIncome": 228352000,
        "operatingIncomeRatio": 0.1296703783,
        "totalOtherIncomeExpensesNet": -44992000,
        "incomeBeforeTax": 183360000,
        "incomeBeforeTaxRatio": 0.1041215342,
        "incomeTaxExpense": 10570000,
        "netIncome": 173858000,
        "netIncomeRatio": 0.0987257946,
        "eps": 0.46,
        "epsdiluted": 0.45,
        "weightedAverageShsOut": 379368000,
        "weightedAverageShsOutDil": 382558000,
        "link": "https://www.sec.gov/Archives/edgar/data/1359841/000135984116000412/0001359841-16-000412-index.htm",
        "finalLink": "https://www.sec.gov/Archives/edgar/data/1359841/000135984116000412/hbi-20161001x10q.htm"
    },
    {
        "date": "2016-07-02",
        "symbol": "HBI",
        "reportedCurrency": "USD",
        "cik": "0001359841",
        "fillingDate": "2016-08-04",
        "acceptedDate": "2016-08-04 13:34:16",
        "calendarYear": "2016",
        "period": "Q2",
        "revenue": 1472731000,
        "costOfRevenue": 915440000,
        "grossProfit": 557291000,
        "grossProfitRatio": 0.3784065114,
        "researchAndDevelopmentExpenses": 0,
        "generalAndAdministrativeExpenses": 0,
        "sellingAndMarketingExpenses": 0,
        "sellingGeneralAndAdministrativeExpenses": 336081000,
        "otherExpenses": 0,
        "operatingExpenses": 336081000,
        "costAndExpenses": 1251521000,
        "interestIncome": 0,
        "interestExpense": 36540000,
        "depreciationAndAmortization": 24007000,
        "ebitda": 196892000,
        "ebitdaratio": 0.1336917604,
        "operatingIncome": 221210000,
        "operatingIncomeRatio": 0.1502039408,
        "totalOtherIncomeExpensesNet": -84865000,
        "incomeBeforeTax": 136345000,
        "incomeBeforeTaxRatio": 0.092579704,
        "incomeTaxExpense": 8202000,
        "netIncome": 128143000,
        "netIncomeRatio": 0.0870104588,
        "eps": 0.34,
        "epsdiluted": 0.34,
        "weightedAverageShsOut": 379233000,
        "weightedAverageShsOutDil": 382511000,
        "link": "https://www.sec.gov/Archives/edgar/data/1359841/000135984116000398/0001359841-16-000398-index.htm",
        "finalLink": "https://www.sec.gov/Archives/edgar/data/1359841/000135984116000398/hbi-20160702x10q.htm"
    },
    {
        "date": "2016-04-02",
        "symbol": "HBI",
        "reportedCurrency": "USD",
        "cik": "0001359841",
        "fillingDate": "2016-04-26",
        "acceptedDate": "2016-04-26 15:33:58",
        "calendarYear": "2016",
        "period": "Q1",
        "revenue": 1219140000,
        "costOfRevenue": 761884000,
        "grossProfit": 457256000,
        "grossProfitRatio": 0.3750643897,
        "researchAndDevelopmentExpenses": 0,
        "generalAndAdministrativeExpenses": 0,
        "sellingAndMarketingExpenses": 0,
        "sellingGeneralAndAdministrativeExpenses": 334851000,
        "otherExpenses": 0,
        "operatingExpenses": 334851000,
        "costAndExpenses": 1096735000,
        "interestIncome": 0,
        "interestExpense": 31566000,
        "depreciationAndAmortization": 22820000,
        "ebitda": 144576000,
        "ebitdaratio": 0.1185885132,
        "operatingIncome": 122405000,
        "operatingIncomeRatio": 0.1004027429,
        "totalOtherIncomeExpensesNet": -32215000,
        "incomeBeforeTax": 90190000,
        "incomeBeforeTaxRatio": 0.0739783782,
        "incomeTaxExpense": 9921000,
        "netIncome": 80269000,
        "netIncomeRatio": 0.0658406746,
        "eps": 0.2076291134460085,
        "epsdiluted": 0.2063242366525037,
        "weightedAverageShsOut": 386598000,
        "weightedAverageShsOutDil": 389043000,
        "link": "https://www.sec.gov/Archives/edgar/data/1359841/000135984116000357/0001359841-16-000357-index.htm",
        "finalLink": "https://www.sec.gov/Archives/edgar/data/1359841/000135984116000357/hbi-20160429x10q.htm"
    },
    {
        "date": "2016-01-02",
        "symbol": "HBI",
        "reportedCurrency": "USD",
        "cik": "0001359841",
        "fillingDate": "2016-02-05",
        "acceptedDate": "2016-02-05 16:13:39",
        "calendarYear": "2015",
        "period": "Q4",
        "revenue": 1409557000,
        "costOfRevenue": 868431000,
        "grossProfit": 541126000,
        "grossProfitRatio": 0.3838979197,
        "researchAndDevelopmentExpenses": 0,
        "generalAndAdministrativeExpenses": -131434000,
        "sellingAndMarketingExpenses": 514634000,
        "sellingGeneralAndAdministrativeExpenses": 383200000,
        "otherExpenses": 0,
        "operatingExpenses": 383200000,
        "costAndExpenses": 1251631000,
        "interestIncome": 0,
        "interestExpense": 30772000,
        "depreciationAndAmortization": 28153000,
        "ebitda": 184799000,
        "ebitdaratio": 0.1311043115,
        "operatingIncome": 157926000,
        "operatingIncomeRatio": 0.1120394564,
        "totalOtherIncomeExpensesNet": -32052000,
        "incomeBeforeTax": 125874000,
        "incomeBeforeTaxRatio": 0.0893003972,
        "incomeTaxExpense": 6711000,
        "netIncome": 119163000,
        "netIncomeRatio": 0.0845393269,
        "eps": 0.3,
        "epsdiluted": 0.3,
        "weightedAverageShsOut": 393187000,
        "weightedAverageShsOutDil": 396082000,
        "link": "https://www.sec.gov/Archives/edgar/data/1359841/000135984116000342/0001359841-16-000342-index.htm",
        "finalLink": "https://www.sec.gov/Archives/edgar/data/1359841/000135984116000342/hbi-20160102x10k.htm"
    },
    {
        "date": "2015-10-03",
        "symbol": "HBI",
        "reportedCurrency": "USD",
        "cik": "0001359841",
        "fillingDate": "2015-10-29",
        "acceptedDate": "2015-10-29 16:41:30",
        "calendarYear": "2015",
        "period": "Q3",
        "revenue": 1591038000,
        "costOfRevenue": 1010288000,
        "grossProfit": 580750000,
        "grossProfitRatio": 0.3650132806,
        "researchAndDevelopmentExpenses": 0,
        "generalAndAdministrativeExpenses": 0,
        "sellingAndMarketingExpenses": 0,
        "sellingGeneralAndAdministrativeExpenses": 372422000,
        "otherExpenses": -718000,
        "operatingExpenses": 372422000,
        "costAndExpenses": 1382710000,
        "interestIncome": 0,
        "interestExpense": 31356000,
        "depreciationAndAmortization": 24943000,
        "ebitda": 232553000,
        "ebitdaratio": 0.1461643279,
        "operatingIncome": 208328000,
        "operatingIncomeRatio": 0.1309384188,
        "totalOtherIncomeExpensesNet": -32074000,
        "incomeBeforeTax": 176254000,
        "incomeBeforeTaxRatio": 0.1107792523,
        "incomeTaxExpense": 14100000,
        "netIncome": 162154000,
        "netIncomeRatio": 0.1019171132,
        "eps": 0.41,
        "epsdiluted": 0.4,
        "weightedAverageShsOut": 399445000,
        "weightedAverageShsOutDil": 402979000,
        "link": "https://www.sec.gov/Archives/edgar/data/1359841/000135984115000164/0001359841-15-000164-index.htm",
        "finalLink": "https://www.sec.gov/Archives/edgar/data/1359841/000135984115000164/hbi-20151003x10q.htm"
    },
    {
        "date": "2015-07-04",
        "symbol": "HBI",
        "reportedCurrency": "USD",
        "cik": "0001359841",
        "fillingDate": "2015-07-31",
        "acceptedDate": "2015-07-31 16:56:07",
        "calendarYear": "2015",
        "period": "Q2",
        "revenue": 1522033000,
        "costOfRevenue": 953808000,
        "grossProfit": 568225000,
        "grossProfitRatio": 0.3733329041,
        "researchAndDevelopmentExpenses": 0,
        "generalAndAdministrativeExpenses": 0,
        "sellingAndMarketingExpenses": 0,
        "sellingGeneralAndAdministrativeExpenses": 429292000,
        "otherExpenses": -830000,
        "operatingExpenses": 429292000,
        "costAndExpenses": 1383100000,
        "interestIncome": 0,
        "interestExpense": 29020000,
        "depreciationAndAmortization": 26234000,
        "ebitda": 164337000,
        "ebitdaratio": 0.1079720348,
        "operatingIncome": 138933000,
        "operatingIncomeRatio": 0.0912812009,
        "totalOtherIncomeExpensesNet": -29850000,
        "incomeBeforeTax": 109083000,
        "incomeBeforeTaxRatio": 0.0716692739,
        "incomeTaxExpense": 14181000,
        "netIncome": 94902000,
        "netIncomeRatio": 0.0623521303,
        "eps": 0.23,
        "epsdiluted": 0.23,
        "weightedAverageShsOut": 403949000,
        "weightedAverageShsOutDil": 407510000,
        "link": "https://www.sec.gov/Archives/edgar/data/1359841/000135984115000145/0001359841-15-000145-index.htm",
        "finalLink": "https://www.sec.gov/Archives/edgar/data/1359841/000135984115000145/hbi-20150704x10q.htm"
    },
    {
        "date": "2015-04-04",
        "symbol": "HBI",
        "reportedCurrency": "USD",
        "cik": "0001359841",
        "fillingDate": "2015-05-01",
        "acceptedDate": "2015-05-01 14:50:22",
        "calendarYear": "2015",
        "period": "Q1",
        "revenue": 1208921000,
        "costOfRevenue": 762690000,
        "grossProfit": 446231000,
        "grossProfitRatio": 0.3691151035,
        "researchAndDevelopmentExpenses": 0,
        "generalAndAdministrativeExpenses": 0,
        "sellingAndMarketingExpenses": 0,
        "sellingGeneralAndAdministrativeExpenses": 356300000,
        "otherExpenses": -382000,
        "operatingExpenses": 356300000,
        "costAndExpenses": 1118990000,
        "interestIncome": 0,
        "interestExpense": 26887000,
        "depreciationAndAmortization": 24573000,
        "ebitda": 114122000,
        "ebitdaratio": 0.0943998822,
        "operatingIncome": 89931000,
        "operatingIncomeRatio": 0.0743894762,
        "totalOtherIncomeExpensesNet": -27269000,
        "incomeBeforeTax": 62662000,
        "incomeBeforeTaxRatio": 0.0518329982,
        "incomeTaxExpense": 10026000,
        "netIncome": 52636000,
        "netIncomeRatio": 0.0435396523,
        "eps": 0.13,
        "epsdiluted": 0.13,
        "weightedAverageShsOut": 403579000,
        "weightedAverageShsOutDil": 408260000,
        "link": "https://www.sec.gov/Archives/edgar/data/1359841/000135984115000098/0001359841-15-000098-index.htm",
        "finalLink": "https://www.sec.gov/Archives/edgar/data/1359841/000135984115000098/hbi-20150404x10q.htm"
    },
    {
        "date": "2015-01-03",
        "symbol": "HBI",
        "reportedCurrency": "USD",
        "cik": "0001359841",
        "fillingDate": "2015-02-06",
        "acceptedDate": "2015-02-06 16:45:54",
        "calendarYear": "2014",
        "period": "Q4",
        "revenue": 1522596000,
        "costOfRevenue": 977035000,
        "grossProfit": 545561000,
        "grossProfitRatio": 0.3583097552,
        "researchAndDevelopmentExpenses": 0,
        "generalAndAdministrativeExpenses": -64202000,
        "sellingAndMarketingExpenses": 478613000,
        "sellingGeneralAndAdministrativeExpenses": 414411000,
        "otherExpenses": 0,
        "operatingExpenses": 414411000,
        "costAndExpenses": 1391446000,
        "interestIncome": 0,
        "interestExpense": 29922000,
        "depreciationAndAmortization": 28662000,
        "ebitda": 159103000,
        "ebitdaratio": 0.1044945606,
        "operatingIncome": 131150000,
        "operatingIncomeRatio": 0.0861357839,
        "totalOtherIncomeExpensesNet": -30631000,
        "incomeBeforeTax": 100519000,
        "incomeBeforeTaxRatio": 0.066018169,
        "incomeTaxExpense": 11082000,
        "netIncome": 89437000,
        "netIncomeRatio": 0.0587398102,
        "eps": 0.22,
        "epsdiluted": 0.22,
        "weightedAverageShsOut": 403316000,
        "weightedAverageShsOutDil": 408400000,
        "link": "https://www.sec.gov/Archives/edgar/data/1359841/000135984115000039/0001359841-15-000039-index.htm",
        "finalLink": "https://www.sec.gov/Archives/edgar/data/1359841/000135984115000039/hbi-20150103x10k.htm"
    },
    {
        "date": "2014-09-27",
        "symbol": "HBI",
        "reportedCurrency": "USD",
        "cik": "0001359841",
        "fillingDate": "2014-10-30",
        "acceptedDate": "2014-10-30 14:58:01",
        "calendarYear": "2014",
        "period": "Q3",
        "revenue": 1400728000,
        "costOfRevenue": 903013000,
        "grossProfit": 497715000,
        "grossProfitRatio": 0.3553259448,
        "researchAndDevelopmentExpenses": 0,
        "generalAndAdministrativeExpenses": 0,
        "sellingAndMarketingExpenses": 0,
        "sellingGeneralAndAdministrativeExpenses": 343823000,
        "otherExpenses": -795000,
        "operatingExpenses": 343823000,
        "costAndExpenses": 1246836000,
        "interestIncome": 0,
        "interestExpense": 23528000,
        "depreciationAndAmortization": 23500000,
        "ebitda": 176597000,
        "ebitdaratio": 0.1260751552,
        "operatingIncome": 153892000,
        "operatingIncomeRatio": 0.109865727,
        "totalOtherIncomeExpensesNet": -24323000,
        "incomeBeforeTax": 129569000,
        "incomeBeforeTaxRatio": 0.0925011851,
        "incomeTaxExpense": 10625000,
        "netIncome": 118944000,
        "netIncomeRatio": 0.0849158438,
        "eps": 0.3,
        "epsdiluted": 0.29,
        "weightedAverageShsOut": 402392000,
        "weightedAverageShsOutDil": 408524000,
        "link": "https://www.sec.gov/Archives/edgar/data/1359841/000135984114000129/0001359841-14-000129-index.htm",
        "finalLink": "https://www.sec.gov/Archives/edgar/data/1359841/000135984114000129/hbi-20140927x10q.htm"
    },
    {
        "date": "2014-06-28",
        "symbol": "HBI",
        "reportedCurrency": "USD",
        "cik": "0001359841",
        "fillingDate": "2014-07-24",
        "acceptedDate": "2014-07-24 15:39:21",
        "calendarYear": "2014",
        "period": "Q2",
        "revenue": 1342052000,
        "costOfRevenue": 837698000,
        "grossProfit": 504354000,
        "grossProfitRatio": 0.3758080909,
        "researchAndDevelopmentExpenses": 0,
        "generalAndAdministrativeExpenses": 0,
        "sellingAndMarketingExpenses": 0,
        "sellingGeneralAndAdministrativeExpenses": 297230000,
        "otherExpenses": -660000,
        "operatingExpenses": 297230000,
        "costAndExpenses": 1134928000,
        "interestIncome": 0,
        "interestExpense": 21119000,
        "depreciationAndAmortization": 22981000,
        "ebitda": 229445000,
        "ebitdaratio": 0.1709658046,
        "operatingIncome": 207124000,
        "operatingIncomeRatio": 0.1543338112,
        "totalOtherIncomeExpensesNet": -21779000,
        "incomeBeforeTax": 185345000,
        "incomeBeforeTaxRatio": 0.138105677,
        "incomeTaxExpense": 30767000,
        "netIncome": 154578000,
        "netIncomeRatio": 0.1151803358,
        "eps": 0.39,
        "epsdiluted": 0.38,
        "weightedAverageShsOut": 401920000,
        "weightedAverageShsOutDil": 408228000,
        "link": "https://www.sec.gov/Archives/edgar/data/1359841/000135984114000067/0001359841-14-000067-index.htm",
        "finalLink": "https://www.sec.gov/Archives/edgar/data/1359841/000135984114000067/hbi-20140628x10q.htm"
    },
    {
        "date": "2014-03-29",
        "symbol": "HBI",
        "reportedCurrency": "USD",
        "cik": "0001359841",
        "fillingDate": "2014-04-25",
        "acceptedDate": "2014-04-25 13:20:10",
        "calendarYear": "2014",
        "period": "Q1",
        "revenue": 1059370000,
        "costOfRevenue": 702593000,
        "grossProfit": 356777000,
        "grossProfitRatio": 0.3367822385,
        "researchAndDevelopmentExpenses": 0,
        "generalAndAdministrativeExpenses": 0,
        "sellingAndMarketingExpenses": 0,
        "sellingGeneralAndAdministrativeExpenses": 284989000,
        "otherExpenses": -435000,
        "operatingExpenses": 284989000,
        "costAndExpenses": 987582000,
        "interestIncome": 0,
        "interestExpense": 21818000,
        "depreciationAndAmortization": 23059000,
        "ebitda": 94412000,
        "ebitdaratio": 0.0891208926,
        "operatingIncome": 71788000,
        "operatingIncomeRatio": 0.0677648036,
        "totalOtherIncomeExpensesNet": -22253000,
        "incomeBeforeTax": 49535000,
        "incomeBeforeTaxRatio": 0.0467589228,
        "incomeTaxExpense": 7975000,
        "netIncome": 41560000,
        "netIncomeRatio": 0.0392308636,
        "eps": 0.1,
        "epsdiluted": 0.1,
        "weightedAverageShsOut": 401564000,
        "weightedAverageShsOutDil": 407876000,
        "link": "https://www.sec.gov/Archives/edgar/data/1359841/000135984114000028/0001359841-14-000028-index.htm",
        "finalLink": "https://www.sec.gov/Archives/edgar/data/1359841/000135984114000028/hbi-20140329x10q.htm"
    },
    {
        "date": "2013-12-28",
        "symbol": "HBI",
        "reportedCurrency": "USD",
        "cik": "0001359841",
        "fillingDate": "2014-02-06",
        "acceptedDate": "2014-02-06 12:46:14",
        "calendarYear": "2013",
        "period": "Q4",
        "revenue": 1285790000,
        "costOfRevenue": 858558000,
        "grossProfit": 427232000,
        "grossProfitRatio": 0.3322719884,
        "researchAndDevelopmentExpenses": 0,
        "generalAndAdministrativeExpenses": -47033000,
        "sellingAndMarketingExpenses": 402567000,
        "sellingGeneralAndAdministrativeExpenses": 355534000,
        "otherExpenses": 0,
        "operatingExpenses": 355534000,
        "costAndExpenses": 1214092000,
        "interestIncome": 0,
        "interestExpense": 26038000,
        "depreciationAndAmortization": 23689000,
        "ebitda": 79896000,
        "ebitdaratio": 0.0621376741,
        "operatingIncome": 71698000,
        "operatingIncomeRatio": 0.0557618274,
        "totalOtherIncomeExpensesNet": -41529000,
        "incomeBeforeTax": 30169000,
        "incomeBeforeTaxRatio": 0.023463396,
        "incomeTaxExpense": -2097000,
        "netIncome": 32266000,
        "netIncomeRatio": 0.0250943,
        "eps": 0.08,
        "epsdiluted": 0.08,
        "weightedAverageShsOut": 400636000,
        "weightedAverageShsOutDil": 407524000,
        "link": "https://www.sec.gov/Archives/edgar/data/1359841/000135984114000005/0001359841-14-000005-index.htm",
        "finalLink": "https://www.sec.gov/Archives/edgar/data/1359841/000135984114000005/hbi-20131228x10k.htm"
    },
    {
        "date": "2013-09-28",
        "symbol": "HBI",
        "reportedCurrency": "USD",
        "cik": "0001359841",
        "fillingDate": "2013-10-31",
        "acceptedDate": "2013-10-31 14:43:02",
        "calendarYear": "2013",
        "period": "Q3",
        "revenue": 1197346000,
        "costOfRevenue": 775666000,
        "grossProfit": 421680000,
        "grossProfitRatio": 0.3521789023,
        "researchAndDevelopmentExpenses": 0,
        "generalAndAdministrativeExpenses": 0,
        "sellingAndMarketingExpenses": 0,
        "sellingGeneralAndAdministrativeExpenses": 244782000,
        "otherExpenses": -795000,
        "operatingExpenses": 244782000,
        "costAndExpenses": 1020448000,
        "interestIncome": 0,
        "interestExpense": 25002000,
        "depreciationAndAmortization": 21571000,
        "ebitda": 198469000,
        "ebitdaratio": 0.1657574335,
        "operatingIncome": 176898000,
        "operatingIncomeRatio": 0.1477417555,
        "totalOtherIncomeExpensesNet": -25797000,
        "incomeBeforeTax": 151101000,
        "incomeBeforeTaxRatio": 0.1261966048,
        "incomeTaxExpense": 25838000,
        "netIncome": 125263000,
        "netIncomeRatio": 0.1046172117,
        "eps": 0.31,
        "epsdiluted": 0.31,
        "weightedAverageShsOut": 400264000,
        "weightedAverageShsOutDil": 407948000,
        "link": "https://www.sec.gov/Archives/edgar/data/1359841/000135984113000063/0001359841-13-000063-index.htm",
        "finalLink": "https://www.sec.gov/Archives/edgar/data/1359841/000135984113000063/hbi-20130928x10q.htm"
    },
    {
        "date": "2013-06-29",
        "symbol": "HBI",
        "reportedCurrency": "USD",
        "cik": "0001359841",
        "fillingDate": "2013-07-31",
        "acceptedDate": "2013-07-31 10:19:35",
        "calendarYear": "2013",
        "period": "Q2",
        "revenue": 1199205000,
        "costOfRevenue": 763723000,
        "grossProfit": 435482000,
        "grossProfitRatio": 0.3631422484,
        "researchAndDevelopmentExpenses": 0,
        "generalAndAdministrativeExpenses": 0,
        "sellingAndMarketingExpenses": 0,
        "sellingGeneralAndAdministrativeExpenses": 254035000,
        "otherExpenses": -751000,
        "operatingExpenses": 254035000,
        "costAndExpenses": 1017758000,
        "interestIncome": 0,
        "interestExpense": 25221000,
        "depreciationAndAmortization": 22409000,
        "ebitda": 203105000,
        "ebitdaratio": 0.1693663719,
        "operatingIncome": 181447000,
        "operatingIncomeRatio": 0.1513060736,
        "totalOtherIncomeExpensesNet": -25972000,
        "incomeBeforeTax": 155475000,
        "incomeBeforeTaxRatio": 0.1296483921,
        "incomeTaxExpense": 33889000,
        "netIncome": 121586000,
        "netIncomeRatio": 0.1013888368,
        "eps": 0.31,
        "epsdiluted": 0.3,
        "weightedAverageShsOut": 399420000,
        "weightedAverageShsOutDil": 408052000,
        "link": "https://www.sec.gov/Archives/edgar/data/1359841/000135984113000045/0001359841-13-000045-index.htm",
        "finalLink": "https://www.sec.gov/Archives/edgar/data/1359841/000135984113000045/hbi-20130629x10q.htm"
    },
    {
        "date": "2013-03-30",
        "symbol": "HBI",
        "reportedCurrency": "USD",
        "cik": "0001359841",
        "fillingDate": "2013-04-24",
        "acceptedDate": "2013-04-24 17:27:13",
        "calendarYear": "2013",
        "period": "Q1",
        "revenue": 945461000,
        "costOfRevenue": 618162000,
        "grossProfit": 327299000,
        "grossProfitRatio": 0.3461792713,
        "researchAndDevelopmentExpenses": 0,
        "generalAndAdministrativeExpenses": 0,
        "sellingAndMarketingExpenses": 0,
        "sellingGeneralAndAdministrativeExpenses": 242156000,
        "otherExpenses": -464000,
        "operatingExpenses": 242156000,
        "costAndExpenses": 860318000,
        "interestIncome": 0,
        "interestExpense": 25623000,
        "depreciationAndAmortization": 23221000,
        "ebitda": 107900000,
        "ebitdaratio": 0.1141242209,
        "operatingIncome": 85143000,
        "operatingIncomeRatio": 0.0900544814,
        "totalOtherIncomeExpensesNet": -26087000,
        "incomeBeforeTax": 59056000,
        "incomeBeforeTaxRatio": 0.0624626505,
        "incomeTaxExpense": 7677000,
        "netIncome": 51379000,
        "netIncomeRatio": 0.0543428021,
        "eps": 0.13,
        "epsdiluted": 0.13,
        "weightedAverageShsOut": 397476000,
        "weightedAverageShsOutDil": 405840000,
        "link": "https://www.sec.gov/Archives/edgar/data/1359841/000135984113000014/0001359841-13-000014-index.htm",
        "finalLink": "https://www.sec.gov/Archives/edgar/data/1359841/000135984113000014/hbi-20130330x10q.htm"
    },
    {
        "date": "2012-12-29",
        "symbol": "HBI",
        "reportedCurrency": "USD",
        "cik": "0001359841",
        "fillingDate": "2013-02-06",
        "acceptedDate": "2013-02-06 17:18:49",
        "calendarYear": "2012",
        "period": "Q4",
        "revenue": 1153256000,
        "costOfRevenue": 755185000,
        "grossProfit": 398071000,
        "grossProfitRatio": 0.3451714103,
        "researchAndDevelopmentExpenses": 0,
        "generalAndAdministrativeExpenses": -117758000,
        "sellingAndMarketingExpenses": 362818000,
        "sellingGeneralAndAdministrativeExpenses": 245060000,
        "otherExpenses": 0,
        "operatingExpenses": 245060000,
        "costAndExpenses": 1000245000,
        "interestIncome": 0,
        "interestExpense": 30352000,
        "depreciationAndAmortization": 22940000,
        "ebitda": 135636000,
        "ebitdaratio": 0.1176113543,
        "operatingIncome": 153011000,
        "operatingIncomeRatio": 0.1326773934,
        "totalOtherIncomeExpensesNet": -65838000,
        "incomeBeforeTax": 87173000,
        "incomeBeforeTaxRatio": 0.0755885944,
        "incomeTaxExpense": 8958000,
        "netIncome": 80388000,
        "netIncomeRatio": 0.0697052519,
        "eps": 0.2,
        "epsdiluted": 0.2,
        "weightedAverageShsOut": 395956000,
        "weightedAverageShsOutDil": 403540000,
        "link": "https://www.sec.gov/Archives/edgar/data/1359841/000119312513041391/0001193125-13-041391-index.htm",
        "finalLink": "https://www.sec.gov/Archives/edgar/data/1359841/000119312513041391/d455500d10k.htm"
    },
    {
        "date": "2012-09-29",
        "symbol": "HBI",
        "reportedCurrency": "USD",
        "cik": "0001359841",
        "fillingDate": "2012-10-24",
        "acceptedDate": "2012-10-24 16:36:03",
        "calendarYear": "2012",
        "period": "Q3",
        "revenue": 1218681000,
        "costOfRevenue": 818751000,
        "grossProfit": 399930000,
        "grossProfitRatio": 0.3281662716,
        "researchAndDevelopmentExpenses": 0,
        "generalAndAdministrativeExpenses": 0,
        "sellingAndMarketingExpenses": 0,
        "sellingGeneralAndAdministrativeExpenses": 243422000,
        "otherExpenses": 0,
        "operatingExpenses": 243422000,
        "costAndExpenses": 1062173000,
        "interestIncome": 0,
        "interestExpense": 32897000,
        "depreciationAndAmortization": 23047000,
        "ebitda": 176182000,
        "ebitdaratio": 0.1445677745,
        "operatingIncome": 156508000,
        "operatingIncomeRatio": 0.1284240913,
        "totalOtherIncomeExpensesNet": -36270000,
        "incomeBeforeTax": 120238000,
        "incomeBeforeTaxRatio": 0.0986624063,
        "incomeTaxExpense": 9055000,
        "netIncome": 109892000,
        "netIncomeRatio": 0.0901729,
        "eps": 0.28,
        "epsdiluted": 0.27,
        "weightedAverageShsOut": 394828000,
        "weightedAverageShsOutDil": 401888000,
        "link": "https://www.sec.gov/Archives/edgar/data/1359841/000119312512433391/0001193125-12-433391-index.htm",
        "finalLink": "https://www.sec.gov/Archives/edgar/data/1359841/000119312512433391/d411403d10q.htm"
    },
    {
        "date": "2012-06-30",
        "symbol": "HBI",
        "reportedCurrency": "USD",
        "cik": "0001359841",
        "fillingDate": "2012-08-02",
        "acceptedDate": "2012-08-01 18:04:57",
        "calendarYear": "2012",
        "period": "Q2",
        "revenue": 1180651000,
        "costOfRevenue": 813719000,
        "grossProfit": 366932000,
        "grossProfitRatio": 0.310787862,
        "researchAndDevelopmentExpenses": 0,
        "generalAndAdministrativeExpenses": 0,
        "sellingAndMarketingExpenses": 0,
        "sellingGeneralAndAdministrativeExpenses": 246981000,
        "otherExpenses": 0,
        "operatingExpenses": 246981000,
        "costAndExpenses": 1060700000,
        "interestIncome": 0,
        "interestExpense": 36611000,
        "depreciationAndAmortization": 23719000,
        "ebitda": 142859000,
        "ebitdaratio": 0.121000194,
        "operatingIncome": 119951000,
        "operatingIncomeRatio": 0.1015973391,
        "totalOtherIncomeExpensesNet": -37422000,
        "incomeBeforeTax": 82529000,
        "incomeBeforeTaxRatio": 0.0699012663,
        "incomeTaxExpense": 15213000,
        "netIncome": 1231000,
        "netIncomeRatio": 0.0010426451,
        "eps": 0.0025,
        "epsdiluted": 0.0025,
        "weightedAverageShsOut": 394288000,
        "weightedAverageShsOutDil": 400264000,
        "link": "https://www.sec.gov/Archives/edgar/data/1359841/000119312512329301/0001193125-12-329301-index.htm",
        "finalLink": "https://www.sec.gov/Archives/edgar/data/1359841/000119312512329301/d368249d10q.htm"
    },
    {
        "date": "2012-03-31",
        "symbol": "HBI",
        "reportedCurrency": "USD",
        "cik": "0001359841",
        "fillingDate": "2012-04-25",
        "acceptedDate": "2012-04-25 16:50:02",
        "calendarYear": "2012",
        "period": "Q1",
        "revenue": 973133000,
        "costOfRevenue": 718019000,
        "grossProfit": 255114000,
        "grossProfitRatio": 0.2621573824,
        "researchAndDevelopmentExpenses": 0,
        "generalAndAdministrativeExpenses": 0,
        "sellingAndMarketingExpenses": 0,
        "sellingGeneralAndAdministrativeExpenses": 244469000,
        "otherExpenses": 0,
        "operatingExpenses": 244469000,
        "costAndExpenses": 962488000,
        "interestIncome": 0,
        "interestExpense": 36995000,
        "depreciationAndAmortization": 23330000,
        "ebitda": 33330000,
        "ebitdaratio": 0.0342502001,
        "operatingIncome": 10645000,
        "operatingIncomeRatio": 0.0109388953,
        "totalOtherIncomeExpensesNet": -37640000,
        "incomeBeforeTax": -26995000,
        "incomeBeforeTaxRatio": -0.0277402986,
        "incomeTaxExpense": -2724000,
        "netIncome": -26830000,
        "netIncomeRatio": -0.0275707432,
        "eps": -0.0681,
        "epsdiluted": -0.0681,
        "weightedAverageShsOut": 394132000,
        "weightedAverageShsOutDil": 394132000,
        "link": "https://www.sec.gov/Archives/edgar/data/1359841/000119312512182268/0001193125-12-182268-index.htm",
        "finalLink": "https://www.sec.gov/Archives/edgar/data/1359841/000119312512182268/d328191d10q.htm"
    },
    {
        "date": "2011-12-31",
        "symbol": "HBI",
        "reportedCurrency": "USD",
        "cik": "0001359841",
        "fillingDate": "2012-02-17",
        "acceptedDate": "2012-02-17 11:39:50",
        "calendarYear": "2011",
        "period": "Q4",
        "revenue": 1145315000,
        "costOfRevenue": 812152000,
        "grossProfit": 333163000,
        "grossProfitRatio": 0.2908920253,
        "researchAndDevelopmentExpenses": 0,
        "generalAndAdministrativeExpenses": 0,
        "sellingAndMarketingExpenses": 0,
        "sellingGeneralAndAdministrativeExpenses": 257875000,
        "otherExpenses": 0,
        "operatingExpenses": 257875000,
        "costAndExpenses": 1070027000,
        "interestIncome": 0,
        "interestExpense": 37752000,
        "depreciationAndAmortization": 24157000,
        "ebitda": 99445000,
        "ebitdaratio": 0.0868276413,
        "operatingIncome": 75288000,
        "operatingIncomeRatio": 0.0657356273,
        "totalOtherIncomeExpensesNet": -41834000,
        "incomeBeforeTax": 33454000,
        "incomeBeforeTaxRatio": 0.0292094315,
        "incomeTaxExpense": -7511000,
        "netIncome": 40965000,
        "netIncomeRatio": 0.0357674526,
        "eps": 0.11,
        "epsdiluted": 0.1,
        "weightedAverageShsOut": 392628000,
        "weightedAverageShsOutDil": 397500000,
        "link": "https://www.sec.gov/Archives/edgar/data/1359841/000119312512066795/0001193125-12-066795-index.htm",
        "finalLink": "https://www.sec.gov/Archives/edgar/data/1359841/000119312512066795/d263461d10k.htm"
    },
    {
        "date": "2011-10-01",
        "symbol": "HBI",
        "reportedCurrency": "USD",
        "cik": "0001359841",
        "fillingDate": "2011-11-03",
        "acceptedDate": "2011-11-03 17:07:41",
        "calendarYear": "2011",
        "period": "Q3",
        "revenue": 1230185000,
        "costOfRevenue": 804742000,
        "grossProfit": 425443000,
        "grossProfitRatio": 0.3458366018,
        "researchAndDevelopmentExpenses": 0,
        "generalAndAdministrativeExpenses": 0,
        "sellingAndMarketingExpenses": 0,
        "sellingGeneralAndAdministrativeExpenses": 272761000,
        "otherExpenses": 0,
        "operatingExpenses": 272761000,
        "costAndExpenses": 1077503000,
        "interestIncome": 7000,
        "interestExpense": 38262000,
        "depreciationAndAmortization": 22433000,
        "ebitda": 167377000,
        "ebitdaratio": 0.1360583977,
        "operatingIncome": 144944000,
        "operatingIncomeRatio": 0.1178229291,
        "totalOtherIncomeExpensesNet": -39135000,
        "incomeBeforeTax": 105809000,
        "incomeBeforeTaxRatio": 0.0860106407,
        "incomeTaxExpense": 20739000,
        "netIncome": 90832000,
        "netIncomeRatio": 0.073836049,
        "eps": 0.23,
        "epsdiluted": 0.23,
        "weightedAverageShsOut": 391700000,
        "weightedAverageShsOutDil": 398140000,
        "link": "https://www.sec.gov/Archives/edgar/data/1359841/000119312511295360/0001193125-11-295360-index.htm",
        "finalLink": "https://www.sec.gov/Archives/edgar/data/1359841/000119312511295360/d246629d10q.htm"
    },
    {
        "date": "2011-07-02",
        "symbol": "HBI",
        "reportedCurrency": "USD",
        "cik": "0001359841",
        "fillingDate": "2011-07-28",
        "acceptedDate": "2011-07-28 17:13:47",
        "calendarYear": "2011",
        "period": "Q2",
        "revenue": 1225233000,
        "costOfRevenue": 797993000,
        "grossProfit": 427240000,
        "grossProfitRatio": 0.3487010226,
        "researchAndDevelopmentExpenses": 0,
        "generalAndAdministrativeExpenses": 0,
        "sellingAndMarketingExpenses": 0,
        "sellingGeneralAndAdministrativeExpenses": 278772000,
        "otherExpenses": 0,
        "operatingExpenses": 278772000,
        "costAndExpenses": 1076765000,
        "interestIncome": 0,
        "interestExpense": 39178000,
        "depreciationAndAmortization": 22448000,
        "ebitda": 157456000,
        "ebitdaratio": 0.1285110669,
        "operatingIncome": 135822000,
        "operatingIncomeRatio": 0.1108540172,
        "totalOtherIncomeExpensesNet": -39941000,
        "incomeBeforeTax": 95881000,
        "incomeBeforeTaxRatio": 0.0782553196,
        "incomeTaxExpense": 18121000,
        "netIncome": 86782000,
        "netIncomeRatio": 0.070828977,
        "eps": 0.22,
        "epsdiluted": 0.22,
        "weightedAverageShsOut": 390148000,
        "weightedAverageShsOutDil": 396896000,
        "link": "https://www.sec.gov/Archives/edgar/data/1359841/000095012311069698/0000950123-11-069698-index.htm",
        "finalLink": "https://www.sec.gov/Archives/edgar/data/1359841/000095012311069698/g24381e10vq.htm"
    },
    {
        "date": "2011-04-02",
        "symbol": "HBI",
        "reportedCurrency": "USD",
        "cik": "0001359841",
        "fillingDate": "2011-04-28",
        "acceptedDate": "2011-04-27 17:40:52",
        "calendarYear": "2011",
        "period": "Q1",
        "revenue": 1036410000,
        "costOfRevenue": 681885000,
        "grossProfit": 354525000,
        "grossProfitRatio": 0.3420702232,
        "researchAndDevelopmentExpenses": 0,
        "generalAndAdministrativeExpenses": 0,
        "sellingAndMarketingExpenses": 0,
        "sellingGeneralAndAdministrativeExpenses": 252682000,
        "otherExpenses": 0,
        "operatingExpenses": 252682000,
        "costAndExpenses": 934567000,
        "interestIncome": 0,
        "interestExpense": 41105000,
        "depreciationAndAmortization": 21687000,
        "ebitda": 123530000,
        "ebitdaratio": 0.1191902818,
        "operatingIncome": 101843000,
        "operatingIncomeRatio": 0.0982651653,
        "totalOtherIncomeExpensesNet": -41706000,
        "incomeBeforeTax": 60137000,
        "incomeBeforeTaxRatio": 0.058024334,
        "incomeTaxExpense": 12028000,
        "netIncome": 48109000,
        "netIncomeRatio": 0.0464188883,
        "eps": 0.12,
        "epsdiluted": 0.12,
        "weightedAverageShsOut": 388776000,
        "weightedAverageShsOutDil": 394356000,
        "link": "https://www.sec.gov/Archives/edgar/data/1359841/000095012311040209/0000950123-11-040209-index.htm",
        "finalLink": "https://www.sec.gov/Archives/edgar/data/1359841/000095012311040209/g26831e10vq.htm"
    },
    {
        "date": "2011-01-01",
        "symbol": "HBI",
        "reportedCurrency": "USD",
        "cik": "0001359841",
        "fillingDate": "2011-02-16",
        "acceptedDate": "2011-02-15 20:55:42",
        "calendarYear": "2010",
        "period": "Q4",
        "revenue": 1149659000,
        "costOfRevenue": 801001000,
        "grossProfit": 348658000,
        "grossProfitRatio": 0.3032707959,
        "researchAndDevelopmentExpenses": 0,
        "generalAndAdministrativeExpenses": 0,
        "sellingAndMarketingExpenses": 0,
        "sellingGeneralAndAdministrativeExpenses": 267047000,
        "otherExpenses": 0,
        "operatingExpenses": 267047000,
        "costAndExpenses": 1068048000,
        "interestIncome": 0,
        "interestExpense": 260630000,
        "depreciationAndAmortization": 23334000,
        "ebitda": 104945000,
        "ebitdaratio": 0.0912835893,
        "operatingIncome": 81611000,
        "operatingIncomeRatio": 0.0709871362,
        "totalOtherIncomeExpensesNet": -54935000,
        "incomeBeforeTax": 26676000,
        "incomeBeforeTaxRatio": 0.0232034021,
        "incomeTaxExpense": -1380000,
        "netIncome": 28056000,
        "netIncomeRatio": 0.024403758,
        "eps": 0.0718,
        "epsdiluted": 0.0718,
        "weightedAverageShsOut": 386996000,
        "weightedAverageShsOutDil": 391300000,
        "link": "https://www.sec.gov/Archives/edgar/data/1359841/000095012311014418/0000950123-11-014418-index.htm",
        "finalLink": "https://www.sec.gov/Archives/edgar/data/1359841/000095012311014418/g25453e10vk.htm"
    },
    {
        "date": "2010-10-02",
        "symbol": "HBI",
        "reportedCurrency": "USD",
        "cik": "0001359841",
        "fillingDate": "2010-10-28",
        "acceptedDate": "2010-10-28 14:44:48",
        "calendarYear": "2010",
        "period": "Q3",
        "revenue": 1173362000,
        "costOfRevenue": 809487000,
        "grossProfit": 363875000,
        "grossProfitRatio": 0.310113162,
        "researchAndDevelopmentExpenses": 0,
        "generalAndAdministrativeExpenses": 0,
        "sellingAndMarketingExpenses": 0,
        "sellingGeneralAndAdministrativeExpenses": 249815000,
        "otherExpenses": 0,
        "operatingExpenses": 249815000,
        "costAndExpenses": 1059302000,
        "interestIncome": 0,
        "interestExpense": 36326000,
        "depreciationAndAmortization": 20549000,
        "ebitda": 134609000,
        "ebitdaratio": 0.1147207767,
        "operatingIncome": 114060000,
        "operatingIncomeRatio": 0.0972078523,
        "totalOtherIncomeExpensesNet": -37420000,
        "incomeBeforeTax": 76640000,
        "incomeBeforeTaxRatio": 0.065316586,
        "incomeTaxExpense": 15328000,
        "netIncome": 61312000,
        "netIncomeRatio": 0.0522532688,
        "eps": 0.16,
        "epsdiluted": 0.16,
        "weightedAverageShsOut": 385984000,
        "weightedAverageShsOutDil": 391008000,
        "link": "https://www.sec.gov/Archives/edgar/data/1359841/000095012310097341/0000950123-10-097341-index.htm",
        "finalLink": "https://www.sec.gov/Archives/edgar/data/1359841/000095012310097341/g24354e10vq.htm"
    },
    {
        "date": "2010-07-03",
        "symbol": "HBI",
        "reportedCurrency": "USD",
        "cik": "0001359841",
        "fillingDate": "2010-07-28",
        "acceptedDate": "2010-07-28 16:55:09",
        "calendarYear": "2010",
        "period": "Q2",
        "revenue": 1075852000,
        "costOfRevenue": 701046000,
        "grossProfit": 374806000,
        "grossProfitRatio": 0.3483806323,
        "researchAndDevelopmentExpenses": 0,
        "generalAndAdministrativeExpenses": 0,
        "sellingAndMarketingExpenses": 0,
        "sellingGeneralAndAdministrativeExpenses": 252001000,
        "otherExpenses": 0,
        "operatingExpenses": 252001000,
        "costAndExpenses": 953047000,
        "interestIncome": 0,
        "interestExpense": 36573000,
        "depreciationAndAmortization": 19893000,
        "ebitda": 142698000,
        "ebitdaratio": 0.1326372029,
        "operatingIncome": 122805000,
        "operatingIncomeRatio": 0.1141467414,
        "totalOtherIncomeExpensesNet": -39201000,
        "incomeBeforeTax": 83604000,
        "incomeBeforeTaxRatio": 0.0777095734,
        "incomeTaxExpense": -1808000,
        "netIncome": 85412000,
        "netIncomeRatio": 0.079390102,
        "eps": 0.22,
        "epsdiluted": 0.22,
        "weightedAverageShsOut": 385680000,
        "weightedAverageShsOutDil": 392108000,
        "link": "https://www.sec.gov/Archives/edgar/data/1359841/000095012310069106/0000950123-10-069106-index.htm",
        "finalLink": "https://www.sec.gov/Archives/edgar/data/1359841/000095012310069106/g23902e10vq.htm"
    },
    {
        "date": "2010-04-03",
        "symbol": "HBI",
        "reportedCurrency": "USD",
        "cik": "0001359841",
        "fillingDate": "2010-04-29",
        "acceptedDate": "2010-04-29 11:15:38",
        "calendarYear": "2010",
        "period": "Q1",
        "revenue": 927840000,
        "costOfRevenue": 600410000,
        "grossProfit": 327430000,
        "grossProfitRatio": 0.3528948957,
        "researchAndDevelopmentExpenses": 0,
        "generalAndAdministrativeExpenses": 0,
        "sellingAndMarketingExpenses": 0,
        "sellingGeneralAndAdministrativeExpenses": 241718000,
        "otherExpenses": 0,
        "operatingExpenses": 241718000,
        "costAndExpenses": 842128000,
        "interestIncome": 0,
        "interestExpense": 37495000,
        "depreciationAndAmortization": 22836000,
        "ebitda": 108548000,
        "ebitdaratio": 0.1169899983,
        "operatingIncome": 85712000,
        "operatingIncomeRatio": 0.0923779962,
        "totalOtherIncomeExpensesNet": -38901000,
        "incomeBeforeTax": 46811000,
        "incomeBeforeTaxRatio": 0.0504515865,
        "incomeTaxExpense": 10298000,
        "netIncome": 36513000,
        "netIncomeRatio": 0.0393526901,
        "eps": 0.095,
        "epsdiluted": 0.0925,
        "weightedAverageShsOut": 385304000,
        "weightedAverageShsOutDil": 389972000,
        "link": "https://www.sec.gov/Archives/edgar/data/1359841/000095012310040233/0000950123-10-040233-index.htm",
        "finalLink": "https://www.sec.gov/Archives/edgar/data/1359841/000095012310040233/g22866e10vq.htm"
    },
    {
        "date": "2010-01-02",
        "symbol": "HBI",
        "reportedCurrency": "USD",
        "cik": "0001359841",
        "fillingDate": "2010-02-09",
        "acceptedDate": "2010-02-09 15:11:56",
        "calendarYear": "2009",
        "period": "Q4",
        "revenue": 988739000,
        "costOfRevenue": 665412000,
        "grossProfit": 323327000,
        "grossProfitRatio": 0.3270094535,
        "researchAndDevelopmentExpenses": 0,
        "generalAndAdministrativeExpenses": 0,
        "sellingAndMarketingExpenses": 0,
        "sellingGeneralAndAdministrativeExpenses": 238326000,
        "otherExpenses": 0,
        "operatingExpenses": 238326000,
        "costAndExpenses": 903738000,
        "interestIncome": 0,
        "interestExpense": 0,
        "depreciationAndAmortization": 29986000,
        "ebitda": 114987000,
        "ebitdaratio": 0.1162966162,
        "operatingIncome": 77432000,
        "operatingIncomeRatio": 0.0783138927,
        "totalOtherIncomeExpensesNet": 0,
        "incomeBeforeTax": -4063000,
        "incomeBeforeTaxRatio": -0.0041092745,
        "incomeTaxExpense": -2981000,
        "netIncome": -1082000,
        "netIncomeRatio": -0.0010943232,
        "eps": -0.0028,
        "epsdiluted": -0.0028,
        "weightedAverageShsOut": 383968000,
        "weightedAverageShsOutDil": 384200000,
        "link": "https://www.sec.gov/Archives/edgar/data/1359841/000095012310010369/0000950123-10-010369-index.htm",
        "finalLink": "https://www.sec.gov/Archives/edgar/data/1359841/000095012310010369/g21766e10vk.htm"
    },
    {
        "date": "2009-10-03",
        "symbol": "HBI",
        "reportedCurrency": "USD",
        "cik": "0001359841",
        "fillingDate": "2009-11-05",
        "acceptedDate": "2009-11-05 15:52:25",
        "calendarYear": "2009",
        "period": "Q3",
        "revenue": 1058673000,
        "costOfRevenue": 701993000,
        "grossProfit": 356680000,
        "grossProfitRatio": 0.3369123421,
        "researchAndDevelopmentExpenses": 0,
        "generalAndAdministrativeExpenses": 0,
        "sellingAndMarketingExpenses": 0,
        "sellingGeneralAndAdministrativeExpenses": 248267000,
        "otherExpenses": 0,
        "operatingExpenses": 248267000,
        "costAndExpenses": 950260000,
        "interestIncome": 0,
        "interestExpense": 42941000,
        "depreciationAndAmortization": 21140000,
        "ebitda": 129553000,
        "ebitdaratio": 0.1223730085,
        "operatingIncome": 93309000,
        "operatingIncomeRatio": 0.0881376969,
        "totalOtherIncomeExpensesNet": -45364000,
        "incomeBeforeTax": 47945000,
        "incomeBeforeTaxRatio": 0.0452878273,
        "incomeTaxExpense": 6807000,
        "netIncome": 41138000,
        "netIncomeRatio": 0.0388580799,
        "eps": 0.11,
        "epsdiluted": 0.11,
        "weightedAverageShsOut": 380988000,
        "weightedAverageShsOutDil": 385688000,
        "link": "https://www.sec.gov/Archives/edgar/data/1359841/000095012309058356/0000950123-09-058356-index.htm",
        "finalLink": "https://www.sec.gov/Archives/edgar/data/1359841/000095012309058356/g21016e10vq.htm"
    },
    {
        "date": "2009-07-04",
        "symbol": "HBI",
        "reportedCurrency": "USD",
        "cik": "0001359841",
        "fillingDate": "2009-08-06",
        "acceptedDate": "2009-08-06 17:13:57",
        "calendarYear": "2009",
        "period": "Q2",
        "revenue": 986022000,
        "costOfRevenue": 658631000,
        "grossProfit": 327391000,
        "grossProfitRatio": 0.3320321453,
        "researchAndDevelopmentExpenses": 0,
        "generalAndAdministrativeExpenses": 0,
        "sellingAndMarketingExpenses": 0,
        "sellingGeneralAndAdministrativeExpenses": 230699000,
        "otherExpenses": 0,
        "operatingExpenses": 230699000,
        "costAndExpenses": 889330000,
        "interestIncome": 0,
        "interestExpense": 44807000,
        "depreciationAndAmortization": 21579000,
        "ebitda": 118271000,
        "ebitdaratio": 0.1199476279,
        "operatingIncome": 84148000,
        "operatingIncomeRatio": 0.085340895,
        "totalOtherIncomeExpensesNet": 0,
        "incomeBeforeTax": 39173000,
        "incomeBeforeTaxRatio": 0.0397283225,
        "incomeTaxExpense": 8618000,
        "netIncome": 30555000,
        "netIncomeRatio": 0.0309881524,
        "eps": 0.08,
        "epsdiluted": 0.08,
        "weightedAverageShsOut": 380092000,
        "weightedAverageShsOutDil": 384668000,
        "link": "https://www.sec.gov/Archives/edgar/data/1359841/000095012309031326/0000950123-09-031326-index.htm",
        "finalLink": "https://www.sec.gov/Archives/edgar/data/1359841/000095012309031326/g20040e10vq.htm"
    },
    {
        "date": "2009-04-04",
        "symbol": "HBI",
        "reportedCurrency": "USD",
        "cik": "0001359841",
        "fillingDate": "2009-05-11",
        "acceptedDate": "2009-05-08 17:57:12",
        "calendarYear": "2009",
        "period": "Q1",
        "revenue": 857841000,
        "costOfRevenue": 599965000,
        "grossProfit": 257876000,
        "grossProfitRatio": 0.3006104861,
        "researchAndDevelopmentExpenses": 0,
        "generalAndAdministrativeExpenses": 0,
        "sellingAndMarketingExpenses": 0,
        "sellingGeneralAndAdministrativeExpenses": 223238000,
        "otherExpenses": 0,
        "operatingExpenses": 223238000,
        "costAndExpenses": 823203000,
        "interestIncome": 0,
        "interestExpense": 36800000,
        "depreciationAndAmortization": 24050000,
        "ebitda": 58688000,
        "ebitdaratio": 0.0684136104,
        "operatingIncome": 15967000,
        "operatingIncomeRatio": 0.0186130064,
        "totalOtherIncomeExpensesNet": -40746000,
        "incomeBeforeTax": -24779000,
        "incomeBeforeTaxRatio": -0.0288853063,
        "incomeTaxExpense": -5451000,
        "netIncome": -19328000,
        "netIncomeRatio": -0.0225309818,
        "eps": -0.0511,
        "epsdiluted": -0.0511,
        "weightedAverageShsOut": 377972000,
        "weightedAverageShsOutDil": 377972000,
        "link": "https://www.sec.gov/Archives/edgar/data/1359841/000095014409004127/0000950144-09-004127-index.htm",
        "finalLink": "https://www.sec.gov/Archives/edgar/data/1359841/000095014409004127/g18972e10vq.htm"
    },
    {
        "date": "2009-01-03",
        "symbol": "HBI",
        "reportedCurrency": "USD",
        "cik": "0001359841",
        "fillingDate": "2009-02-11",
        "acceptedDate": "2009-02-11 15:27:59",
        "calendarYear": "2008",
        "period": "Q4",
        "revenue": 1035117000,
        "costOfRevenue": 725471000,
        "grossProfit": 309646000,
        "grossProfitRatio": 0.2991410633,
        "researchAndDevelopmentExpenses": 0,
        "generalAndAdministrativeExpenses": 0,
        "sellingAndMarketingExpenses": 0,
        "sellingGeneralAndAdministrativeExpenses": 233340000,
        "otherExpenses": 0,
        "operatingExpenses": 233340000,
        "costAndExpenses": 958811000,
        "interestIncome": 0,
        "interestExpense": 74343000,
        "depreciationAndAmortization": 43564000,
        "ebitda": 119870000,
        "ebitdaratio": 0.1158033343,
        "operatingIncome": 1688000,
        "operatingIncomeRatio": 0.0016307335,
        "totalOtherIncomeExpensesNet": 0,
        "incomeBeforeTax": 19237000,
        "incomeBeforeTaxRatio": 0.0185843726,
        "incomeTaxExpense": 1356000,
        "netIncome": 17881000,
        "netIncomeRatio": 0.0172743757,
        "eps": 0.0472,
        "epsdiluted": 0.0472,
        "weightedAverageShsOut": 375340000,
        "weightedAverageShsOutDil": 379000000,
        "link": "https://www.sec.gov/Archives/edgar/data/1359841/000095014409001148/0000950144-09-001148-index.htm",
        "finalLink": "https://www.sec.gov/Archives/edgar/data/1359841/000095014409001148/g17358e10vk.htm"
    },
    {
        "date": "2008-09-27",
        "symbol": "HBI",
        "reportedCurrency": "USD",
        "cik": "0001359841",
        "fillingDate": "2008-10-31",
        "acceptedDate": "2008-10-31 16:59:58",
        "calendarYear": "2008",
        "period": "Q3",
        "revenue": 1153635000,
        "costOfRevenue": 811851000,
        "grossProfit": 341784000,
        "grossProfitRatio": 0.2962670169,
        "researchAndDevelopmentExpenses": 0,
        "generalAndAdministrativeExpenses": 0,
        "sellingAndMarketingExpenses": 0,
        "sellingGeneralAndAdministrativeExpenses": 255228000,
        "otherExpenses": 0,
        "operatingExpenses": 255228000,
        "costAndExpenses": 1067079000,
        "interestIncome": 0,
        "interestExpense": 93963000,
        "depreciationAndAmortization": 22653000,
        "ebitda": 109209000,
        "ebitdaratio": 0.0946651237,
        "operatingIncome": 58201000,
        "operatingIncomeRatio": 0.050450099,
        "totalOtherIncomeExpensesNet": 0,
        "incomeBeforeTax": 20948000,
        "incomeBeforeTaxRatio": 0.0181582563,
        "incomeTaxExpense": 5028000,
        "netIncome": 15920000,
        "netIncomeRatio": 0.0137998587,
        "eps": 0.0425,
        "epsdiluted": 0.0425,
        "weightedAverageShsOut": 375968000,
        "weightedAverageShsOutDil": 380072000,
        "link": "https://www.sec.gov/Archives/edgar/data/1359841/000095014408008019/0000950144-08-008019-index.htm",
        "finalLink": "https://www.sec.gov/Archives/edgar/data/1359841/000095014408008019/g16188qe10vq.htm"
    },
    {
        "date": "2008-06-28",
        "symbol": "HBI",
        "reportedCurrency": "USD",
        "cik": "0001359841",
        "fillingDate": "2008-08-01",
        "acceptedDate": "2008-08-01 09:49:16",
        "calendarYear": "2008",
        "period": "Q2",
        "revenue": 1072171000,
        "costOfRevenue": 691215000,
        "grossProfit": 380956000,
        "grossProfitRatio": 0.3553127253,
        "researchAndDevelopmentExpenses": 0,
        "generalAndAdministrativeExpenses": 0,
        "sellingAndMarketingExpenses": 0,
        "sellingGeneralAndAdministrativeExpenses": 266427000,
        "otherExpenses": 0,
        "operatingExpenses": 266427000,
        "costAndExpenses": 957642000,
        "interestIncome": 0,
        "interestExpense": 40519000,
        "depreciationAndAmortization": 28696000,
        "ebitda": 143225000,
        "ebitdaratio": 0.1335841018,
        "operatingIncome": 113087000,
        "operatingIncomeRatio": 0.1054747797,
        "totalOtherIncomeExpensesNet": 0,
        "incomeBeforeTax": 75452000,
        "incomeBeforeTaxRatio": 0.0703731028,
        "incomeTaxExpense": 18108000,
        "netIncome": 57344000,
        "netIncomeRatio": 0.0534840058,
        "eps": 0.15,
        "epsdiluted": 0.15,
        "weightedAverageShsOut": 377420000,
        "weightedAverageShsOutDil": 384236000,
        "link": "https://www.sec.gov/Archives/edgar/data/1359841/000095014408005920/0000950144-08-005920-index.htm",
        "finalLink": "https://www.sec.gov/Archives/edgar/data/1359841/000095014408005920/g14438qe10vq.htm"
    },
    {
        "date": "2008-03-29",
        "symbol": "HBI",
        "reportedCurrency": "USD",
        "cik": "0001359841",
        "fillingDate": "2008-05-07",
        "acceptedDate": "2008-05-06 19:43:27",
        "calendarYear": "2008",
        "period": "Q1",
        "revenue": 987847000,
        "costOfRevenue": 642883000,
        "grossProfit": 344964000,
        "grossProfitRatio": 0.3492079239,
        "researchAndDevelopmentExpenses": 0,
        "generalAndAdministrativeExpenses": 0,
        "sellingAndMarketingExpenses": 0,
        "sellingGeneralAndAdministrativeExpenses": 254612000,
        "otherExpenses": 0,
        "operatingExpenses": 254612000,
        "costAndExpenses": 897495000,
        "interestIncome": 0,
        "interestExpense": 45510000,
        "depreciationAndAmortization": 26264000,
        "ebitda": 116616000,
        "ebitdaratio": 0.1180506698,
        "operatingIncome": 87794000,
        "operatingIncomeRatio": 0.0888740868,
        "totalOtherIncomeExpensesNet": -40394000,
        "incomeBeforeTax": 47400000,
        "incomeBeforeTaxRatio": 0.0479831391,
        "incomeTaxExpense": 11376000,
        "netIncome": 36024000,
        "netIncomeRatio": 0.0364671857,
        "eps": 0.095,
        "epsdiluted": 0.095,
        "weightedAverageShsOut": 377376000,
        "weightedAverageShsOutDil": 382440000,
        "link": "https://www.sec.gov/Archives/edgar/data/1359841/000095014408003683/0000950144-08-003683-index.htm",
        "finalLink": "https://www.sec.gov/Archives/edgar/data/1359841/000095014408003683/g13020qe10vq.htm"
    },
    {
        "date": "2007-12-29",
        "symbol": "HBI",
        "reportedCurrency": "USD",
        "cik": "0001359841",
        "fillingDate": "2008-02-19",
        "acceptedDate": "2008-02-19 08:07:08",
        "calendarYear": "2007",
        "period": "Q4",
        "revenue": 1159130000,
        "costOfRevenue": 799275000,
        "grossProfit": 359855000,
        "grossProfitRatio": 0.3104526671,
        "researchAndDevelopmentExpenses": 0,
        "generalAndAdministrativeExpenses": 0,
        "sellingAndMarketingExpenses": 0,
        "sellingGeneralAndAdministrativeExpenses": 266937000,
        "otherExpenses": -32144000,
        "operatingExpenses": 234793000,
        "costAndExpenses": 1034068000,
        "interestIncome": 0,
        "interestExpense": 20833000,
        "depreciationAndAmortization": 33293000,
        "ebitda": 158355000,
        "ebitdaratio": 0.1366153926,
        "operatingIncome": 125864000,
        "operatingIncomeRatio": 0.1085848869,
        "totalOtherIncomeExpensesNet": 18461000,
        "incomeBeforeTax": 75078000,
        "incomeBeforeTaxRatio": 0.064770992,
        "incomeTaxExpense": 25285000,
        "netIncome": 49793000,
        "netIncomeRatio": 0.0429572179,
        "eps": 0.13,
        "epsdiluted": 0.13,
        "weightedAverageShsOut": 381776000,
        "weightedAverageShsOutDil": 382656000,
        "link": "https://www.sec.gov/Archives/edgar/data/1359841/000095014408001153/0000950144-08-001153-index.htm",
        "finalLink": "https://www.sec.gov/Archives/edgar/data/1359841/000095014408001153/g11379e10vk.htm"
    },
    {
        "date": "2007-09-29",
        "symbol": "HBI",
        "reportedCurrency": "USD",
        "cik": "0001359841",
        "fillingDate": "2007-11-05",
        "acceptedDate": "2007-11-05 16:18:56",
        "calendarYear": "2007",
        "period": "Q3",
        "revenue": 1153606000,
        "costOfRevenue": 792587000,
        "grossProfit": 361019000,
        "grossProfitRatio": 0.3129482683,
        "researchAndDevelopmentExpenses": 0,
        "generalAndAdministrativeExpenses": 0,
        "sellingAndMarketingExpenses": 0,
        "sellingGeneralAndAdministrativeExpenses": 253233000,
        "otherExpenses": 0,
        "operatingExpenses": 253233000,
        "costAndExpenses": 1045820000,
        "interestIncome": 0,
        "interestExpense": 55172000,
        "depreciationAndAmortization": 35306000,
        "ebitda": 143092000,
        "ebitdaratio": 0.1240388833,
        "operatingIncome": 105724000,
        "operatingIncomeRatio": 0.0916465414,
        "totalOtherIncomeExpensesNet": -50159000,
        "incomeBeforeTax": 55565000,
        "incomeBeforeTaxRatio": 0.0481663584,
        "incomeTaxExpense": 16669000,
        "netIncome": 38896000,
        "netIncomeRatio": 0.0337168843,
        "eps": 0.1,
        "epsdiluted": 0.1,
        "weightedAverageShsOut": 382656000,
        "weightedAverageShsOutDil": 386460000,
        "link": "https://www.sec.gov/Archives/edgar/data/1359841/000095014407009875/0000950144-07-009875-index.htm",
        "finalLink": "https://www.sec.gov/Archives/edgar/data/1359841/000095014407009875/g10259e10vq.htm"
    },
    {
        "date": "2007-06-30",
        "symbol": "HBI",
        "reportedCurrency": "USD",
        "cik": "0001359841",
        "fillingDate": "2007-08-03",
        "acceptedDate": "2007-08-03 17:19:52",
        "calendarYear": "2007",
        "period": "Q2",
        "revenue": 1121907000,
        "costOfRevenue": 741550000,
        "grossProfit": 380357000,
        "grossProfitRatio": 0.3390272099,
        "researchAndDevelopmentExpenses": 0,
        "generalAndAdministrativeExpenses": 0,
        "sellingAndMarketingExpenses": 0,
        "sellingGeneralAndAdministrativeExpenses": 266017000,
        "otherExpenses": 0,
        "operatingExpenses": 266017000,
        "costAndExpenses": 1007567000,
        "interestIncome": 0,
        "interestExpense": 104782000,
        "depreciationAndAmortization": 39757000,
        "ebitda": 154097000,
        "ebitdaratio": 0.1373527396,
        "operatingIncome": 88115000,
        "operatingIncomeRatio": 0.0785403781,
        "totalOtherIncomeExpensesNet": 0,
        "incomeBeforeTax": 36334000,
        "incomeBeforeTaxRatio": 0.0323859286,
        "incomeTaxExpense": 10900000,
        "netIncome": 25434000,
        "netIncomeRatio": 0.0226703283,
        "eps": 0.065,
        "epsdiluted": 0.065,
        "weightedAverageShsOut": 385016000,
        "weightedAverageShsOutDil": 388896000,
        "link": "https://www.sec.gov/Archives/edgar/data/1359841/000095014407007207/0000950144-07-007207-index.htm",
        "finalLink": "https://www.sec.gov/Archives/edgar/data/1359841/000095014407007207/g08538qe10vq.htm"
    },
    {
        "date": "2007-03-31",
        "symbol": "HBI",
        "reportedCurrency": "USD",
        "cik": "0001359841",
        "fillingDate": "2007-05-14",
        "acceptedDate": "2007-05-14 17:08:40",
        "calendarYear": "2007",
        "period": "Q1",
        "revenue": 1039894000,
        "costOfRevenue": 700215000,
        "grossProfit": 339679000,
        "grossProfitRatio": 0.326647716,
        "researchAndDevelopmentExpenses": 0,
        "generalAndAdministrativeExpenses": 0,
        "sellingAndMarketingExpenses": 0,
        "sellingGeneralAndAdministrativeExpenses": 254567000,
        "otherExpenses": 0,
        "operatingExpenses": 254567000,
        "costAndExpenses": 954782000,
        "interestIncome": 0,
        "interestExpense": 51717000,
        "depreciationAndAmortization": 29795000,
        "ebitda": 114907000,
        "ebitdaratio": 0.1104987624,
        "operatingIncome": 68866000,
        "operatingIncomeRatio": 0.0662240575,
        "totalOtherIncomeExpensesNet": 0,
        "incomeBeforeTax": 17149000,
        "incomeBeforeTaxRatio": 0.0164911039,
        "incomeTaxExpense": 5145000,
        "netIncome": 12004000,
        "netIncomeRatio": 0.0115434842,
        "eps": 0.03,
        "epsdiluted": 0.03,
        "weightedAverageShsOut": 385900000,
        "weightedAverageShsOutDil": 388420000,
        "link": "https://www.sec.gov/Archives/edgar/data/1359841/000095014407004801/0000950144-07-004801-index.htm",
        "finalLink": "https://www.sec.gov/Archives/edgar/data/1359841/000095014407004801/g07418e10vq.htm"
    },
    {
        "date": "2006-09-30",
        "symbol": "HBI",
        "reportedCurrency": "USD",
        "cik": "0001359841",
        "fillingDate": "2006-11-13",
        "acceptedDate": "2006-11-13 17:29:53",
        "calendarYear": "2006",
        "period": "Q3",
        "revenue": 1118968000,
        "costOfRevenue": 753337000,
        "grossProfit": 365631000,
        "grossProfitRatio": 0.3267573335,
        "researchAndDevelopmentExpenses": 0,
        "generalAndAdministrativeExpenses": 0,
        "sellingAndMarketingExpenses": 0,
        "sellingGeneralAndAdministrativeExpenses": 262426000,
        "otherExpenses": 0,
        "operatingExpenses": 262426000,
        "costAndExpenses": 1015763000,
        "interestIncome": 0,
        "interestExpense": 36195000,
        "depreciationAndAmortization": 29095000,
        "ebitda": 126617000,
        "ebitdaratio": 0.1131551573,
        "operatingIncome": 96238000,
        "operatingIncomeRatio": 0.0860060341,
        "totalOtherIncomeExpensesNet": 0,
        "incomeBeforeTax": 93138000,
        "incomeBeforeTaxRatio": 0.0832356243,
        "incomeTaxExpense": 18546000,
        "netIncome": 50345000,
        "netIncomeRatio": 0.0449923501,
        "eps": 0.19,
        "epsdiluted": 0.19,
        "weightedAverageShsOut": 385224000,
        "weightedAverageShsOutDil": 385224000,
        "link": "https://www.sec.gov/Archives/edgar/data/1359841/000095014406010809/0000950144-06-010809-index.htm",
        "finalLink": "https://www.sec.gov/Archives/edgar/data/1359841/000095014406010809/g04303e10vq.htm"
    },
    {
        "date": "2006-03-31",
        "symbol": "HBI",
        "reportedCurrency": "USD",
        "cik": "0001359841",
        "fillingDate": "2006-03-31",
        "acceptedDate": "2006-03-31 00:00:00",
        "calendarYear": "2006",
        "period": "Q1",
        "revenue": 1032860000,
        "costOfRevenue": 691968000,
        "grossProfit": 340892000,
        "grossProfitRatio": 0.3300466665,
        "researchAndDevelopmentExpenses": 0,
        "generalAndAdministrativeExpenses": 0,
        "sellingAndMarketingExpenses": 0,
        "sellingGeneralAndAdministrativeExpenses": 243370000,
        "otherExpenses": 0,
        "operatingExpenses": 243370000,
        "costAndExpenses": 935338000,
        "interestIncome": 0,
        "interestExpense": 5668000,
        "depreciationAndAmortization": 29095000,
        "ebitda": 126617000,
        "ebitdaratio": 0.1225887342,
        "operatingIncome": 96238000,
        "operatingIncomeRatio": 0.0931762291,
        "totalOtherIncomeExpensesNet": -3100000,
        "incomeBeforeTax": 93138000,
        "incomeBeforeTaxRatio": 0.0901748543,
        "incomeTaxExpense": 18546000,
        "netIncome": 74592000,
        "netIncomeRatio": 0.0722188874,
        "eps": 0.19,
        "epsdiluted": 0.19,
        "weightedAverageShsOut": 385224000,
        "weightedAverageShsOutDil": 385224000,
        "link": null,
        "finalLink": null
    },
    {
        "date": "2005-09-30",
        "symbol": "HBI",
        "reportedCurrency": "USD",
        "cik": "0001359841",
        "fillingDate": "2005-09-30",
        "acceptedDate": "2005-09-30 00:00:00",
        "calendarYear": "2005",
        "period": "Q3",
        "revenue": 1137961000,
        "costOfRevenue": 768442000,
        "grossProfit": 369519000,
        "grossProfitRatio": 0.3247202672,
        "researchAndDevelopmentExpenses": 0,
        "generalAndAdministrativeExpenses": 0,
        "sellingAndMarketingExpenses": 0,
        "sellingGeneralAndAdministrativeExpenses": 265927000,
        "otherExpenses": -456000,
        "operatingExpenses": 265471000,
        "costAndExpenses": 1033913000,
        "interestIncome": 0,
        "interestExpense": 4539000,
        "depreciationAndAmortization": 25347000,
        "ebitda": 129395000,
        "ebitdaratio": 0.1137077633,
        "operatingIncome": 103820000,
        "operatingIncomeRatio": 0.0912333551,
        "totalOtherIncomeExpensesNet": -4083000,
        "incomeBeforeTax": 99737000,
        "incomeBeforeTaxRatio": 0.0876453587,
        "incomeTaxExpense": 17133000,
        "netIncome": 82604000,
        "netIncomeRatio": 0.0725894824,
        "eps": 0.22,
        "epsdiluted": 0.22,
        "weightedAverageShsOut": 385224000,
        "weightedAverageShsOutDil": 385224000,
        "link": null,
        "finalLink": null
    }
]