[
    {
        "date": "2020-03-31",
        "symbol": "HCR",
        "reportedCurrency": "USD",
        "cik": "0001549848",
        "fillingDate": "2020-06-25",
        "acceptedDate": "2020-06-25 17:17:58",
        "calendarYear": "2020",
        "period": "Q1",
        "revenue": 146413000,
        "costOfRevenue": 136755000,
        "grossProfit": 9658000,
        "grossProfitRatio": 0.0659640879,
        "researchAndDevelopmentExpenses": 0,
        "generalAndAdministrativeExpenses": 12921000,
        "sellingAndMarketingExpenses": 1526000,
        "sellingGeneralAndAdministrativeExpenses": 14447000,
        "otherExpenses": 0,
        "operatingExpenses": 14447000,
        "costAndExpenses": 151202000,
        "interestIncome": 0,
        "interestExpense": 11761000,
        "depreciationAndAmortization": -146509000,
        "ebitda": -151298000,
        "ebitdaratio": -1.0333645236,
        "operatingIncome": -4789000,
        "operatingIncomeRatio": -0.0327088442,
        "totalOtherIncomeExpensesNet": -158270000,
        "incomeBeforeTax": -163059000,
        "incomeBeforeTaxRatio": -1.1136920902,
        "incomeTaxExpense": -16137000,
        "netIncome": -146922000,
        "netIncomeRatio": -1.0034764673,
        "eps": -1.46,
        "epsdiluted": -1.46,
        "weightedAverageShsOut": 100835200,
        "weightedAverageShsOutDil": 100835200,
        "link": "https://www.sec.gov/Archives/edgar/data/1549848/000154984820000034/0001549848-20-000034-index.htm",
        "finalLink": "https://www.sec.gov/Archives/edgar/data/1549848/000154984820000034/hcr10-qq12020.htm"
    },
    {
        "date": "2019-12-31",
        "symbol": "HCR",
        "reportedCurrency": "USD",
        "cik": "0001549848",
        "fillingDate": "2020-02-20",
        "acceptedDate": "2020-02-19 19:38:32",
        "calendarYear": "2019",
        "period": "Q4",
        "revenue": 125487000,
        "costOfRevenue": 118154000,
        "grossProfit": 7333000,
        "grossProfitRatio": 0.0584363321,
        "researchAndDevelopmentExpenses": 0,
        "generalAndAdministrativeExpenses": 11741000,
        "sellingAndMarketingExpenses": 1737000,
        "sellingGeneralAndAdministrativeExpenses": 13478000,
        "otherExpenses": 0,
        "operatingExpenses": 13478000,
        "costAndExpenses": 131632000,
        "interestIncome": 0,
        "interestExpense": 11588000,
        "depreciationAndAmortization": 8411000,
        "ebitda": -5172000,
        "ebitdaratio": -0.0412154247,
        "operatingIncome": -6145000,
        "operatingIncomeRatio": -0.0489692159,
        "totalOtherIncomeExpensesNet": -19026000,
        "incomeBeforeTax": -25171000,
        "incomeBeforeTaxRatio": -0.2005865149,
        "incomeTaxExpense": -3800000,
        "netIncome": -21371000,
        "netIncomeRatio": -0.1703044937,
        "eps": -0.21,
        "epsdiluted": -0.21,
        "weightedAverageShsOut": 100862060,
        "weightedAverageShsOutDil": 100862060,
        "link": "https://www.sec.gov/Archives/edgar/data/1549848/000154984820000017/0001549848-20-000017-index.html",
        "finalLink": "https://www.sec.gov/Archives/edgar/data/1549848/000154984820000017/a2019hi-crushinc10xk.htm"
    },
    {
        "date": "2019-09-30",
        "symbol": "HCR",
        "reportedCurrency": "USD",
        "cik": "0001549848",
        "fillingDate": "2019-11-05",
        "acceptedDate": "2019-11-05 16:22:08",
        "calendarYear": "2019",
        "period": "Q3",
        "revenue": 172972000,
        "costOfRevenue": 157780000,
        "grossProfit": 15192000,
        "grossProfitRatio": 0.087829244,
        "researchAndDevelopmentExpenses": 0,
        "generalAndAdministrativeExpenses": 12020000,
        "sellingAndMarketingExpenses": 1880000,
        "sellingGeneralAndAdministrativeExpenses": 13900000,
        "otherExpenses": 0,
        "operatingExpenses": 13900000,
        "costAndExpenses": 171680000,
        "interestIncome": 0,
        "interestExpense": 11790000,
        "depreciationAndAmortization": 16625000,
        "ebitda": -322064000,
        "ebitdaratio": -1.8619429734,
        "operatingIncome": 1292000,
        "operatingIncomeRatio": 0.007469417,
        "totalOtherIncomeExpensesNet": -351771000,
        "incomeBeforeTax": -350479000,
        "incomeBeforeTaxRatio": -2.0262181162,
        "incomeTaxExpense": -81982000,
        "netIncome": -268497000,
        "netIncomeRatio": -1.5522570127,
        "eps": -2.67,
        "epsdiluted": -2.67,
        "weightedAverageShsOut": 100711426,
        "weightedAverageShsOutDil": 100711426,
        "link": "https://www.sec.gov/Archives/edgar/data/1549848/000154984819000075/0001549848-19-000075-index.html",
        "finalLink": "https://www.sec.gov/Archives/edgar/data/1549848/000154984819000075/hcr10-qq32019.htm"
    },
    {
        "date": "2019-06-30",
        "symbol": "HCR",
        "reportedCurrency": "USD",
        "cik": "0001549848",
        "fillingDate": "2019-08-09",
        "acceptedDate": "2019-08-08 17:44:38",
        "calendarYear": "2019",
        "period": "Q2",
        "revenue": 178001000,
        "costOfRevenue": 155334000,
        "grossProfit": 22667000,
        "grossProfitRatio": 0.1273419812,
        "researchAndDevelopmentExpenses": 0,
        "generalAndAdministrativeExpenses": 15210000,
        "sellingAndMarketingExpenses": 1827000,
        "sellingGeneralAndAdministrativeExpenses": 17037000,
        "otherExpenses": 0,
        "operatingExpenses": 17037000,
        "costAndExpenses": 172371000,
        "interestIncome": 0,
        "interestExpense": 11806000,
        "depreciationAndAmortization": 18338000,
        "ebitda": 29067000,
        "ebitdaratio": 0.1632968354,
        "operatingIncome": 5630000,
        "operatingIncomeRatio": 0.0316290358,
        "totalOtherIncomeExpensesNet": -6707000,
        "incomeBeforeTax": -1077000,
        "incomeBeforeTaxRatio": -0.0060505278,
        "incomeTaxExpense": 116407000,
        "netIncome": -117484000,
        "netIncomeRatio": -0.6600187639,
        "eps": -1.16,
        "epsdiluted": -1.16,
        "weightedAverageShsOut": 101312754,
        "weightedAverageShsOutDil": 101312754,
        "link": "https://www.sec.gov/Archives/edgar/data/1549848/000154984819000062/0001549848-19-000062-index.html",
        "finalLink": "https://www.sec.gov/Archives/edgar/data/1549848/000154984819000062/hcr10-qq22019.htm"
    },
    {
        "date": "2019-03-31",
        "symbol": "HCR",
        "reportedCurrency": "USD",
        "cik": "0001549848",
        "fillingDate": "2019-05-07",
        "acceptedDate": "2019-05-07 16:07:23",
        "calendarYear": "2019",
        "period": "Q1",
        "revenue": 159910000,
        "costOfRevenue": 141794000,
        "grossProfit": 18116000,
        "grossProfitRatio": 0.1132887249,
        "researchAndDevelopmentExpenses": 0,
        "generalAndAdministrativeExpenses": 12613000,
        "sellingAndMarketingExpenses": 1805000,
        "sellingGeneralAndAdministrativeExpenses": 14418000,
        "otherExpenses": 0,
        "operatingExpenses": 14418000,
        "costAndExpenses": 156212000,
        "interestIncome": 0,
        "interestExpense": 10590000,
        "depreciationAndAmortization": 15590000,
        "ebitda": 19973000,
        "ebitdaratio": 0.1249015071,
        "operatingIncome": 3698000,
        "operatingIncomeRatio": 0.0231255081,
        "totalOtherIncomeExpensesNet": -9905000,
        "incomeBeforeTax": -6207000,
        "incomeBeforeTaxRatio": -0.0388155838,
        "incomeTaxExpense": 0,
        "netIncome": -6207000,
        "netIncomeRatio": -0.0388155838,
        "eps": -0.0614,
        "epsdiluted": -0.0614,
        "weightedAverageShsOut": 101017441,
        "weightedAverageShsOutDil": 101017441,
        "link": "https://www.sec.gov/Archives/edgar/data/1549848/000154984819000041/0001549848-19-000041-index.html",
        "finalLink": "https://www.sec.gov/Archives/edgar/data/1549848/000154984819000041/hclp10-qq12019.htm"
    },
    {
        "date": "2018-12-31",
        "symbol": "HCR",
        "reportedCurrency": "USD",
        "cik": "0001549848",
        "fillingDate": "2019-02-20",
        "acceptedDate": "2019-02-19 18:59:16",
        "calendarYear": "2018",
        "period": "Q4",
        "revenue": 162235000,
        "costOfRevenue": 143639000,
        "grossProfit": 18596000,
        "grossProfitRatio": 0.1146238481,
        "researchAndDevelopmentExpenses": 0,
        "generalAndAdministrativeExpenses": 19506000,
        "sellingAndMarketingExpenses": -1711000,
        "sellingGeneralAndAdministrativeExpenses": 17795000,
        "otherExpenses": 0,
        "operatingExpenses": 17795000,
        "costAndExpenses": 161434000,
        "interestIncome": 0,
        "interestExpense": 10193000,
        "depreciationAndAmortization": 11571000,
        "ebitda": 10857000,
        "ebitdaratio": 0.0669214411,
        "operatingIncome": 801000,
        "operatingIncomeRatio": 0.0049372823,
        "totalOtherIncomeExpensesNet": -11708000,
        "incomeBeforeTax": -10907000,
        "incomeBeforeTaxRatio": -0.067229636,
        "incomeTaxExpense": 0,
        "netIncome": -10907000,
        "netIncomeRatio": -0.067229636,
        "eps": -0.11,
        "epsdiluted": -0.11,
        "weightedAverageShsOut": 98359616,
        "weightedAverageShsOutDil": 98359616,
        "link": "https://www.sec.gov/Archives/edgar/data/1549848/000154984819000035/0001549848-19-000035-index.html",
        "finalLink": "https://www.sec.gov/Archives/edgar/data/1549848/000154984819000035/a2018hclp10-k.htm"
    },
    {
        "date": "2018-09-30",
        "symbol": "HCR",
        "reportedCurrency": "USD",
        "cik": "0001549848",
        "fillingDate": "2018-10-30",
        "acceptedDate": "2018-10-30 17:07:21",
        "calendarYear": "2018",
        "period": "Q3",
        "revenue": 213972000,
        "costOfRevenue": 157824000,
        "grossProfit": 56148000,
        "grossProfitRatio": 0.2624081656,
        "researchAndDevelopmentExpenses": 0,
        "generalAndAdministrativeExpenses": 16266000,
        "sellingAndMarketingExpenses": 755000,
        "sellingGeneralAndAdministrativeExpenses": 17021000,
        "otherExpenses": 0,
        "operatingExpenses": 17021000,
        "costAndExpenses": 174845000,
        "interestIncome": 0,
        "interestExpense": 7973000,
        "depreciationAndAmortization": 11456000,
        "ebitda": 45974000,
        "ebitdaratio": 0.2148598882,
        "operatingIncome": 39127000,
        "operatingIncomeRatio": 0.1828603743,
        "totalOtherIncomeExpensesNet": -12582000,
        "incomeBeforeTax": 26545000,
        "incomeBeforeTaxRatio": 0.124058288,
        "incomeTaxExpense": 0,
        "netIncome": 26545000,
        "netIncomeRatio": 0.124058288,
        "eps": 0.3,
        "epsdiluted": 0.29,
        "weightedAverageShsOut": 89277833,
        "weightedAverageShsOutDil": 90814714,
        "link": "https://www.sec.gov/Archives/edgar/data/1549848/000154984818000099/0001549848-18-000099-index.html",
        "finalLink": "https://www.sec.gov/Archives/edgar/data/1549848/000154984818000099/hclp10-qq32018.htm"
    },
    {
        "date": "2018-06-30",
        "symbol": "HCR",
        "reportedCurrency": "USD",
        "cik": "0001549848",
        "fillingDate": "2018-08-02",
        "acceptedDate": "2018-08-02 07:31:18",
        "calendarYear": "2018",
        "period": "Q2",
        "revenue": 248520000,
        "costOfRevenue": 165013000,
        "grossProfit": 83507000,
        "grossProfitRatio": 0.336017222,
        "researchAndDevelopmentExpenses": 0,
        "generalAndAdministrativeExpenses": 12616000,
        "sellingAndMarketingExpenses": 307000,
        "sellingGeneralAndAdministrativeExpenses": 12923000,
        "otherExpenses": 0,
        "operatingExpenses": 12923000,
        "costAndExpenses": 177936000,
        "interestIncome": 0,
        "interestExpense": 3720000,
        "depreciationAndAmortization": 10902000,
        "ebitda": 82630000,
        "ebitdaratio": 0.3324883309,
        "operatingIncome": 70584000,
        "operatingIncomeRatio": 0.2840173829,
        "totalOtherIncomeExpensesNet": -2576000,
        "incomeBeforeTax": 68008000,
        "incomeBeforeTaxRatio": 0.27365202,
        "incomeTaxExpense": 0,
        "netIncome": 68008000,
        "netIncomeRatio": 0.27365202,
        "eps": 0.77,
        "epsdiluted": 0.76,
        "weightedAverageShsOut": 88392179,
        "weightedAverageShsOutDil": 89729428,
        "link": "https://www.sec.gov/Archives/edgar/data/1549848/000154984818000052/0001549848-18-000052-index.html",
        "finalLink": "https://www.sec.gov/Archives/edgar/data/1549848/000154984818000052/hclp10-qq22018.htm"
    },
    {
        "date": "2018-03-31",
        "symbol": "HCR",
        "reportedCurrency": "USD",
        "cik": "0001549848",
        "fillingDate": "2018-05-01",
        "acceptedDate": "2018-05-01 16:16:29",
        "calendarYear": "2018",
        "period": "Q1",
        "revenue": 218113000,
        "costOfRevenue": 149782000,
        "grossProfit": 68331000,
        "grossProfitRatio": 0.3132825645,
        "researchAndDevelopmentExpenses": 0,
        "generalAndAdministrativeExpenses": 10940000,
        "sellingAndMarketingExpenses": 1147000,
        "sellingGeneralAndAdministrativeExpenses": 12087000,
        "otherExpenses": 0,
        "operatingExpenses": 12087000,
        "costAndExpenses": 161869000,
        "interestIncome": 0,
        "interestExpense": 3461000,
        "depreciationAndAmortization": 8220000,
        "ebitda": 65630000,
        "ebitdaratio": 0.3008990752,
        "operatingIncome": 56244000,
        "operatingIncomeRatio": 0.2578663353,
        "totalOtherIncomeExpensesNet": -2295000,
        "incomeBeforeTax": 53949000,
        "incomeBeforeTaxRatio": 0.2473442665,
        "incomeTaxExpense": 0,
        "netIncome": 53949000,
        "netIncomeRatio": 0.2473442665,
        "eps": 0.61,
        "epsdiluted": 0.6,
        "weightedAverageShsOut": 88870379,
        "weightedAverageShsOutDil": 90173318,
        "link": "https://www.sec.gov/Archives/edgar/data/1549848/000154984818000040/0001549848-18-000040-index.html",
        "finalLink": "https://www.sec.gov/Archives/edgar/data/1549848/000154984818000040/hclp10-qq12018.htm"
    },
    {
        "date": "2017-12-31",
        "symbol": "HCR",
        "reportedCurrency": "USD",
        "cik": "0001549848",
        "fillingDate": "2018-02-20",
        "acceptedDate": "2018-02-20 06:14:12",
        "calendarYear": "2017",
        "period": "Q4",
        "revenue": 216456000,
        "costOfRevenue": 154648000,
        "grossProfit": 61808000,
        "grossProfitRatio": 0.2855453302,
        "researchAndDevelopmentExpenses": 0,
        "generalAndAdministrativeExpenses": 10787000,
        "sellingAndMarketingExpenses": 115000,
        "sellingGeneralAndAdministrativeExpenses": 10902000,
        "otherExpenses": 0,
        "operatingExpenses": 10902000,
        "costAndExpenses": 165550000,
        "interestIncome": 0,
        "interestExpense": 3091000,
        "depreciationAndAmortization": 8641000,
        "ebitda": 54910000,
        "ebitdaratio": 0.2536774217,
        "operatingIncome": 50906000,
        "operatingIncomeRatio": 0.235179436,
        "totalOtherIncomeExpensesNet": -7728000,
        "incomeBeforeTax": 43178000,
        "incomeBeforeTaxRatio": 0.19947703,
        "incomeTaxExpense": 0,
        "netIncome": 43178000,
        "netIncomeRatio": 0.19947703,
        "eps": 0.49,
        "epsdiluted": 0.49,
        "weightedAverageShsOut": 88870379,
        "weightedAverageShsOutDil": 88870379,
        "link": "https://www.sec.gov/Archives/edgar/data/1549848/000154984818000028/0001549848-18-000028-index.html",
        "finalLink": "https://www.sec.gov/Archives/edgar/data/1549848/000154984818000028/a2017hclp10-k.htm"
    },
    {
        "date": "2017-09-30",
        "symbol": "HCR",
        "reportedCurrency": "USD",
        "cik": "0001549848",
        "fillingDate": "2017-10-31",
        "acceptedDate": "2017-10-31 16:07:56",
        "calendarYear": "2017",
        "period": "Q3",
        "revenue": 167583000,
        "costOfRevenue": 128760000,
        "grossProfit": 38823000,
        "grossProfitRatio": 0.2316643096,
        "researchAndDevelopmentExpenses": 0,
        "generalAndAdministrativeExpenses": 9583000,
        "sellingAndMarketingExpenses": -3439000,
        "sellingGeneralAndAdministrativeExpenses": 6144000,
        "otherExpenses": 0,
        "operatingExpenses": 6144000,
        "costAndExpenses": 134904000,
        "interestIncome": 0,
        "interestExpense": 2800000,
        "depreciationAndAmortization": 9227000,
        "ebitda": 41834000,
        "ebitdaratio": 0.2496315259,
        "operatingIncome": 32679000,
        "operatingIncomeRatio": 0.1950018797,
        "totalOtherIncomeExpensesNet": -2872000,
        "incomeBeforeTax": 29807000,
        "incomeBeforeTaxRatio": 0.1778641032,
        "incomeTaxExpense": -72000,
        "netIncome": 29807000,
        "netIncomeRatio": 0.1778641032,
        "eps": 0.33,
        "epsdiluted": 0.32,
        "weightedAverageShsOut": 91030558,
        "weightedAverageShsOutDil": 92027624,
        "link": "https://www.sec.gov/Archives/edgar/data/1549848/000154984817000122/0001549848-17-000122-index.html",
        "finalLink": "https://www.sec.gov/Archives/edgar/data/1549848/000154984817000122/hclp10-qq32017.htm"
    },
    {
        "date": "2017-06-30",
        "symbol": "HCR",
        "reportedCurrency": "USD",
        "cik": "0001549848",
        "fillingDate": "2017-08-02",
        "acceptedDate": "2017-08-02 16:44:40",
        "calendarYear": "2017",
        "period": "Q2",
        "revenue": 135220000,
        "costOfRevenue": 107478000,
        "grossProfit": 27742000,
        "grossProfitRatio": 0.2051619583,
        "researchAndDevelopmentExpenses": 0,
        "generalAndAdministrativeExpenses": 8961000,
        "sellingAndMarketingExpenses": 114000,
        "sellingGeneralAndAdministrativeExpenses": 9075000,
        "otherExpenses": 0,
        "operatingExpenses": 9075000,
        "costAndExpenses": 116553000,
        "interestIncome": 0,
        "interestExpense": 2440000,
        "depreciationAndAmortization": 8020000,
        "ebitda": 26840000,
        "ebitdaratio": 0.1984913474,
        "operatingIncome": 18667000,
        "operatingIncomeRatio": 0.1380491052,
        "totalOtherIncomeExpensesNet": -2287000,
        "incomeBeforeTax": 16380000,
        "incomeBeforeTaxRatio": 0.1211359266,
        "incomeTaxExpense": 153000,
        "netIncome": 16380000,
        "netIncomeRatio": 0.1211359266,
        "eps": 0.18,
        "epsdiluted": 0.18,
        "weightedAverageShsOut": 91021799,
        "weightedAverageShsOutDil": 91580888,
        "link": "https://www.sec.gov/Archives/edgar/data/1549848/000154984817000091/0001549848-17-000091-index.html",
        "finalLink": "https://www.sec.gov/Archives/edgar/data/1549848/000154984817000091/hclp10-qq22017.htm"
    },
    {
        "date": "2017-03-31",
        "symbol": "HCR",
        "reportedCurrency": "USD",
        "cik": "0001549848",
        "fillingDate": "2017-05-01",
        "acceptedDate": "2017-05-01 17:11:27",
        "calendarYear": "2017",
        "period": "Q1",
        "revenue": 83364000,
        "costOfRevenue": 76911000,
        "grossProfit": 6453000,
        "grossProfitRatio": 0.077407514,
        "researchAndDevelopmentExpenses": 0,
        "generalAndAdministrativeExpenses": 9677000,
        "sellingAndMarketingExpenses": 114000,
        "sellingGeneralAndAdministrativeExpenses": 9791000,
        "otherExpenses": 0,
        "operatingExpenses": 9791000,
        "costAndExpenses": 86702000,
        "interestIncome": 0,
        "interestExpense": 2927000,
        "depreciationAndAmortization": 5249000,
        "ebitda": 1345000,
        "ebitdaratio": 0.0161340627,
        "operatingIncome": -3338000,
        "operatingIncomeRatio": -0.0400412648,
        "totalOtherIncomeExpensesNet": -3493000,
        "incomeBeforeTax": -6831000,
        "incomeBeforeTaxRatio": -0.0819418454,
        "incomeTaxExpense": 0,
        "netIncome": -6831000,
        "netIncomeRatio": -0.0819418454,
        "eps": -0.0928,
        "epsdiluted": -0.0928,
        "weightedAverageShsOut": 73586987,
        "weightedAverageShsOutDil": 73586987,
        "link": "https://www.sec.gov/Archives/edgar/data/1549848/000154984817000070/0001549848-17-000070-index.html",
        "finalLink": "https://www.sec.gov/Archives/edgar/data/1549848/000154984817000070/hclp10-qq12017.htm"
    },
    {
        "date": "2016-12-31",
        "symbol": "HCR",
        "reportedCurrency": "USD",
        "cik": "0001549848",
        "fillingDate": "2017-02-21",
        "acceptedDate": "2017-02-21 16:07:03",
        "calendarYear": "2016",
        "period": "Q4",
        "revenue": 67297000,
        "costOfRevenue": 66598000,
        "grossProfit": 699000,
        "grossProfitRatio": 0.0103867929,
        "researchAndDevelopmentExpenses": 0,
        "generalAndAdministrativeExpenses": 4888000,
        "sellingAndMarketingExpenses": 95000,
        "sellingGeneralAndAdministrativeExpenses": 4983000,
        "otherExpenses": 0,
        "operatingExpenses": 4983000,
        "costAndExpenses": 71581000,
        "interestIncome": 0,
        "interestExpense": 2943000,
        "depreciationAndAmortization": 4408000,
        "ebitda": 127000,
        "ebitdaratio": 0.0018871569,
        "operatingIncome": -4284000,
        "operatingIncomeRatio": -0.0636581125,
        "totalOtherIncomeExpensesNet": -2971000,
        "incomeBeforeTax": -7255000,
        "incomeBeforeTaxRatio": -0.1078056971,
        "incomeTaxExpense": -28000,
        "netIncome": -7224000,
        "netIncomeRatio": -0.1073450525,
        "eps": -0.11,
        "epsdiluted": -0.11,
        "weightedAverageShsOut": 63668189,
        "weightedAverageShsOutDil": 63668189,
        "link": "https://www.sec.gov/Archives/edgar/data/1549848/000154984817000014/0001549848-17-000014-index.html",
        "finalLink": "https://www.sec.gov/Archives/edgar/data/1549848/000154984817000014/a2016hclp10-k.htm"
    },
    {
        "date": "2016-09-30",
        "symbol": "HCR",
        "reportedCurrency": "USD",
        "cik": "0001549848",
        "fillingDate": "2016-10-31",
        "acceptedDate": "2016-10-31 16:18:08",
        "calendarYear": "2016",
        "period": "Q3",
        "revenue": 46556000,
        "costOfRevenue": 46340000,
        "grossProfit": 216000,
        "grossProfitRatio": 0.0046395738,
        "researchAndDevelopmentExpenses": 0,
        "generalAndAdministrativeExpenses": 7896000,
        "sellingAndMarketingExpenses": 94000,
        "sellingGeneralAndAdministrativeExpenses": 7990000,
        "otherExpenses": 0,
        "operatingExpenses": 7990000,
        "costAndExpenses": 54330000,
        "interestIncome": 0,
        "interestExpense": 2845000,
        "depreciationAndAmortization": 5890000,
        "ebitda": -2007000,
        "ebitdaratio": -0.0431093737,
        "operatingIncome": -7774000,
        "operatingIncomeRatio": -0.1669816995,
        "totalOtherIncomeExpensesNet": -2993000,
        "incomeBeforeTax": -10767000,
        "incomeBeforeTaxRatio": -0.2312698685,
        "incomeTaxExpense": -148000,
        "netIncome": -10742000,
        "netIncomeRatio": -0.2307328808,
        "eps": -0.19,
        "epsdiluted": -0.19,
        "weightedAverageShsOut": 55095464,
        "weightedAverageShsOutDil": 55095464,
        "link": "https://www.sec.gov/Archives/edgar/data/1549848/000154984816000153/0001549848-16-000153-index.html",
        "finalLink": "https://www.sec.gov/Archives/edgar/data/1549848/000154984816000153/a10-qq32016.htm"
    },
    {
        "date": "2016-06-30",
        "symbol": "HCR",
        "reportedCurrency": "USD",
        "cik": "0001549848",
        "fillingDate": "2016-08-02",
        "acceptedDate": "2016-08-01 21:16:40",
        "calendarYear": "2016",
        "period": "Q2",
        "revenue": 38429000,
        "costOfRevenue": 39889000,
        "grossProfit": -1460000,
        "grossProfitRatio": -0.0379921414,
        "researchAndDevelopmentExpenses": 0,
        "generalAndAdministrativeExpenses": 5346000,
        "sellingAndMarketingExpenses": 89000,
        "sellingGeneralAndAdministrativeExpenses": 5435000,
        "otherExpenses": 0,
        "operatingExpenses": 5435000,
        "costAndExpenses": 45324000,
        "interestIncome": 0,
        "interestExpense": 3914000,
        "depreciationAndAmortization": 3555000,
        "ebitda": -3422000,
        "ebitdaratio": -0.089047334,
        "operatingIncome": -6895000,
        "operatingIncomeRatio": -0.1794217908,
        "totalOtherIncomeExpensesNet": -4016000,
        "incomeBeforeTax": -10911000,
        "incomeBeforeTaxRatio": -0.2839262016,
        "incomeTaxExpense": -102000,
        "netIncome": -10891000,
        "netIncomeRatio": -0.2834057613,
        "eps": -0.26,
        "epsdiluted": -0.26,
        "weightedAverageShsOut": 42254647,
        "weightedAverageShsOutDil": 42254647,
        "link": "https://www.sec.gov/Archives/edgar/data/1549848/000154984816000118/0001549848-16-000118-index.htm",
        "finalLink": "https://www.sec.gov/Archives/edgar/data/1549848/000154984816000118/a10-qq22016.htm"
    },
    {
        "date": "2016-03-31",
        "symbol": "HCR",
        "reportedCurrency": "USD",
        "cik": "0001549848",
        "fillingDate": "2016-04-28",
        "acceptedDate": "2016-04-28 16:02:06",
        "calendarYear": "2016",
        "period": "Q1",
        "revenue": 52148000,
        "costOfRevenue": 52680000,
        "grossProfit": -532000,
        "grossProfitRatio": -0.0102017335,
        "researchAndDevelopmentExpenses": 0,
        "generalAndAdministrativeExpenses": 13603000,
        "sellingAndMarketingExpenses": 88000,
        "sellingGeneralAndAdministrativeExpenses": 13691000,
        "otherExpenses": 0,
        "operatingExpenses": 13691000,
        "costAndExpenses": 66371000,
        "interestIncome": 0,
        "interestExpense": 3547000,
        "depreciationAndAmortization": 3273000,
        "ebitda": -44674000,
        "ebitdaratio": -0.8566771497,
        "operatingIncome": -14223000,
        "operatingIncomeRatio": -0.2727429623,
        "totalOtherIncomeExpensesNet": -37294000,
        "incomeBeforeTax": -51517000,
        "incomeBeforeTaxRatio": -0.9878998236,
        "incomeTaxExpense": -33747000,
        "netIncome": -51494000,
        "netIncomeRatio": -0.9874587712,
        "eps": -1.39,
        "epsdiluted": -1.39,
        "weightedAverageShsOut": 37035068,
        "weightedAverageShsOutDil": 37035068,
        "link": "https://www.sec.gov/Archives/edgar/data/1549848/000154984816000106/0001549848-16-000106-index.html",
        "finalLink": "https://www.sec.gov/Archives/edgar/data/1549848/000154984816000106/a10-qq12016.htm"
    },
    {
        "date": "2015-12-31",
        "symbol": "HCR",
        "reportedCurrency": "USD",
        "cik": "0001549848",
        "fillingDate": "2016-02-23",
        "acceptedDate": "2016-02-22 21:09:18",
        "calendarYear": "2015",
        "period": "Q4",
        "revenue": 72077000,
        "costOfRevenue": 62634000,
        "grossProfit": 9443000,
        "grossProfitRatio": 0.131012667,
        "researchAndDevelopmentExpenses": 0,
        "generalAndAdministrativeExpenses": 4419000,
        "sellingAndMarketingExpenses": 0,
        "sellingGeneralAndAdministrativeExpenses": -7806000,
        "otherExpenses": 0,
        "operatingExpenses": -7806000,
        "costAndExpenses": 54828000,
        "interestIncome": 0,
        "interestExpense": 4127000,
        "depreciationAndAmortization": 2660000,
        "ebitda": 18025000,
        "ebitdaratio": 0.2500797758,
        "operatingIncome": 17249000,
        "operatingIncomeRatio": 0.2393135119,
        "totalOtherIncomeExpensesNet": -6068000,
        "incomeBeforeTax": 11181000,
        "incomeBeforeTaxRatio": 0.1551257683,
        "incomeTaxExpense": -1941000,
        "netIncome": 11238000,
        "netIncomeRatio": 0.1559165892,
        "eps": 0.3,
        "epsdiluted": 0.3,
        "weightedAverageShsOut": 37035068,
        "weightedAverageShsOutDil": 37035068,
        "link": "https://www.sec.gov/Archives/edgar/data/1549848/000154984816000101/0001549848-16-000101-index.html",
        "finalLink": "https://www.sec.gov/Archives/edgar/data/1549848/000154984816000101/a2015hclp10-k.htm"
    },
    {
        "date": "2015-09-30",
        "symbol": "HCR",
        "reportedCurrency": "USD",
        "cik": "0001549848",
        "fillingDate": "2015-10-26",
        "acceptedDate": "2015-10-26 16:12:41",
        "calendarYear": "2015",
        "period": "Q3",
        "revenue": 81494000,
        "costOfRevenue": 66400000,
        "grossProfit": 15094000,
        "grossProfitRatio": 0.1852160895,
        "researchAndDevelopmentExpenses": 0,
        "generalAndAdministrativeExpenses": 5979000,
        "sellingAndMarketingExpenses": 84000,
        "sellingGeneralAndAdministrativeExpenses": 6063000,
        "otherExpenses": 0,
        "operatingExpenses": 6063000,
        "costAndExpenses": 72463000,
        "interestIncome": 0,
        "interestExpense": 3386000,
        "depreciationAndAmortization": 5052000,
        "ebitda": -9670000,
        "ebitdaratio": -0.1186590424,
        "operatingIncome": 9031000,
        "operatingIncomeRatio": 0.1108179743,
        "totalOtherIncomeExpensesNet": -27104000,
        "incomeBeforeTax": -18073000,
        "incomeBeforeTaxRatio": -0.2217709279,
        "incomeTaxExpense": -23718000,
        "netIncome": -18108000,
        "netIncomeRatio": -0.2222004074,
        "eps": -0.49,
        "epsdiluted": -0.49,
        "weightedAverageShsOut": 36959020,
        "weightedAverageShsOutDil": 36959020,
        "link": "https://www.sec.gov/Archives/edgar/data/1549848/000154984815000056/0001549848-15-000056-index.html",
        "finalLink": "https://www.sec.gov/Archives/edgar/data/1549848/000154984815000056/a10-qq32015.htm"
    },
    {
        "date": "2015-06-30",
        "symbol": "HCR",
        "reportedCurrency": "USD",
        "cik": "0001549848",
        "fillingDate": "2015-08-06",
        "acceptedDate": "2015-08-05 19:58:05",
        "calendarYear": "2015",
        "period": "Q2",
        "revenue": 83958000,
        "costOfRevenue": 63698000,
        "grossProfit": 20260000,
        "grossProfitRatio": 0.2413111318,
        "researchAndDevelopmentExpenses": 0,
        "generalAndAdministrativeExpenses": 5749000,
        "sellingAndMarketingExpenses": 84000,
        "sellingGeneralAndAdministrativeExpenses": 5833000,
        "otherExpenses": 0,
        "operatingExpenses": 5833000,
        "costAndExpenses": 69531000,
        "interestIncome": 0,
        "interestExpense": 2979000,
        "depreciationAndAmortization": 4768000,
        "ebitda": 19197000,
        "ebitdaratio": 0.2286500393,
        "operatingIncome": 14427000,
        "operatingIncomeRatio": 0.171835918,
        "totalOtherIncomeExpensesNet": -2979000,
        "incomeBeforeTax": 11448000,
        "incomeBeforeTaxRatio": 0.1363538912,
        "incomeTaxExpense": 0,
        "netIncome": 11450000,
        "netIncomeRatio": 0.1363777127,
        "eps": 0.31,
        "epsdiluted": 0.31,
        "weightedAverageShsOut": 36958770,
        "weightedAverageShsOutDil": 37200774,
        "link": "https://www.sec.gov/Archives/edgar/data/1549848/000154984815000044/0001549848-15-000044-index.html",
        "finalLink": "https://www.sec.gov/Archives/edgar/data/1549848/000154984815000044/a10qq215.htm"
    },
    {
        "date": "2015-03-31",
        "symbol": "HCR",
        "reportedCurrency": "USD",
        "cik": "0001549848",
        "fillingDate": "2015-05-06",
        "acceptedDate": "2015-05-05 20:26:01",
        "calendarYear": "2015",
        "period": "Q1",
        "revenue": 102111000,
        "costOfRevenue": 68639000,
        "grossProfit": 33472000,
        "grossProfitRatio": 0.3278001391,
        "researchAndDevelopmentExpenses": 0,
        "generalAndAdministrativeExpenses": 6218000,
        "sellingAndMarketingExpenses": 83000,
        "sellingGeneralAndAdministrativeExpenses": 6301000,
        "otherExpenses": 0,
        "operatingExpenses": 6301000,
        "costAndExpenses": 74940000,
        "interestIncome": 0,
        "interestExpense": 3317000,
        "depreciationAndAmortization": 2410000,
        "ebitda": 29412000,
        "ebitdaratio": 0.2880394864,
        "operatingIncome": 27171000,
        "operatingIncomeRatio": 0.2660927814,
        "totalOtherIncomeExpensesNet": -3317000,
        "incomeBeforeTax": 23854000,
        "incomeBeforeTaxRatio": 0.2336085241,
        "incomeTaxExpense": 0,
        "netIncome": 23685000,
        "netIncomeRatio": 0.2319534624,
        "eps": 0.64,
        "epsdiluted": 0.64,
        "weightedAverageShsOut": 36958277,
        "weightedAverageShsOutDil": 37201044,
        "link": "https://www.sec.gov/Archives/edgar/data/1549848/000154984815000037/0001549848-15-000037-index.html",
        "finalLink": "https://www.sec.gov/Archives/edgar/data/1549848/000154984815000037/a10qq115.htm"
    },
    {
        "date": "2014-12-31",
        "symbol": "HCR",
        "reportedCurrency": "USD",
        "cik": "0001549848",
        "fillingDate": "2015-02-27",
        "acceptedDate": "2015-02-27 06:07:37",
        "calendarYear": "2014",
        "period": "Q4",
        "revenue": 130929000,
        "costOfRevenue": 82319000,
        "grossProfit": 48610000,
        "grossProfitRatio": 0.3712699249,
        "researchAndDevelopmentExpenses": 0,
        "generalAndAdministrativeExpenses": 7059000,
        "sellingAndMarketingExpenses": 62000,
        "sellingGeneralAndAdministrativeExpenses": 7121000,
        "otherExpenses": 0,
        "operatingExpenses": 7121000,
        "costAndExpenses": 89440000,
        "interestIncome": 0,
        "interestExpense": 3110000,
        "depreciationAndAmortization": 3078000,
        "ebitda": 44316000,
        "ebitdaratio": 0.3384735238,
        "operatingIncome": 41489000,
        "operatingIncomeRatio": 0.3168816687,
        "totalOtherIncomeExpensesNet": -3110000,
        "incomeBeforeTax": 38379000,
        "incomeBeforeTaxRatio": 0.2931283367,
        "incomeTaxExpense": 0,
        "netIncome": 38128000,
        "netIncomeRatio": 0.2912112672,
        "eps": 1.03,
        "epsdiluted": 1.03,
        "weightedAverageShsOut": 36952426,
        "weightedAverageShsOutDil": 37033443,
        "link": "https://www.sec.gov/Archives/edgar/data/1549848/000154984815000031/0001549848-15-000031-index.htm",
        "finalLink": "https://www.sec.gov/Archives/edgar/data/1549848/000154984815000031/a12311410-k.htm"
    },
    {
        "date": "2014-09-30",
        "symbol": "HCR",
        "reportedCurrency": "USD",
        "cik": "0001549848",
        "fillingDate": "2014-11-04",
        "acceptedDate": "2014-11-03 19:54:30",
        "calendarYear": "2014",
        "period": "Q3",
        "revenue": 102316000,
        "costOfRevenue": 55640000,
        "grossProfit": 46676000,
        "grossProfitRatio": 0.4561945346,
        "researchAndDevelopmentExpenses": 0,
        "generalAndAdministrativeExpenses": 6183000,
        "sellingAndMarketingExpenses": 61000,
        "sellingGeneralAndAdministrativeExpenses": 6244000,
        "otherExpenses": 0,
        "operatingExpenses": 6244000,
        "costAndExpenses": 61884000,
        "interestIncome": 0,
        "interestExpense": 3111000,
        "depreciationAndAmortization": 3458000,
        "ebitda": 43598000,
        "ebitdaratio": 0.4261112631,
        "operatingIncome": 40432000,
        "operatingIncomeRatio": 0.3951679112,
        "totalOtherIncomeExpensesNet": -3111000,
        "incomeBeforeTax": 37321000,
        "incomeBeforeTaxRatio": 0.3647621095,
        "incomeTaxExpense": 0,
        "netIncome": 37029000,
        "netIncomeRatio": 0.361908206,
        "eps": 1.06,
        "epsdiluted": 1,
        "weightedAverageShsOut": 35077527,
        "weightedAverageShsOutDil": 37033959,
        "link": "https://www.sec.gov/Archives/edgar/data/1549848/000154984814000086/0001549848-14-000086-index.html",
        "finalLink": "https://www.sec.gov/Archives/edgar/data/1549848/000154984814000086/a10qq314.htm"
    },
    {
        "date": "2014-06-30",
        "symbol": "HCR",
        "reportedCurrency": "USD",
        "cik": "0001549848",
        "fillingDate": "2014-08-05",
        "acceptedDate": "2014-08-04 21:28:50",
        "calendarYear": "2014",
        "period": "Q2",
        "revenue": 82724000,
        "costOfRevenue": 43859000,
        "grossProfit": 38865000,
        "grossProfitRatio": 0.4698152894,
        "researchAndDevelopmentExpenses": 0,
        "generalAndAdministrativeExpenses": 6679000,
        "sellingAndMarketingExpenses": 66000,
        "sellingGeneralAndAdministrativeExpenses": 6745000,
        "otherExpenses": 0,
        "operatingExpenses": 6745000,
        "costAndExpenses": 50604000,
        "interestIncome": 0,
        "interestExpense": 2315000,
        "depreciationAndAmortization": 3976000,
        "ebitda": 35832000,
        "ebitdaratio": 0.4331512016,
        "operatingIncome": 32120000,
        "operatingIncomeRatio": 0.3882790968,
        "totalOtherIncomeExpensesNet": -2315000,
        "incomeBeforeTax": 29805000,
        "incomeBeforeTaxRatio": 0.3602944732,
        "incomeTaxExpense": 0,
        "netIncome": 29541000,
        "netIncomeRatio": 0.3571031381,
        "eps": 0.77,
        "epsdiluted": 0.75,
        "weightedAverageShsOut": 38364935,
        "weightedAverageShsOutDil": 39388000,
        "link": "https://www.sec.gov/Archives/edgar/data/1549848/000154984814000058/0001549848-14-000058-index.html",
        "finalLink": "https://www.sec.gov/Archives/edgar/data/1549848/000154984814000058/a10qq214.htm"
    },
    {
        "date": "2014-03-31",
        "symbol": "HCR",
        "reportedCurrency": "USD",
        "cik": "0001549848",
        "fillingDate": "2014-05-05",
        "acceptedDate": "2014-05-05 16:55:37",
        "calendarYear": "2014",
        "period": "Q1",
        "revenue": 55828000,
        "costOfRevenue": 38322000,
        "grossProfit": 17506000,
        "grossProfitRatio": 0.3135702515,
        "researchAndDevelopmentExpenses": 0,
        "generalAndAdministrativeExpenses": 5591000,
        "sellingAndMarketingExpenses": 29000,
        "sellingGeneralAndAdministrativeExpenses": 5620000,
        "otherExpenses": 0,
        "operatingExpenses": 5620000,
        "costAndExpenses": 43942000,
        "interestIncome": 0,
        "interestExpense": 1373000,
        "depreciationAndAmortization": 3532000,
        "ebitda": 19168000,
        "ebitdaratio": 0.3433402594,
        "operatingIncome": 11886000,
        "operatingIncomeRatio": 0.2129039192,
        "totalOtherIncomeExpensesNet": 2377000,
        "incomeBeforeTax": 14263000,
        "incomeBeforeTaxRatio": 0.2554811206,
        "incomeTaxExpense": 0,
        "netIncome": 14263000,
        "netIncomeRatio": 0.2554811206,
        "eps": 0.49,
        "epsdiluted": 0.49,
        "weightedAverageShsOut": 28873880,
        "weightedAverageShsOutDil": 28873880,
        "link": "https://www.sec.gov/Archives/edgar/data/1549848/000154984814000032/0001549848-14-000032-index.html",
        "finalLink": "https://www.sec.gov/Archives/edgar/data/1549848/000154984814000032/a10qq114.htm"
    },
    {
        "date": "2013-12-31",
        "symbol": "HCR",
        "reportedCurrency": "USD",
        "cik": "0001549848",
        "fillingDate": "2014-02-28",
        "acceptedDate": "2014-02-28 16:42:20",
        "calendarYear": "2013",
        "period": "Q4",
        "revenue": 51498000,
        "costOfRevenue": 31214000,
        "grossProfit": 20284000,
        "grossProfitRatio": 0.393879374,
        "researchAndDevelopmentExpenses": 0,
        "generalAndAdministrativeExpenses": 4609000,
        "sellingAndMarketingExpenses": 30000,
        "sellingGeneralAndAdministrativeExpenses": 4639000,
        "otherExpenses": 0,
        "operatingExpenses": 4639000,
        "costAndExpenses": 35853000,
        "interestIncome": 0,
        "interestExpense": 1337000,
        "depreciationAndAmortization": 2744000,
        "ebitda": 22139000,
        "ebitdaratio": 0.4299001903,
        "operatingIncome": 15645000,
        "operatingIncomeRatio": 0.3037982058,
        "totalOtherIncomeExpensesNet": 2413000,
        "incomeBeforeTax": 18058000,
        "incomeBeforeTaxRatio": 0.3506543943,
        "incomeTaxExpense": 0,
        "netIncome": 18058000,
        "netIncomeRatio": 0.3506543943,
        "eps": 0.63,
        "epsdiluted": 0.63,
        "weightedAverageShsOut": 28865171,
        "weightedAverageShsOutDil": 28865171,
        "link": "https://www.sec.gov/Archives/edgar/data/1549848/000154984814000018/0001549848-14-000018-index.htm",
        "finalLink": "https://www.sec.gov/Archives/edgar/data/1549848/000154984814000018/a2013123110-k.htm"
    },
    {
        "date": "2013-09-30",
        "symbol": "HCR",
        "reportedCurrency": "USD",
        "cik": "0001549848",
        "fillingDate": "2013-11-06",
        "acceptedDate": "2013-11-06 06:01:41",
        "calendarYear": "2013",
        "period": "Q3",
        "revenue": 43515000,
        "costOfRevenue": 25958000,
        "grossProfit": 17557000,
        "grossProfitRatio": 0.4034700678,
        "researchAndDevelopmentExpenses": 0,
        "generalAndAdministrativeExpenses": 5030000,
        "sellingAndMarketingExpenses": 29000,
        "sellingGeneralAndAdministrativeExpenses": 5059000,
        "otherExpenses": 0,
        "operatingExpenses": 5059000,
        "costAndExpenses": 31017000,
        "interestIncome": 0,
        "interestExpense": 1208000,
        "depreciationAndAmortization": 2984000,
        "ebitda": 19232000,
        "ebitdaratio": 0.4419625417,
        "operatingIncome": 12498000,
        "operatingIncomeRatio": 0.2872113064,
        "totalOtherIncomeExpensesNet": 2542000,
        "incomeBeforeTax": 15040000,
        "incomeBeforeTaxRatio": 0.3456279444,
        "incomeTaxExpense": 0,
        "netIncome": 15040000,
        "netIncomeRatio": 0.3456279444,
        "eps": 0.52,
        "epsdiluted": 0.52,
        "weightedAverageShsOut": 28865171,
        "weightedAverageShsOutDil": 28865171,
        "link": "https://www.sec.gov/Archives/edgar/data/1549848/000154984813000010/0001549848-13-000010-index.html",
        "finalLink": "https://www.sec.gov/Archives/edgar/data/1549848/000154984813000010/a2013093010q.htm"
    },
    {
        "date": "2013-06-30",
        "symbol": "HCR",
        "reportedCurrency": "USD",
        "cik": "0001549848",
        "fillingDate": "2013-08-14",
        "acceptedDate": "2013-08-14 06:04:53",
        "calendarYear": "2013",
        "period": "Q2",
        "revenue": 27101000,
        "costOfRevenue": 11585000,
        "grossProfit": 15516000,
        "grossProfitRatio": 0.5725249991,
        "researchAndDevelopmentExpenses": 0,
        "generalAndAdministrativeExpenses": 3847000,
        "sellingAndMarketingExpenses": 75000,
        "sellingGeneralAndAdministrativeExpenses": 3922000,
        "otherExpenses": 0,
        "operatingExpenses": 3922000,
        "costAndExpenses": 15507000,
        "interestIncome": 0,
        "interestExpense": 663000,
        "depreciationAndAmortization": 1085000,
        "ebitda": 16429000,
        "ebitdaratio": 0.6062137928,
        "operatingIncome": 11594000,
        "operatingIncomeRatio": 0.427807092,
        "totalOtherIncomeExpensesNet": 3087000,
        "incomeBeforeTax": 14681000,
        "incomeBeforeTaxRatio": 0.5417143279,
        "incomeTaxExpense": 0,
        "netIncome": 14681000,
        "netIncomeRatio": 0.5417143279,
        "eps": 0.53,
        "epsdiluted": 0.53,
        "weightedAverageShsOut": 27633245,
        "weightedAverageShsOutDil": 27633245,
        "link": "https://www.sec.gov/Archives/edgar/data/1549848/000119312513333533/0001193125-13-333533-index.html",
        "finalLink": "https://www.sec.gov/Archives/edgar/data/1549848/000119312513333533/d553339d10q.htm"
    },
    {
        "date": "2013-03-31",
        "symbol": "HCR",
        "reportedCurrency": "USD",
        "cik": "0001549848",
        "fillingDate": "2013-05-14",
        "acceptedDate": "2013-05-14 06:06:35",
        "calendarYear": "2013",
        "period": "Q1",
        "revenue": 19628000,
        "costOfRevenue": 5782000,
        "grossProfit": 13846000,
        "grossProfitRatio": 0.7054208274,
        "researchAndDevelopmentExpenses": 0,
        "generalAndAdministrativeExpenses": 2719000,
        "sellingAndMarketingExpenses": 30000,
        "sellingGeneralAndAdministrativeExpenses": 2749000,
        "otherExpenses": 0,
        "operatingExpenses": 2749000,
        "costAndExpenses": 8531000,
        "interestIncome": 0,
        "interestExpense": 314000,
        "depreciationAndAmortization": 273000,
        "ebitda": 11370000,
        "ebitdaratio": 0.5792745058,
        "operatingIncome": 11097000,
        "operatingIncomeRatio": 0.565365804,
        "totalOtherIncomeExpensesNet": -314000,
        "incomeBeforeTax": 10783000,
        "incomeBeforeTaxRatio": 0.5493682494,
        "incomeTaxExpense": 0,
        "netIncome": 10783000,
        "netIncomeRatio": 0.5493682494,
        "eps": 0.4,
        "epsdiluted": 0.4,
        "weightedAverageShsOut": 26957500,
        "weightedAverageShsOutDil": 26957500,
        "link": "https://www.sec.gov/Archives/edgar/data/1549848/000119312513217814/0001193125-13-217814-index.html",
        "finalLink": "https://www.sec.gov/Archives/edgar/data/1549848/000119312513217814/d511248d10q.htm"
    },
    {
        "date": "2012-12-31",
        "symbol": "HCR",
        "reportedCurrency": "USD",
        "cik": "0001549848",
        "fillingDate": "2013-03-14",
        "acceptedDate": "2013-03-13 19:30:36",
        "calendarYear": "2012",
        "period": "Q4",
        "revenue": 16215000,
        "costOfRevenue": 4313000,
        "grossProfit": 11902000,
        "grossProfitRatio": 0.7340117175,
        "researchAndDevelopmentExpenses": 0,
        "generalAndAdministrativeExpenses": 2203000,
        "sellingAndMarketingExpenses": 117000,
        "sellingGeneralAndAdministrativeExpenses": 2320000,
        "otherExpenses": 0,
        "operatingExpenses": 2320000,
        "costAndExpenses": 6633000,
        "interestIncome": 0,
        "interestExpense": 183000,
        "depreciationAndAmortization": 500000,
        "ebitda": 10082000,
        "ebitdaratio": 0.6217699661,
        "operatingIncome": 9582000,
        "operatingIncomeRatio": 0.5909343201,
        "totalOtherIncomeExpensesNet": -183000,
        "incomeBeforeTax": 9399000,
        "incomeBeforeTaxRatio": 0.5796484736,
        "incomeTaxExpense": 0,
        "netIncome": 9399000,
        "netIncomeRatio": 0.5796484736,
        "eps": 0.34,
        "epsdiluted": 0.34,
        "weightedAverageShsOut": 27280702,
        "weightedAverageShsOutDil": 27280702,
        "link": "https://www.sec.gov/Archives/edgar/data/1549848/000119312513105691/0001193125-13-105691-index.html",
        "finalLink": "https://www.sec.gov/Archives/edgar/data/1549848/000119312513105691/d444276d10k.htm"
    }
]