[
    {
        "date": "2025-03-31",
        "symbol": "HES",
        "reportedCurrency": "USD",
        "cik": "0000004447",
        "fillingDate": "2025-05-08",
        "acceptedDate": "2025-05-08 16:09:53",
        "calendarYear": "2025",
        "period": "Q1",
        "revenue": 2938000000,
        "costOfRevenue": 1718000000,
        "grossProfit": 1220000000,
        "grossProfitRatio": 0.4152484683,
        "researchAndDevelopmentExpenses": 0,
        "generalAndAdministrativeExpenses": 271000000,
        "sellingAndMarketingExpenses": 578000000,
        "sellingGeneralAndAdministrativeExpenses": 849000000,
        "otherExpenses": -410000000,
        "operatingExpenses": 439000000,
        "costAndExpenses": 2157000000,
        "interestIncome": 0,
        "interestExpense": 92000000,
        "depreciationAndAmortization": 619000000,
        "ebitda": 1492000000,
        "ebitdaratio": 0.5078284547,
        "operatingIncome": 781000000,
        "operatingIncomeRatio": 0.2658270933,
        "totalOtherIncomeExpensesNet": 0,
        "incomeBeforeTax": 781000000,
        "incomeBeforeTaxRatio": 0.2658270933,
        "incomeTaxExpense": 259000000,
        "netIncome": 430000000,
        "netIncomeRatio": 0.1463580667,
        "eps": 1.81,
        "epsdiluted": 1.81,
        "weightedAverageShsOut": 308600000,
        "weightedAverageShsOutDil": 308600000,
        "link": "https://www.sec.gov/Archives/edgar/data/4447/000162828025023790/0001628280-25-023790-index.htm",
        "finalLink": "https://www.sec.gov/Archives/edgar/data/4447/000162828025023790/hes-20250331.htm"
    },
    {
        "date": "2024-12-31",
        "symbol": "HES",
        "reportedCurrency": "USD",
        "cik": "0000004447",
        "fillingDate": "2025-02-27",
        "acceptedDate": "2025-02-27 16:41:15",
        "calendarYear": "2024",
        "period": "Q4",
        "revenue": 3141000000,
        "costOfRevenue": 745000000,
        "grossProfit": 2396000000,
        "grossProfitRatio": 0.7628143903,
        "researchAndDevelopmentExpenses": 0,
        "generalAndAdministrativeExpenses": 135000000,
        "sellingAndMarketingExpenses": 653000000,
        "sellingGeneralAndAdministrativeExpenses": 788000000,
        "otherExpenses": 0,
        "operatingExpenses": 800000000,
        "costAndExpenses": 1453000000,
        "interestIncome": 0,
        "interestExpense": 93000000,
        "depreciationAndAmortization": 629000000,
        "ebitda": 1646000000,
        "ebitdaratio": 0.5240369309,
        "operatingIncome": 1688000000,
        "operatingIncomeRatio": 0.5374084686,
        "totalOtherIncomeExpensesNet": -760000000,
        "incomeBeforeTax": 928000000,
        "incomeBeforeTaxRatio": 0.2954473098,
        "incomeTaxExpense": 288000000,
        "netIncome": 542000000,
        "netIncomeRatio": 0.1725565107,
        "eps": 1.76,
        "epsdiluted": 1.76,
        "weightedAverageShsOut": 307954545,
        "weightedAverageShsOutDil": 308500000,
        "link": "https://www.sec.gov/Archives/edgar/data/4447/000162828025008716/0001628280-25-008716-index.htm",
        "finalLink": "https://www.sec.gov/Archives/edgar/data/4447/000162828025008716/hes-20241231.htm"
    },
    {
        "date": "2024-09-30",
        "symbol": "HES",
        "reportedCurrency": "USD",
        "cik": "0000004447",
        "fillingDate": "2024-11-06",
        "acceptedDate": "2024-11-06 16:15:12",
        "calendarYear": "2024",
        "period": "Q3",
        "revenue": 3191000000,
        "costOfRevenue": 699000000,
        "grossProfit": 2492000000,
        "grossProfitRatio": 0.7809464118,
        "researchAndDevelopmentExpenses": 0,
        "generalAndAdministrativeExpenses": 118000000,
        "sellingAndMarketingExpenses": 713000000,
        "sellingGeneralAndAdministrativeExpenses": 831000000,
        "otherExpenses": 571000000,
        "operatingExpenses": 1402000000,
        "costAndExpenses": 2333000000,
        "interestIncome": 0,
        "interestExpense": 100000000,
        "depreciationAndAmortization": 638000000,
        "ebitda": 1602000000,
        "ebitdaratio": 0.502036979,
        "operatingIncome": 1090000000,
        "operatingIncomeRatio": 0.3415857098,
        "totalOtherIncomeExpensesNet": -226000000,
        "incomeBeforeTax": 864000000,
        "incomeBeforeTaxRatio": 0.2707615168,
        "incomeTaxExpense": 270000000,
        "netIncome": 498000000,
        "netIncomeRatio": 0.1560639298,
        "eps": 1.62,
        "epsdiluted": 1.62,
        "weightedAverageShsOut": 307407407,
        "weightedAverageShsOutDil": 308300000,
        "link": "https://www.sec.gov/Archives/edgar/data/4447/000162828024045716/0001628280-24-045716-index.htm",
        "finalLink": "https://www.sec.gov/Archives/edgar/data/4447/000162828024045716/hes-20240930.htm"
    },
    {
        "date": "2024-06-30",
        "symbol": "HES",
        "reportedCurrency": "USD",
        "cik": "0000004447",
        "fillingDate": "2024-08-08",
        "acceptedDate": "2024-08-08 16:13:13",
        "calendarYear": "2024",
        "period": "Q2",
        "revenue": 3202000000,
        "costOfRevenue": 664000000,
        "grossProfit": 1322000000,
        "grossProfitRatio": 0.4128669582,
        "researchAndDevelopmentExpenses": 0,
        "generalAndAdministrativeExpenses": 115000000,
        "sellingAndMarketingExpenses": 632000000,
        "sellingGeneralAndAdministrativeExpenses": 747000000,
        "otherExpenses": 591000000,
        "operatingExpenses": 1338000000,
        "costAndExpenses": 1995000000,
        "interestIncome": 0,
        "interestExpense": 106000000,
        "depreciationAndAmortization": 600000000,
        "ebitda": 1857000000,
        "ebitdaratio": 0.5799500312,
        "operatingIncome": 1207000000,
        "operatingIncomeRatio": 0.3769519051,
        "totalOtherIncomeExpensesNet": -710000000,
        "incomeBeforeTax": 1147000000,
        "incomeBeforeTaxRatio": 0.3582136165,
        "incomeTaxExpense": 296000000,
        "netIncome": 757000000,
        "netIncomeRatio": 0.2364147408,
        "eps": 2.47,
        "epsdiluted": 2.46,
        "weightedAverageShsOut": 306900000,
        "weightedAverageShsOutDil": 308300000,
        "link": "https://www.sec.gov/Archives/edgar/data/4447/000162828024036142/0001628280-24-036142-index.htm",
        "finalLink": "https://www.sec.gov/Archives/edgar/data/4447/000162828024036142/hes-20240630.htm"
    },
    {
        "date": "2024-03-31",
        "symbol": "HES",
        "reportedCurrency": "USD",
        "cik": "0000004447",
        "fillingDate": "2024-05-07",
        "acceptedDate": "2024-05-07 16:06:21",
        "calendarYear": "2024",
        "period": "Q1",
        "revenue": 3309000000,
        "costOfRevenue": 1689000000,
        "grossProfit": 1623000000,
        "grossProfitRatio": 0.4904805077,
        "researchAndDevelopmentExpenses": 0,
        "generalAndAdministrativeExpenses": 124000000,
        "sellingAndMarketingExpenses": 622000000,
        "sellingGeneralAndAdministrativeExpenses": 746000000,
        "otherExpenses": 32000000,
        "operatingExpenses": 124000000,
        "costAndExpenses": 1813000000,
        "interestIncome": 0,
        "interestExpense": 113000000,
        "depreciationAndAmortization": 557000000,
        "ebitda": 2085000000,
        "ebitdaratio": 0.630099728,
        "operatingIncome": 1496000000,
        "operatingIncomeRatio": 0.4521003324,
        "totalOtherIncomeExpensesNet": -641000000,
        "incomeBeforeTax": 1415000000,
        "incomeBeforeTaxRatio": 0.427621638,
        "incomeTaxExpense": 348000000,
        "netIncome": 972000000,
        "netIncomeRatio": 0.2937443336,
        "eps": 3.17,
        "epsdiluted": 3.16,
        "weightedAverageShsOut": 307594936,
        "weightedAverageShsOutDil": 307900000,
        "link": "https://www.sec.gov/Archives/edgar/data/4447/000162828024021077/0001628280-24-021077-index.htm",
        "finalLink": "https://www.sec.gov/Archives/edgar/data/4447/000162828024021077/hes-20240331.htm"
    },
    {
        "date": "2023-12-31",
        "symbol": "HES",
        "reportedCurrency": "USD",
        "cik": "0000004447",
        "fillingDate": "2024-02-26",
        "acceptedDate": "2024-02-26 16:04:11",
        "calendarYear": "2023",
        "period": "Q4",
        "revenue": 2950000000,
        "costOfRevenue": 886000000,
        "grossProfit": 2391000000,
        "grossProfitRatio": 0.8105084746,
        "researchAndDevelopmentExpenses": 0,
        "generalAndAdministrativeExpenses": 168000000,
        "sellingAndMarketingExpenses": 499000000,
        "sellingGeneralAndAdministrativeExpenses": 667000000,
        "otherExpenses": 0,
        "operatingExpenses": 667000000,
        "costAndExpenses": 1553000000,
        "interestIncome": 0,
        "interestExpense": 116000000,
        "depreciationAndAmortization": 557000000,
        "ebitda": 1410000000,
        "ebitdaratio": 0.4779661017,
        "operatingIncome": 777000000,
        "operatingIncomeRatio": 0.2633898305,
        "totalOtherIncomeExpensesNet": -92000000,
        "incomeBeforeTax": 685000000,
        "incomeBeforeTaxRatio": 0.2322033898,
        "incomeTaxExpense": 182000000,
        "netIncome": 413000000,
        "netIncomeRatio": 0.14,
        "eps": 1.34,
        "epsdiluted": 1.34,
        "weightedAverageShsOut": 307158272,
        "weightedAverageShsOutDil": 307900000,
        "link": "https://www.sec.gov/Archives/edgar/data/4447/000162828024006845/0001628280-24-006845-index.htm",
        "finalLink": "https://www.sec.gov/Archives/edgar/data/4447/000162828024006845/hes-20231231.htm"
    },
    {
        "date": "2023-09-30",
        "symbol": "HES",
        "reportedCurrency": "USD",
        "cik": "0000004447",
        "fillingDate": "2023-11-02",
        "acceptedDate": "2023-11-02 16:08:28",
        "calendarYear": "2023",
        "period": "Q3",
        "revenue": 2800000000,
        "costOfRevenue": 1027000000,
        "grossProfit": 1773000000,
        "grossProfitRatio": 0.6332142857,
        "researchAndDevelopmentExpenses": 0,
        "generalAndAdministrativeExpenses": 115000000,
        "sellingAndMarketingExpenses": 696000000,
        "sellingGeneralAndAdministrativeExpenses": 811000000,
        "otherExpenses": 35000000,
        "operatingExpenses": 876000000,
        "costAndExpenses": 1332000000,
        "interestIncome": 0,
        "interestExpense": 117000000,
        "depreciationAndAmortization": 503000000,
        "ebitda": 1437000000,
        "ebitdaratio": 0.5132142857,
        "operatingIncome": 932000000,
        "operatingIncomeRatio": 0.3328571429,
        "totalOtherIncomeExpensesNet": -143000000,
        "incomeBeforeTax": 817000000,
        "incomeBeforeTaxRatio": 0.2917857143,
        "incomeTaxExpense": 215000000,
        "netIncome": 504000000,
        "netIncomeRatio": 0.18,
        "eps": 1.65,
        "epsdiluted": 1.64,
        "weightedAverageShsOut": 306100000,
        "weightedAverageShsOutDil": 307700000,
        "link": "https://www.sec.gov/Archives/edgar/data/4447/000162828023036393/0001628280-23-036393-index.htm",
        "finalLink": "https://www.sec.gov/Archives/edgar/data/4447/000162828023036393/hes-20230930.htm"
    },
    {
        "date": "2023-06-30",
        "symbol": "HES",
        "reportedCurrency": "USD",
        "cik": "0000004447",
        "fillingDate": "2023-08-03",
        "acceptedDate": "2023-08-03 16:21:39",
        "calendarYear": "2023",
        "period": "Q2",
        "revenue": 2289000000,
        "costOfRevenue": 543000000,
        "grossProfit": 1746000000,
        "grossProfitRatio": 0.7627785059,
        "researchAndDevelopmentExpenses": 0,
        "generalAndAdministrativeExpenses": 108000000,
        "sellingAndMarketingExpenses": 547000000,
        "sellingGeneralAndAdministrativeExpenses": 655000000,
        "otherExpenses": 31000000,
        "operatingExpenses": 754000000,
        "costAndExpenses": 1751000000,
        "interestIncome": 0,
        "interestExpense": 122000000,
        "depreciationAndAmortization": 559000000,
        "ebitda": 1046000000,
        "ebitdaratio": 0.4569681083,
        "operatingIncome": 569000000,
        "operatingIncomeRatio": 0.248580166,
        "totalOtherIncomeExpensesNet": 0,
        "incomeBeforeTax": 365000000,
        "incomeBeforeTaxRatio": 0.1594582787,
        "incomeTaxExpense": 160000000,
        "netIncome": 119000000,
        "netIncomeRatio": 0.0519877676,
        "eps": 0.39,
        "epsdiluted": 0.39,
        "weightedAverageShsOut": 306000000,
        "weightedAverageShsOutDil": 307500000,
        "link": "https://www.sec.gov/Archives/edgar/data/4447/000162828023027253/0001628280-23-027253-index.htm",
        "finalLink": "https://www.sec.gov/Archives/edgar/data/4447/000162828023027253/hes-20230630.htm"
    },
    {
        "date": "2023-03-31",
        "symbol": "HES",
        "reportedCurrency": "USD",
        "cik": "0000004447",
        "fillingDate": "2023-05-04",
        "acceptedDate": "2023-05-04 07:03:39",
        "calendarYear": "2023",
        "period": "Q1",
        "revenue": 2411000000,
        "costOfRevenue": 539000000,
        "grossProfit": 1872000000,
        "grossProfitRatio": 0.7764413107,
        "researchAndDevelopmentExpenses": 0,
        "generalAndAdministrativeExpenses": 136000000,
        "sellingAndMarketingExpenses": 603000000,
        "sellingGeneralAndAdministrativeExpenses": 739000000,
        "otherExpenses": 448000000,
        "operatingExpenses": 1187000000,
        "costAndExpenses": 1726000000,
        "interestIncome": 0,
        "interestExpense": 123000000,
        "depreciationAndAmortization": 491000000,
        "ebitda": 1218000000,
        "ebitdaratio": 0.5051845707,
        "operatingIncome": 685000000,
        "operatingIncomeRatio": 0.2841144753,
        "totalOtherIncomeExpensesNet": -81000000,
        "incomeBeforeTax": 604000000,
        "incomeBeforeTaxRatio": 0.2505184571,
        "incomeTaxExpense": 176000000,
        "netIncome": 346000000,
        "netIncomeRatio": 0.1435089175,
        "eps": 1.13,
        "epsdiluted": 1.13,
        "weightedAverageShsOut": 306194690,
        "weightedAverageShsOutDil": 307300000,
        "link": "https://www.sec.gov/Archives/edgar/data/4447/000162828023015437/0001628280-23-015437-index.htm",
        "finalLink": "https://www.sec.gov/Archives/edgar/data/4447/000162828023015437/hes-20230331.htm"
    },
    {
        "date": "2022-12-31",
        "symbol": "HES",
        "reportedCurrency": "USD",
        "cik": "0000004447",
        "fillingDate": "2023-02-24",
        "acceptedDate": "2023-02-24 16:18:20",
        "calendarYear": "2022",
        "period": "Q4",
        "revenue": 2934000000,
        "costOfRevenue": 944000000,
        "grossProfit": 1990000000,
        "grossProfitRatio": 0.6782549421,
        "researchAndDevelopmentExpenses": 0,
        "generalAndAdministrativeExpenses": 116000000,
        "sellingAndMarketingExpenses": 821000000,
        "sellingGeneralAndAdministrativeExpenses": 937000000,
        "otherExpenses": 40000000,
        "operatingExpenses": 977000000,
        "costAndExpenses": 1921000000,
        "interestIncome": 0,
        "interestExpense": 124000000,
        "depreciationAndAmortization": 504000000,
        "ebitda": 1637000000,
        "ebitdaratio": 0.557941377,
        "operatingIncome": 1057000000,
        "operatingIncomeRatio": 0.360259032,
        "totalOtherIncomeExpensesNet": -4000000,
        "incomeBeforeTax": 1009000000,
        "incomeBeforeTaxRatio": 0.3438991138,
        "incomeTaxExpense": 300000000,
        "netIncome": 497000000,
        "netIncomeRatio": 0.1693933197,
        "eps": 2.04,
        "epsdiluted": 2.03,
        "weightedAverageShsOut": 306176864,
        "weightedAverageShsOutDil": 308100000,
        "link": "https://www.sec.gov/Archives/edgar/data/4447/000162828023005059/0001628280-23-005059-index.htm",
        "finalLink": "https://www.sec.gov/Archives/edgar/data/4447/000162828023005059/hes-20221231.htm"
    },
    {
        "date": "2022-09-30",
        "symbol": "HES",
        "reportedCurrency": "USD",
        "cik": "0000004447",
        "fillingDate": "2022-11-03",
        "acceptedDate": "2022-11-03 16:13:11",
        "calendarYear": "2022",
        "period": "Q3",
        "revenue": 3122000000,
        "costOfRevenue": 941000000,
        "grossProfit": 2181000000,
        "grossProfitRatio": 0.698590647,
        "researchAndDevelopmentExpenses": 0,
        "generalAndAdministrativeExpenses": 109000000,
        "sellingAndMarketingExpenses": 982000000,
        "sellingGeneralAndAdministrativeExpenses": 1091000000,
        "otherExpenses": 58000000,
        "operatingExpenses": 1149000000,
        "costAndExpenses": 2090000000,
        "interestIncome": 0,
        "interestExpense": 125000000,
        "depreciationAndAmortization": 471000000,
        "ebitda": 1483000000,
        "ebitdaratio": 0.4750160154,
        "operatingIncome": 1067000000,
        "operatingIncomeRatio": 0.3417680974,
        "totalOtherIncomeExpensesNet": -144000000,
        "incomeBeforeTax": 888000000,
        "incomeBeforeTaxRatio": 0.2844330557,
        "incomeTaxExpense": 282000000,
        "netIncome": 515000000,
        "netIncomeRatio": 0.16495836,
        "eps": 1.67,
        "epsdiluted": 1.67,
        "weightedAverageShsOut": 308308466,
        "weightedAverageShsOutDil": 308900000,
        "link": "https://www.sec.gov/Archives/edgar/data/4447/000162828022028196/0001628280-22-028196-index.htm",
        "finalLink": "https://www.sec.gov/Archives/edgar/data/4447/000162828022028196/hes-20220930.htm"
    },
    {
        "date": "2022-06-30",
        "symbol": "HES",
        "reportedCurrency": "USD",
        "cik": "0000004447",
        "fillingDate": "2022-08-04",
        "acceptedDate": "2022-08-04 16:18:17",
        "calendarYear": "2022",
        "period": "Q2",
        "revenue": 2955000000,
        "costOfRevenue": 814000000,
        "grossProfit": 2141000000,
        "grossProfitRatio": 0.724534687,
        "researchAndDevelopmentExpenses": 0,
        "generalAndAdministrativeExpenses": 95000000,
        "sellingAndMarketingExpenses": 843000000,
        "sellingGeneralAndAdministrativeExpenses": 938000000,
        "otherExpenses": 30000000,
        "operatingExpenses": 971000000,
        "costAndExpenses": 1785000000,
        "interestIncome": 0,
        "interestExpense": 121000000,
        "depreciationAndAmortization": 391000000,
        "ebitda": 1593000000,
        "ebitdaratio": 0.5390862944,
        "operatingIncome": 1200000000,
        "operatingIncomeRatio": 0.4060913706,
        "totalOtherIncomeExpensesNet": -88000000,
        "incomeBeforeTax": 1082000000,
        "incomeBeforeTaxRatio": 0.3661590525,
        "incomeTaxExpense": 328000000,
        "netIncome": 667000000,
        "netIncomeRatio": 0.2257191201,
        "eps": 2.15,
        "epsdiluted": 2.15,
        "weightedAverageShsOut": 309614906,
        "weightedAverageShsOutDil": 310900000,
        "link": "https://www.sec.gov/Archives/edgar/data/4447/000162828022021084/0001628280-22-021084-index.htm",
        "finalLink": "https://www.sec.gov/Archives/edgar/data/4447/000162828022021084/hes-20220630.htm"
    },
    {
        "date": "2022-03-31",
        "symbol": "HES",
        "reportedCurrency": "USD",
        "cik": "0000004447",
        "fillingDate": "2022-05-05",
        "acceptedDate": "2022-05-05 16:16:52",
        "calendarYear": "2022",
        "period": "Q1",
        "revenue": 2313000000,
        "costOfRevenue": 711000000,
        "grossProfit": 1602000000,
        "grossProfitRatio": 0.6926070039,
        "researchAndDevelopmentExpenses": 0,
        "generalAndAdministrativeExpenses": 110000000,
        "sellingAndMarketingExpenses": 682000000,
        "sellingGeneralAndAdministrativeExpenses": 792000000,
        "otherExpenses": 43000000,
        "operatingExpenses": 835000000,
        "costAndExpenses": 1546000000,
        "interestIncome": 0,
        "interestExpense": 123000000,
        "depreciationAndAmortization": 337000000,
        "ebitda": 1140000000,
        "ebitdaratio": 0.4928664073,
        "operatingIncome": 803000000,
        "operatingIncomeRatio": 0.3471681799,
        "totalOtherIncomeExpensesNet": -65000000,
        "incomeBeforeTax": 702000000,
        "incomeBeforeTaxRatio": 0.3035019455,
        "incomeTaxExpense": 197000000,
        "netIncome": 417000000,
        "netIncomeRatio": 0.1802853437,
        "eps": 1.35,
        "epsdiluted": 1.34,
        "weightedAverageShsOut": 308900000,
        "weightedAverageShsOutDil": 311262547,
        "link": "https://www.sec.gov/Archives/edgar/data/4447/000162828022012659/0001628280-22-012659-index.htm",
        "finalLink": "https://www.sec.gov/Archives/edgar/data/4447/000162828022012659/hes-20220331.htm"
    },
    {
        "date": "2021-12-31",
        "symbol": "HES",
        "reportedCurrency": "USD",
        "cik": "0000004447",
        "fillingDate": "2022-03-01",
        "acceptedDate": "2022-03-01 16:22:29",
        "calendarYear": "2021",
        "period": "Q4",
        "revenue": 2237000000,
        "costOfRevenue": 763000000,
        "grossProfit": 1474000000,
        "grossProfitRatio": 0.658918194,
        "researchAndDevelopmentExpenses": 0,
        "generalAndAdministrativeExpenses": 86000000,
        "sellingAndMarketingExpenses": 672000000,
        "sellingGeneralAndAdministrativeExpenses": 758000000,
        "otherExpenses": 18000000,
        "operatingExpenses": 803000000,
        "costAndExpenses": 1566000000,
        "interestIncome": 0,
        "interestExpense": 121000000,
        "depreciationAndAmortization": 398000000,
        "ebitda": 1083000000,
        "ebitdaratio": 0.484130532,
        "operatingIncome": 598000000,
        "operatingIncomeRatio": 0.2673223067,
        "totalOtherIncomeExpensesNet": -103000000,
        "incomeBeforeTax": 568000000,
        "incomeBeforeTaxRatio": 0.2539114886,
        "incomeTaxExpense": 212000000,
        "netIncome": 265000000,
        "netIncomeRatio": 0.1184622262,
        "eps": 0.86,
        "epsdiluted": 0.85,
        "weightedAverageShsOut": 309744953,
        "weightedAverageShsOutDil": 310000000,
        "link": "https://www.sec.gov/Archives/edgar/data/4447/000162828022004524/0001628280-22-004524-index.htm",
        "finalLink": "https://www.sec.gov/Archives/edgar/data/4447/000162828022004524/hes-20211231.htm"
    },
    {
        "date": "2021-09-30",
        "symbol": "HES",
        "reportedCurrency": "USD",
        "cik": "0000004447",
        "fillingDate": "2021-11-04",
        "acceptedDate": "2021-11-04 16:11:19",
        "calendarYear": "2021",
        "period": "Q3",
        "revenue": 1759000000,
        "costOfRevenue": 724000000,
        "grossProfit": 1035000000,
        "grossProfitRatio": 0.5884025014,
        "researchAndDevelopmentExpenses": 0,
        "generalAndAdministrativeExpenses": 76000000,
        "sellingAndMarketingExpenses": 522000000,
        "sellingGeneralAndAdministrativeExpenses": 598000000,
        "otherExpenses": 23000000,
        "operatingExpenses": 634000000,
        "costAndExpenses": 1358000000,
        "interestIncome": 0,
        "interestExpense": 125000000,
        "depreciationAndAmortization": 351000000,
        "ebitda": 804000000,
        "ebitdaratio": 0.4570778852,
        "operatingIncome": 276000000,
        "operatingIncomeRatio": 0.1569073337,
        "totalOtherIncomeExpensesNet": 0,
        "incomeBeforeTax": 328000000,
        "incomeBeforeTaxRatio": 0.186469585,
        "incomeTaxExpense": 143000000,
        "netIncome": 115000000,
        "netIncomeRatio": 0.0653780557,
        "eps": 0.37,
        "epsdiluted": 0.37,
        "weightedAverageShsOut": 308100000,
        "weightedAverageShsOutDil": 309900000,
        "link": "https://www.sec.gov/Archives/edgar/data/4447/000162828021021768/0001628280-21-021768-index.htm",
        "finalLink": "https://www.sec.gov/Archives/edgar/data/4447/000162828021021768/hes-20210930.htm"
    },
    {
        "date": "2021-06-30",
        "symbol": "HES",
        "reportedCurrency": "USD",
        "cik": "0000004447",
        "fillingDate": "2021-08-05",
        "acceptedDate": "2021-08-05 16:10:30",
        "calendarYear": "2021",
        "period": "Q2",
        "revenue": 1579000000,
        "costOfRevenue": 744000000,
        "grossProfit": 835000000,
        "grossProfitRatio": 0.5288157061,
        "researchAndDevelopmentExpenses": 0,
        "generalAndAdministrativeExpenses": 84000000,
        "sellingAndMarketingExpenses": 322000000,
        "sellingGeneralAndAdministrativeExpenses": 406000000,
        "otherExpenses": 19000000,
        "operatingExpenses": 454000000,
        "costAndExpenses": 1198000000,
        "interestIncome": 0,
        "interestExpense": 118000000,
        "depreciationAndAmortization": 394000000,
        "ebitda": 647000000,
        "ebitdaratio": 0.4097530082,
        "operatingIncome": 381000000,
        "operatingIncomeRatio": 0.2412919569,
        "totalOtherIncomeExpensesNet": -246000000,
        "incomeBeforeTax": 135000000,
        "incomeBeforeTaxRatio": 0.0854971501,
        "incomeTaxExpense": 122000000,
        "netIncome": -73000000,
        "netIncomeRatio": -0.0462317923,
        "eps": -0.24,
        "epsdiluted": -0.24,
        "weightedAverageShsOut": 305766846,
        "weightedAverageShsOutDil": 307500000,
        "link": "https://www.sec.gov/Archives/edgar/data/4447/000162828021015850/0001628280-21-015850-index.htm",
        "finalLink": "https://www.sec.gov/Archives/edgar/data/4447/000162828021015850/hes-20210630.htm"
    },
    {
        "date": "2021-03-31",
        "symbol": "HES",
        "reportedCurrency": "USD",
        "cik": "0000004447",
        "fillingDate": "2021-05-06",
        "acceptedDate": "2021-05-06 16:08:13",
        "calendarYear": "2021",
        "period": "Q1",
        "revenue": 1898000000,
        "costOfRevenue": 698000000,
        "grossProfit": 1200000000,
        "grossProfitRatio": 0.6322444679,
        "researchAndDevelopmentExpenses": 0,
        "generalAndAdministrativeExpenses": 94000000,
        "sellingAndMarketingExpenses": 518000000,
        "sellingGeneralAndAdministrativeExpenses": 612000000,
        "otherExpenses": 21000000,
        "operatingExpenses": 645000000,
        "costAndExpenses": 1343000000,
        "interestIncome": 0,
        "interestExpense": 117000000,
        "depreciationAndAmortization": 396000000,
        "ebitda": 973000000,
        "ebitdaratio": 0.5126448894,
        "operatingIncome": 438000000,
        "operatingIncomeRatio": 0.2307692308,
        "totalOtherIncomeExpensesNet": -96000000,
        "incomeBeforeTax": 459000000,
        "incomeBeforeTaxRatio": 0.241833509,
        "incomeTaxExpense": 123000000,
        "netIncome": 252000000,
        "netIncomeRatio": 0.1327713383,
        "eps": 0.82,
        "epsdiluted": 0.82,
        "weightedAverageShsOut": 305800000,
        "weightedAverageShsOutDil": 307800000,
        "link": "https://www.sec.gov/Archives/edgar/data/4447/000162828021009296/0001628280-21-009296-index.htm",
        "finalLink": "https://www.sec.gov/Archives/edgar/data/4447/000162828021009296/hes-20210331.htm"
    },
    {
        "date": "2020-12-31",
        "symbol": "HES",
        "reportedCurrency": "USD",
        "cik": "0000004447",
        "fillingDate": "2021-03-01",
        "acceptedDate": "2021-03-01 08:11:06",
        "calendarYear": "2020",
        "period": "Q4",
        "revenue": 1321000000,
        "costOfRevenue": 831000000,
        "grossProfit": 490000000,
        "grossProfitRatio": 0.3709311128,
        "researchAndDevelopmentExpenses": 0,
        "generalAndAdministrativeExpenses": 82000000,
        "sellingAndMarketingExpenses": 281000000,
        "sellingGeneralAndAdministrativeExpenses": 363000000,
        "otherExpenses": 17000000,
        "operatingExpenses": 423000000,
        "costAndExpenses": 1254000000,
        "interestIncome": 0,
        "interestExpense": 118000000,
        "depreciationAndAmortization": 486000000,
        "ebitda": 649000000,
        "ebitdaratio": 0.4912944739,
        "operatingIncome": 67000000,
        "operatingIncomeRatio": 0.0507191522,
        "totalOtherIncomeExpensesNet": -22000000,
        "incomeBeforeTax": 45000000,
        "incomeBeforeTaxRatio": 0.0340651022,
        "incomeTaxExpense": 72000000,
        "netIncome": -97000000,
        "netIncomeRatio": -0.0734292203,
        "eps": -0.32,
        "epsdiluted": -0.32,
        "weightedAverageShsOut": 305100000,
        "weightedAverageShsOutDil": 306980092,
        "link": "https://www.sec.gov/Archives/edgar/data/4447/000162828021003531/0001628280-21-003531-index.htm",
        "finalLink": "https://www.sec.gov/Archives/edgar/data/4447/000162828021003531/hes-20201231.htm"
    },
    {
        "date": "2020-09-30",
        "symbol": "HES",
        "reportedCurrency": "USD",
        "cik": "0000004447",
        "fillingDate": "2020-11-05",
        "acceptedDate": "2020-11-05 16:14:51",
        "calendarYear": "2020",
        "period": "Q3",
        "revenue": 1159000000,
        "costOfRevenue": 860000000,
        "grossProfit": 299000000,
        "grossProfitRatio": 0.2579810181,
        "researchAndDevelopmentExpenses": 0,
        "generalAndAdministrativeExpenses": 84000000,
        "sellingAndMarketingExpenses": 221000000,
        "sellingGeneralAndAdministrativeExpenses": 305000000,
        "otherExpenses": 17000000,
        "operatingExpenses": 376000000,
        "costAndExpenses": 1236000000,
        "interestIncome": 0,
        "interestExpense": 118000000,
        "depreciationAndAmortization": 518000000,
        "ebitda": 458000000,
        "ebitdaratio": 0.3951682485,
        "operatingIncome": -77000000,
        "operatingIncomeRatio": -0.0664365833,
        "totalOtherIncomeExpensesNet": 0,
        "incomeBeforeTax": -178000000,
        "incomeBeforeTaxRatio": -0.153580673,
        "incomeTaxExpense": 5000000,
        "netIncome": -243000000,
        "netIncomeRatio": -0.209663503,
        "eps": -0.8,
        "epsdiluted": -0.8,
        "weightedAverageShsOut": 303750000,
        "weightedAverageShsOutDil": 305000000,
        "link": "https://www.sec.gov/Archives/edgar/data/4447/000162828020015747/0001628280-20-015747-index.htm",
        "finalLink": "https://www.sec.gov/Archives/edgar/data/4447/000162828020015747/hes-20200930.htm"
    },
    {
        "date": "2020-06-30",
        "symbol": "HES",
        "reportedCurrency": "USD",
        "cik": "0000004447",
        "fillingDate": "2020-08-06",
        "acceptedDate": "2020-08-06 16:17:46",
        "calendarYear": "2020",
        "period": "Q2",
        "revenue": 833000000,
        "costOfRevenue": 819000000,
        "grossProfit": 14000000,
        "grossProfitRatio": 0.0168067227,
        "researchAndDevelopmentExpenses": 0,
        "generalAndAdministrativeExpenses": 89000000,
        "sellingAndMarketingExpenses": 56000000,
        "sellingGeneralAndAdministrativeExpenses": 145000000,
        "otherExpenses": 1000000,
        "operatingExpenses": 176000000,
        "costAndExpenses": 995000000,
        "interestIncome": 0,
        "interestExpense": 119000000,
        "depreciationAndAmortization": 509000000,
        "ebitda": 355000000,
        "ebitdaratio": 0.4261704682,
        "operatingIncome": -162000000,
        "operatingIncomeRatio": -0.1944777911,
        "totalOtherIncomeExpensesNet": 0,
        "incomeBeforeTax": -272000000,
        "incomeBeforeTaxRatio": -0.3265306122,
        "incomeTaxExpense": -9000000,
        "netIncome": -320000000,
        "netIncomeRatio": -0.3841536615,
        "eps": -1.05,
        "epsdiluted": -1.05,
        "weightedAverageShsOut": 304761904,
        "weightedAverageShsOutDil": 305000000,
        "link": "https://www.sec.gov/Archives/edgar/data/4447/000162828020011992/0001628280-20-011992-index.htm",
        "finalLink": "https://www.sec.gov/Archives/edgar/data/4447/000162828020011992/hes-20200630.htm"
    },
    {
        "date": "2020-03-31",
        "symbol": "HES",
        "reportedCurrency": "USD",
        "cik": "0000004447",
        "fillingDate": "2020-05-07",
        "acceptedDate": "2020-05-07 16:32:31",
        "calendarYear": "2020",
        "period": "Q1",
        "revenue": 1354000000,
        "costOfRevenue": 906000000,
        "grossProfit": 448000000,
        "grossProfitRatio": 0.3308714919,
        "researchAndDevelopmentExpenses": 0,
        "generalAndAdministrativeExpenses": 102000000,
        "sellingAndMarketingExpenses": 378000000,
        "sellingGeneralAndAdministrativeExpenses": 480000000,
        "otherExpenses": 15000000,
        "operatingExpenses": 669000000,
        "costAndExpenses": 1575000000,
        "interestIncome": 0,
        "interestExpense": 113000000,
        "depreciationAndAmortization": 561000000,
        "ebitda": -1838000000,
        "ebitdaratio": -1.3574593796,
        "operatingIncome": -221000000,
        "operatingIncomeRatio": -0.1632200886,
        "totalOtherIncomeExpensesNet": -2224000000,
        "incomeBeforeTax": -2445000000,
        "incomeBeforeTaxRatio": -1.805760709,
        "incomeTaxExpense": -79000000,
        "netIncome": -2433000000,
        "netIncomeRatio": -1.7968980798,
        "eps": -8,
        "epsdiluted": -8,
        "weightedAverageShsOut": 304000000,
        "weightedAverageShsOutDil": 304000000,
        "link": "https://www.sec.gov/Archives/edgar/data/4447/000156459020022922/0001564590-20-022922-index.htm",
        "finalLink": "https://www.sec.gov/Archives/edgar/data/4447/000156459020022922/hes-10q_20200331.htm"
    },
    {
        "date": "2019-12-31",
        "symbol": "HES",
        "reportedCurrency": "USD",
        "cik": "0000004447",
        "fillingDate": "2020-02-20",
        "acceptedDate": "2020-02-20 16:03:16",
        "calendarYear": "2019",
        "period": "Q4",
        "revenue": 1683000000,
        "costOfRevenue": 1003000000,
        "grossProfit": 680000000,
        "grossProfitRatio": 0.404040404,
        "researchAndDevelopmentExpenses": 0,
        "generalAndAdministrativeExpenses": 131000000,
        "sellingAndMarketingExpenses": 428000000,
        "sellingGeneralAndAdministrativeExpenses": 559000000,
        "otherExpenses": 16000000,
        "operatingExpenses": 665000000,
        "costAndExpenses": 1668000000,
        "interestIncome": 0,
        "interestExpense": 95000000,
        "depreciationAndAmortization": 586000000,
        "ebitda": 2153000000,
        "ebitdaratio": 1.2792632204,
        "operatingIncome": 15000000,
        "operatingIncomeRatio": 0.008912656,
        "totalOtherIncomeExpensesNet": -79000000,
        "incomeBeforeTax": -64000000,
        "incomeBeforeTaxRatio": -0.0380273321,
        "incomeTaxExpense": 119000000,
        "netIncome": -222000000,
        "netIncomeRatio": -0.1319073084,
        "eps": -0.73,
        "epsdiluted": -0.73,
        "weightedAverageShsOut": 302700000,
        "weightedAverageShsOutDil": 304955472,
        "link": "https://www.sec.gov/Archives/edgar/data/4447/000156459020005545/0001564590-20-005545-index.htm",
        "finalLink": "https://www.sec.gov/Archives/edgar/data/4447/000156459020005545/hes-10k_20191231.htm"
    },
    {
        "date": "2019-09-30",
        "symbol": "HES",
        "reportedCurrency": "USD",
        "cik": "0000004447",
        "fillingDate": "2019-11-07",
        "acceptedDate": "2019-11-07 16:07:14",
        "calendarYear": "2019",
        "period": "Q3",
        "revenue": 1580000000,
        "costOfRevenue": 912000000,
        "grossProfit": 668000000,
        "grossProfitRatio": 0.4227848101,
        "researchAndDevelopmentExpenses": 0,
        "generalAndAdministrativeExpenses": 90000000,
        "sellingAndMarketingExpenses": 423000000,
        "sellingGeneralAndAdministrativeExpenses": 513000000,
        "otherExpenses": -65000000,
        "operatingExpenses": 553000000,
        "costAndExpenses": 1465000000,
        "interestIncome": 0,
        "interestExpense": 90000000,
        "depreciationAndAmortization": 544000000,
        "ebitda": 584000000,
        "ebitdaratio": 0.3696202532,
        "operatingIncome": 105000000,
        "operatingIncomeRatio": 0.0664556962,
        "totalOtherIncomeExpensesNet": -155000000,
        "incomeBeforeTax": -40000000,
        "incomeBeforeTaxRatio": -0.0253164557,
        "incomeTaxExpense": 119000000,
        "netIncome": -205000000,
        "netIncomeRatio": -0.1297468354,
        "eps": -0.68,
        "epsdiluted": -0.68,
        "weightedAverageShsOut": 302500000,
        "weightedAverageShsOutDil": 302500000,
        "link": "https://www.sec.gov/Archives/edgar/data/4447/000156459019041724/0001564590-19-041724-index.htm",
        "finalLink": "https://www.sec.gov/Archives/edgar/data/4447/000156459019041724/hes-10q_20190930.htm"
    },
    {
        "date": "2019-06-30",
        "symbol": "HES",
        "reportedCurrency": "USD",
        "cik": "0000004447",
        "fillingDate": "2019-08-06",
        "acceptedDate": "2019-08-06 16:17:13",
        "calendarYear": "2019",
        "period": "Q2",
        "revenue": 1660000000,
        "costOfRevenue": 825000000,
        "grossProfit": 835000000,
        "grossProfitRatio": 0.5030120482,
        "researchAndDevelopmentExpenses": 0,
        "generalAndAdministrativeExpenses": 89000000,
        "sellingAndMarketingExpenses": 477000000,
        "sellingGeneralAndAdministrativeExpenses": 566000000,
        "otherExpenses": 15000000,
        "operatingExpenses": 609000000,
        "costAndExpenses": 1434000000,
        "interestIncome": 0,
        "interestExpense": 97000000,
        "depreciationAndAmortization": 494000000,
        "ebitda": 741000000,
        "ebitdaratio": 0.4463855422,
        "operatingIncome": 226000000,
        "operatingIncomeRatio": 0.1361445783,
        "totalOtherIncomeExpensesNet": -60000000,
        "incomeBeforeTax": 166000000,
        "incomeBeforeTaxRatio": 0.1,
        "incomeTaxExpense": 132000000,
        "netIncome": -6000000,
        "netIncomeRatio": -0.0036144578,
        "eps": -0.02,
        "epsdiluted": -0.0199,
        "weightedAverageShsOut": 300000000,
        "weightedAverageShsOutDil": 302200000,
        "link": "https://www.sec.gov/Archives/edgar/data/4447/000156459019029357/0001564590-19-029357-index.htm",
        "finalLink": "https://www.sec.gov/Archives/edgar/data/4447/000156459019029357/hes-10q_20190630.htm"
    },
    {
        "date": "2019-03-31",
        "symbol": "HES",
        "reportedCurrency": "USD",
        "cik": "0000004447",
        "fillingDate": "2019-05-01",
        "acceptedDate": "2019-05-01 16:06:55",
        "calendarYear": "2019",
        "period": "Q1",
        "revenue": 1572000000,
        "costOfRevenue": 803000000,
        "grossProfit": 769000000,
        "grossProfitRatio": 0.4891857506,
        "researchAndDevelopmentExpenses": 0,
        "generalAndAdministrativeExpenses": 87000000,
        "sellingAndMarketingExpenses": 408000000,
        "sellingGeneralAndAdministrativeExpenses": 495000000,
        "otherExpenses": 27000000,
        "operatingExpenses": 529000000,
        "costAndExpenses": 1332000000,
        "interestIncome": 0,
        "interestExpense": 98000000,
        "depreciationAndAmortization": 498000000,
        "ebitda": 765000000,
        "ebitdaratio": 0.4866412214,
        "operatingIncome": 142000000,
        "operatingIncomeRatio": 0.0903307888,
        "totalOtherIncomeExpensesNet": -71000000,
        "incomeBeforeTax": 169000000,
        "incomeBeforeTaxRatio": 0.1075063613,
        "incomeTaxExpense": 94000000,
        "netIncome": 32000000,
        "netIncomeRatio": 0.0203562341,
        "eps": 0.09,
        "epsdiluted": 0.09,
        "weightedAverageShsOut": 297400000,
        "weightedAverageShsOutDil": 299700000,
        "link": "https://www.sec.gov/Archives/edgar/data/4447/000156459019014806/0001564590-19-014806-index.htm",
        "finalLink": "https://www.sec.gov/Archives/edgar/data/4447/000156459019014806/hes-10q_20190331.htm"
    },
    {
        "date": "2018-12-31",
        "symbol": "HES",
        "reportedCurrency": "USD",
        "cik": "0000004447",
        "fillingDate": "2019-02-21",
        "acceptedDate": "2019-02-21 16:08:05",
        "calendarYear": "2018",
        "period": "Q4",
        "revenue": 1653000000,
        "costOfRevenue": 868000000,
        "grossProfit": 785000000,
        "grossProfitRatio": 0.4748941319,
        "researchAndDevelopmentExpenses": 0,
        "generalAndAdministrativeExpenses": 91000000,
        "sellingAndMarketingExpenses": 472000000,
        "sellingGeneralAndAdministrativeExpenses": 563000000,
        "otherExpenses": 29000000,
        "operatingExpenses": 654000000,
        "costAndExpenses": 1522000000,
        "interestIncome": 0,
        "interestExpense": 99000000,
        "depreciationAndAmortization": 533000000,
        "ebitda": 732000000,
        "ebitdaratio": 0.442831216,
        "operatingIncome": 128000000,
        "operatingIncomeRatio": 0.0774349667,
        "totalOtherIncomeExpensesNet": -67000000,
        "incomeBeforeTax": 61000000,
        "incomeBeforeTaxRatio": 0.0369026013,
        "incomeTaxExpense": 27000000,
        "netIncome": -4000000,
        "netIncomeRatio": -0.0024198427,
        "eps": -0.0137,
        "epsdiluted": -0.0137,
        "weightedAverageShsOut": 291434534,
        "weightedAverageShsOutDil": 291500000,
        "link": "https://www.sec.gov/Archives/edgar/data/4447/000156459019003671/0001564590-19-003671-index.htm",
        "finalLink": "https://www.sec.gov/Archives/edgar/data/4447/000156459019003671/hes-10k_20181231.htm"
    },
    {
        "date": "2018-09-30",
        "symbol": "HES",
        "reportedCurrency": "USD",
        "cik": "0000004447",
        "fillingDate": "2018-11-09",
        "acceptedDate": "2018-11-09 14:01:39",
        "calendarYear": "2018",
        "period": "Q3",
        "revenue": 1793000000,
        "costOfRevenue": 802000000,
        "grossProfit": 991000000,
        "grossProfitRatio": 0.5527049637,
        "researchAndDevelopmentExpenses": 0,
        "generalAndAdministrativeExpenses": 143000000,
        "sellingAndMarketingExpenses": 491000000,
        "sellingGeneralAndAdministrativeExpenses": 634000000,
        "otherExpenses": 21000000,
        "operatingExpenses": 709000000,
        "costAndExpenses": 1511000000,
        "interestIncome": 0,
        "interestExpense": 99000000,
        "depreciationAndAmortization": 489000000,
        "ebitda": 712000000,
        "ebitdaratio": 0.3970998327,
        "operatingIncome": 188000000,
        "operatingIncomeRatio": 0.104852203,
        "totalOtherIncomeExpensesNet": -64000000,
        "incomeBeforeTax": 218000000,
        "incomeBeforeTaxRatio": 0.1215839375,
        "incomeTaxExpense": 121000000,
        "netIncome": 52000000,
        "netIncomeRatio": 0.0290016732,
        "eps": 0.18,
        "epsdiluted": 0.18,
        "weightedAverageShsOut": 294300000,
        "weightedAverageShsOutDil": 294300000,
        "link": "https://www.sec.gov/Archives/edgar/data/4447/000156459018028852/0001564590-18-028852-index.htm",
        "finalLink": "https://www.sec.gov/Archives/edgar/data/4447/000156459018028852/hes-10q_20180930.htm"
    },
    {
        "date": "2018-06-30",
        "symbol": "HES",
        "reportedCurrency": "USD",
        "cik": "0000004447",
        "fillingDate": "2018-08-01",
        "acceptedDate": "2018-08-01 16:29:57",
        "calendarYear": "2018",
        "period": "Q2",
        "revenue": 1534000000,
        "costOfRevenue": 1224000000,
        "grossProfit": 310000000,
        "grossProfitRatio": 0.2020860495,
        "researchAndDevelopmentExpenses": 0,
        "generalAndAdministrativeExpenses": 129000000,
        "sellingAndMarketingExpenses": 450000000,
        "sellingGeneralAndAdministrativeExpenses": 579000000,
        "otherExpenses": 21000000,
        "operatingExpenses": 191000000,
        "costAndExpenses": 1415000000,
        "interestIncome": 0,
        "interestExpense": 98000000,
        "depreciationAndAmortization": 444000000,
        "ebitda": 569000000,
        "ebitdaratio": 0.3709256845,
        "operatingIncome": 119000000,
        "operatingIncomeRatio": 0.0775749674,
        "totalOtherIncomeExpensesNet": -92000000,
        "incomeBeforeTax": 27000000,
        "incomeBeforeTaxRatio": 0.017601043,
        "incomeTaxExpense": 114000000,
        "netIncome": -130000000,
        "netIncomeRatio": -0.0847457627,
        "eps": -0.44,
        "epsdiluted": -0.44,
        "weightedAverageShsOut": 295833333,
        "weightedAverageShsOutDil": 297500000,
        "link": "https://www.sec.gov/Archives/edgar/data/4447/000156459018018485/0001564590-18-018485-index.htm",
        "finalLink": "https://www.sec.gov/Archives/edgar/data/4447/000156459018018485/hes-10q_20180630.htm"
    },
    {
        "date": "2018-03-31",
        "symbol": "HES",
        "reportedCurrency": "USD",
        "cik": "0000004447",
        "fillingDate": "2018-05-01",
        "acceptedDate": "2018-05-01 16:16:14",
        "calendarYear": "2018",
        "period": "Q1",
        "revenue": 1346000000,
        "costOfRevenue": 1102000000,
        "grossProfit": 244000000,
        "grossProfitRatio": 0.1812778603,
        "researchAndDevelopmentExpenses": 0,
        "generalAndAdministrativeExpenses": 110000000,
        "sellingAndMarketingExpenses": 358000000,
        "sellingGeneralAndAdministrativeExpenses": 468000000,
        "otherExpenses": 37000000,
        "operatingExpenses": 150000000,
        "costAndExpenses": 1252000000,
        "interestIncome": 0,
        "interestExpense": 103000000,
        "depreciationAndAmortization": 417000000,
        "ebitda": 525000000,
        "ebitdaratio": 0.3900445765,
        "operatingIncome": 94000000,
        "operatingIncomeRatio": 0.0698365527,
        "totalOtherIncomeExpensesNet": -86000000,
        "incomeBeforeTax": 8000000,
        "incomeBeforeTaxRatio": 0.0059435364,
        "incomeTaxExpense": 73000000,
        "netIncome": -106000000,
        "netIncomeRatio": -0.0787518574,
        "eps": -0.34,
        "epsdiluted": -0.34,
        "weightedAverageShsOut": 307894736,
        "weightedAverageShsOutDil": 309500000,
        "link": "https://www.sec.gov/Archives/edgar/data/4447/000156459018010026/0001564590-18-010026-index.htm",
        "finalLink": "https://www.sec.gov/Archives/edgar/data/4447/000156459018010026/hes-10q_20180331.htm"
    },
    {
        "date": "2017-12-31",
        "symbol": "HES",
        "reportedCurrency": "USD",
        "cik": "0000004447",
        "fillingDate": "2018-02-21",
        "acceptedDate": "2018-02-21 16:51:04",
        "calendarYear": "2017",
        "period": "Q4",
        "revenue": 1663000000,
        "costOfRevenue": 1512000000,
        "grossProfit": 151000000,
        "grossProfitRatio": 0.0907997595,
        "researchAndDevelopmentExpenses": 0,
        "generalAndAdministrativeExpenses": 125000000,
        "sellingAndMarketingExpenses": 0,
        "sellingGeneralAndAdministrativeExpenses": 125000000,
        "otherExpenses": -5000000,
        "operatingExpenses": 481000000,
        "costAndExpenses": 1993000000,
        "interestIncome": 0,
        "interestExpense": 80000000,
        "depreciationAndAmortization": 646000000,
        "ebitda": -1483000000,
        "ebitdaratio": -0.8917618761,
        "operatingIncome": -330000000,
        "operatingIncomeRatio": -0.1984365604,
        "totalOtherIncomeExpensesNet": -2147000000,
        "incomeBeforeTax": -2477000000,
        "incomeBeforeTaxRatio": -1.4894768491,
        "incomeTaxExpense": 158000000,
        "netIncome": -2677000000,
        "netIncomeRatio": -1.6097414311,
        "eps": -8.54,
        "epsdiluted": -8.5,
        "weightedAverageShsOut": 313500000,
        "weightedAverageShsOutDil": 315053615,
        "link": "https://www.sec.gov/Archives/edgar/data/4447/000156459018002698/0001564590-18-002698-index.htm",
        "finalLink": "https://www.sec.gov/Archives/edgar/data/4447/000156459018002698/hes-10k_20171231.htm"
    },
    {
        "date": "2017-09-30",
        "symbol": "HES",
        "reportedCurrency": "USD",
        "cik": "0000004447",
        "fillingDate": "2017-11-07",
        "acceptedDate": "2017-11-06 19:12:41",
        "calendarYear": "2017",
        "period": "Q3",
        "revenue": 1370000000,
        "costOfRevenue": 1498000000,
        "grossProfit": -128000000,
        "grossProfitRatio": -0.0934306569,
        "researchAndDevelopmentExpenses": 0,
        "generalAndAdministrativeExpenses": 113000000,
        "sellingAndMarketingExpenses": 0,
        "sellingGeneralAndAdministrativeExpenses": 113000000,
        "otherExpenses": 22000000,
        "operatingExpenses": 153000000,
        "costAndExpenses": 1651000000,
        "interestIncome": 0,
        "interestExpense": 79000000,
        "depreciationAndAmortization": 759000000,
        "ebitda": -1728000000,
        "ebitdaratio": -1.2613138686,
        "operatingIncome": -281000000,
        "operatingIncomeRatio": -0.2051094891,
        "totalOtherIncomeExpensesNet": -2286000000,
        "incomeBeforeTax": -2567000000,
        "incomeBeforeTaxRatio": -1.8737226277,
        "incomeTaxExpense": -1974000000,
        "netIncome": -624000000,
        "netIncomeRatio": -0.4554744526,
        "eps": -1.99,
        "epsdiluted": -1.98,
        "weightedAverageShsOut": 314356435,
        "weightedAverageShsOutDil": 314500000,
        "link": "https://www.sec.gov/Archives/edgar/data/4447/000156459017021928/0001564590-17-021928-index.htm",
        "finalLink": "https://www.sec.gov/Archives/edgar/data/4447/000156459017021928/hes-10q_20170930.htm"
    },
    {
        "date": "2017-06-30",
        "symbol": "HES",
        "reportedCurrency": "USD",
        "cik": "0000004447",
        "fillingDate": "2017-08-03",
        "acceptedDate": "2017-08-03 16:13:34",
        "calendarYear": "2017",
        "period": "Q2",
        "revenue": 1216000000,
        "costOfRevenue": 1418000000,
        "grossProfit": -202000000,
        "grossProfitRatio": -0.1661184211,
        "researchAndDevelopmentExpenses": 0,
        "generalAndAdministrativeExpenses": 100000000,
        "sellingAndMarketingExpenses": 0,
        "sellingGeneralAndAdministrativeExpenses": 100000000,
        "otherExpenses": 12000000,
        "operatingExpenses": 153000000,
        "costAndExpenses": 1571000000,
        "interestIncome": 0,
        "interestExpense": 82000000,
        "depreciationAndAmortization": 741000000,
        "ebitda": 398000000,
        "ebitdaratio": 0.3273026316,
        "operatingIncome": -355000000,
        "operatingIncomeRatio": -0.2919407895,
        "totalOtherIncomeExpensesNet": 0,
        "incomeBeforeTax": -425000000,
        "incomeBeforeTaxRatio": -0.3495065789,
        "incomeTaxExpense": -8000000,
        "netIncome": -449000000,
        "netIncomeRatio": -0.3692434211,
        "eps": -1.43,
        "epsdiluted": -1.43,
        "weightedAverageShsOut": 314400000,
        "weightedAverageShsOutDil": 314400000,
        "link": "https://www.sec.gov/Archives/edgar/data/4447/000156459017015349/0001564590-17-015349-index.htm",
        "finalLink": "https://www.sec.gov/Archives/edgar/data/4447/000156459017015349/hes-10q_20170630.htm"
    },
    {
        "date": "2017-03-31",
        "symbol": "HES",
        "reportedCurrency": "USD",
        "cik": "0000004447",
        "fillingDate": "2017-05-04",
        "acceptedDate": "2017-05-04 16:02:34",
        "calendarYear": "2017",
        "period": "Q1",
        "revenue": 1277000000,
        "costOfRevenue": 1346000000,
        "grossProfit": -69000000,
        "grossProfitRatio": -0.0540328896,
        "researchAndDevelopmentExpenses": 0,
        "generalAndAdministrativeExpenses": 96000000,
        "sellingAndMarketingExpenses": 0,
        "sellingGeneralAndAdministrativeExpenses": 96000000,
        "otherExpenses": -2000000,
        "operatingExpenses": 154000000,
        "costAndExpenses": 1500000000,
        "interestIncome": 0,
        "interestExpense": 84000000,
        "depreciationAndAmortization": 737000000,
        "ebitda": 511000000,
        "ebitdaratio": 0.4001566171,
        "operatingIncome": -223000000,
        "operatingIncomeRatio": -0.1746280345,
        "totalOtherIncomeExpensesNet": 0,
        "incomeBeforeTax": -309000000,
        "incomeBeforeTaxRatio": -0.2419733751,
        "incomeTaxExpense": -13000000,
        "netIncome": -324000000,
        "netIncomeRatio": -0.2537196554,
        "eps": -1.03,
        "epsdiluted": -1.03,
        "weightedAverageShsOut": 313900000,
        "weightedAverageShsOutDil": 313900000,
        "link": "https://www.sec.gov/Archives/edgar/data/4447/000156459017008749/0001564590-17-008749-index.htm",
        "finalLink": "https://www.sec.gov/Archives/edgar/data/4447/000156459017008749/hes-10q_20170331.htm"
    },
    {
        "date": "2016-12-31",
        "symbol": "HES",
        "reportedCurrency": "USD",
        "cik": "0000004447",
        "fillingDate": "2017-02-23",
        "acceptedDate": "2017-02-23 16:21:56",
        "calendarYear": "2016",
        "period": "Q4",
        "revenue": 1388000000,
        "costOfRevenue": 1738000000,
        "grossProfit": -350000000,
        "grossProfitRatio": -0.2521613833,
        "researchAndDevelopmentExpenses": 0,
        "generalAndAdministrativeExpenses": 105000000,
        "sellingAndMarketingExpenses": 0,
        "sellingGeneralAndAdministrativeExpenses": 105000000,
        "otherExpenses": -2000000,
        "operatingExpenses": 1138000000,
        "costAndExpenses": 2876000000,
        "interestIncome": 0,
        "interestExpense": 84000000,
        "depreciationAndAmortization": 768000000,
        "ebitda": -27000000,
        "ebitdaratio": -0.0194524496,
        "operatingIncome": -1488000000,
        "operatingIncomeRatio": -1.0720461095,
        "totalOtherIncomeExpensesNet": -221000000,
        "incomeBeforeTax": -1709000000,
        "incomeBeforeTaxRatio": -1.2312680115,
        "incomeTaxExpense": 3189000000,
        "netIncome": -4892000000,
        "netIncomeRatio": -3.5244956772,
        "eps": -15.61,
        "epsdiluted": -15.46,
        "weightedAverageShsOut": 313458233,
        "weightedAverageShsOutDil": 316523200,
        "link": "https://www.sec.gov/Archives/edgar/data/4447/000156459017002225/0001564590-17-002225-index.htm",
        "finalLink": "https://www.sec.gov/Archives/edgar/data/4447/000156459017002225/hes-10k_20161231.htm"
    },
    {
        "date": "2016-09-30",
        "symbol": "HES",
        "reportedCurrency": "USD",
        "cik": "0000004447",
        "fillingDate": "2016-11-02",
        "acceptedDate": "2016-11-02 16:43:23",
        "calendarYear": "2016",
        "period": "Q3",
        "revenue": 1177000000,
        "costOfRevenue": 1481000000,
        "grossProfit": -304000000,
        "grossProfitRatio": -0.2582837723,
        "researchAndDevelopmentExpenses": 0,
        "generalAndAdministrativeExpenses": 106000000,
        "sellingAndMarketingExpenses": 0,
        "sellingGeneralAndAdministrativeExpenses": 106000000,
        "otherExpenses": 19000000,
        "operatingExpenses": 184000000,
        "costAndExpenses": 1665000000,
        "interestIncome": 0,
        "interestExpense": 84000000,
        "depreciationAndAmortization": 811000000,
        "ebitda": 278000000,
        "ebitdaratio": 0.2361937128,
        "operatingIncome": -488000000,
        "operatingIncomeRatio": -0.414613424,
        "totalOtherIncomeExpensesNet": -316000000,
        "incomeBeforeTax": -633000000,
        "incomeBeforeTaxRatio": -0.5378079864,
        "incomeTaxExpense": -316000000,
        "netIncome": -339000000,
        "netIncomeRatio": -0.2880203908,
        "eps": -1.08,
        "epsdiluted": -1.08,
        "weightedAverageShsOut": 313200000,
        "weightedAverageShsOutDil": 313200000,
        "link": "https://www.sec.gov/Archives/edgar/data/4447/000156459016027023/0001564590-16-027023-index.htm",
        "finalLink": "https://www.sec.gov/Archives/edgar/data/4447/000156459016027023/hes-10q_20160930.htm"
    },
    {
        "date": "2016-06-30",
        "symbol": "HES",
        "reportedCurrency": "USD",
        "cik": "0000004447",
        "fillingDate": "2016-08-05",
        "acceptedDate": "2016-08-05 16:31:17",
        "calendarYear": "2016",
        "period": "Q2",
        "revenue": 1224000000,
        "costOfRevenue": 1557000000,
        "grossProfit": -333000000,
        "grossProfitRatio": -0.2720588235,
        "researchAndDevelopmentExpenses": 0,
        "generalAndAdministrativeExpenses": 106000000,
        "sellingAndMarketingExpenses": 0,
        "sellingGeneralAndAdministrativeExpenses": 106000000,
        "otherExpenses": 45000000,
        "operatingExpenses": 305000000,
        "costAndExpenses": 1862000000,
        "interestIncome": 0,
        "interestExpense": 85000000,
        "depreciationAndAmortization": 797000000,
        "ebitda": 185000000,
        "ebitdaratio": 0.1511437908,
        "operatingIncome": -638000000,
        "operatingIncomeRatio": -0.5212418301,
        "totalOtherIncomeExpensesNet": -305000000,
        "incomeBeforeTax": -678000000,
        "incomeBeforeTaxRatio": -0.5539215686,
        "incomeTaxExpense": -305000000,
        "netIncome": -392000000,
        "netIncomeRatio": -0.3202614379,
        "eps": -1.25,
        "epsdiluted": -1.25,
        "weightedAverageShsOut": 313178294,
        "weightedAverageShsOutDil": 313200000,
        "link": "https://www.sec.gov/Archives/edgar/data/4447/000156459016023003/0001564590-16-023003-index.htm",
        "finalLink": "https://www.sec.gov/Archives/edgar/data/4447/000156459016023003/hes-10q_20160630.htm"
    },
    {
        "date": "2016-03-31",
        "symbol": "HES",
        "reportedCurrency": "USD",
        "cik": "0000004447",
        "fillingDate": "2016-05-05",
        "acceptedDate": "2016-05-05 17:04:06",
        "calendarYear": "2016",
        "period": "Q1",
        "revenue": 973000000,
        "costOfRevenue": 1512000000,
        "grossProfit": -539000000,
        "grossProfitRatio": -0.5539568345,
        "researchAndDevelopmentExpenses": 0,
        "generalAndAdministrativeExpenses": 98000000,
        "sellingAndMarketingExpenses": 0,
        "sellingGeneralAndAdministrativeExpenses": 98000000,
        "otherExpenses": 20000000,
        "operatingExpenses": 230000000,
        "costAndExpenses": 1742000000,
        "interestIncome": 0,
        "interestExpense": 85000000,
        "depreciationAndAmortization": 868000000,
        "ebitda": 108000000,
        "ebitdaratio": 0.1109969168,
        "operatingIncome": -769000000,
        "operatingIncomeRatio": -0.7903391572,
        "totalOtherIncomeExpensesNet": -346000000,
        "incomeBeforeTax": -834000000,
        "incomeBeforeTaxRatio": -0.8571428571,
        "incomeTaxExpense": -346000000,
        "netIncome": -509000000,
        "netIncomeRatio": -0.5231243577,
        "eps": -1.7,
        "epsdiluted": -1.7,
        "weightedAverageShsOut": 299418604,
        "weightedAverageShsOutDil": 299800000,
        "link": "https://www.sec.gov/Archives/edgar/data/4447/000156459016018033/0001564590-16-018033-index.htm",
        "finalLink": "https://www.sec.gov/Archives/edgar/data/4447/000156459016018033/hes-10q_20160331.htm"
    },
    {
        "date": "2015-12-31",
        "symbol": "HES",
        "reportedCurrency": "USD",
        "cik": "0000004447",
        "fillingDate": "2016-02-26",
        "acceptedDate": "2016-02-25 19:12:15",
        "calendarYear": "2015",
        "period": "Q4",
        "revenue": 1474000000,
        "costOfRevenue": 1835000000,
        "grossProfit": -361000000,
        "grossProfitRatio": -0.2449118046,
        "researchAndDevelopmentExpenses": 0,
        "generalAndAdministrativeExpenses": 140000000,
        "sellingAndMarketingExpenses": 0,
        "sellingGeneralAndAdministrativeExpenses": 140000000,
        "otherExpenses": -87000000,
        "operatingExpenses": 518000000,
        "costAndExpenses": 2353000000,
        "interestIncome": 0,
        "interestExpense": 86000000,
        "depreciationAndAmortization": 983000000,
        "ebitda": -1214000000,
        "ebitdaratio": -0.8236092266,
        "operatingIncome": -879000000,
        "operatingIncomeRatio": -0.5963364993,
        "totalOtherIncomeExpensesNet": -671000000,
        "incomeBeforeTax": -2283000000,
        "incomeBeforeTaxRatio": -1.5488466757,
        "incomeTaxExpense": -492000000,
        "netIncome": -1821000000,
        "netIncomeRatio": -1.2354138399,
        "eps": -6.43,
        "epsdiluted": -6.37,
        "weightedAverageShsOut": 283000000,
        "weightedAverageShsOutDil": 286045586,
        "link": "https://www.sec.gov/Archives/edgar/data/4447/000156459016013433/0001564590-16-013433-index.htm",
        "finalLink": "https://www.sec.gov/Archives/edgar/data/4447/000156459016013433/hes-10k_20151231.htm"
    },
    {
        "date": "2015-09-30",
        "symbol": "HES",
        "reportedCurrency": "USD",
        "cik": "0000004447",
        "fillingDate": "2015-11-05",
        "acceptedDate": "2015-11-05 16:16:55",
        "calendarYear": "2015",
        "period": "Q3",
        "revenue": 1671000000,
        "costOfRevenue": 1881000000,
        "grossProfit": -210000000,
        "grossProfitRatio": -0.1256732496,
        "researchAndDevelopmentExpenses": 0,
        "generalAndAdministrativeExpenses": 119000000,
        "sellingAndMarketingExpenses": 0,
        "sellingGeneralAndAdministrativeExpenses": 119000000,
        "otherExpenses": -32000000,
        "operatingExpenses": 263000000,
        "costAndExpenses": 2144000000,
        "interestIncome": 0,
        "interestExpense": 84000000,
        "depreciationAndAmortization": 988000000,
        "ebitda": 493000000,
        "ebitdaratio": 0.2950329144,
        "operatingIncome": -473000000,
        "operatingIncomeRatio": -0.2830640335,
        "totalOtherIncomeExpensesNet": -300000000,
        "incomeBeforeTax": -539000000,
        "incomeBeforeTaxRatio": -0.3225613405,
        "incomeTaxExpense": -300000000,
        "netIncome": -279000000,
        "netIncomeRatio": -0.1669658887,
        "eps": -0.99,
        "epsdiluted": -0.98,
        "weightedAverageShsOut": 282978723,
        "weightedAverageShsOutDil": 283500000,
        "link": "https://www.sec.gov/Archives/edgar/data/4447/000156459015009662/0001564590-15-009662-index.htm",
        "finalLink": "https://www.sec.gov/Archives/edgar/data/4447/000156459015009662/hes-10q_20150930.htm"
    },
    {
        "date": "2015-06-30",
        "symbol": "HES",
        "reportedCurrency": "USD",
        "cik": "0000004447",
        "fillingDate": "2015-08-07",
        "acceptedDate": "2015-08-07 16:33:03",
        "calendarYear": "2015",
        "period": "Q2",
        "revenue": 1953000000,
        "costOfRevenue": 1932000000,
        "grossProfit": 21000000,
        "grossProfitRatio": 0.0107526882,
        "researchAndDevelopmentExpenses": 0,
        "generalAndAdministrativeExpenses": 151000000,
        "sellingAndMarketingExpenses": 0,
        "sellingGeneralAndAdministrativeExpenses": 151000000,
        "otherExpenses": -18000000,
        "operatingExpenses": 241000000,
        "costAndExpenses": 2173000000,
        "interestIncome": 0,
        "interestExpense": 86000000,
        "depreciationAndAmortization": 1028000000,
        "ebitda": 391000000,
        "ebitdaratio": 0.2002048131,
        "operatingIncome": -220000000,
        "operatingIncomeRatio": -0.1126472094,
        "totalOtherIncomeExpensesNet": -156000000,
        "incomeBeforeTax": -709000000,
        "incomeBeforeTaxRatio": -0.363031234,
        "incomeTaxExpense": -156000000,
        "netIncome": -567000000,
        "netIncomeRatio": -0.2903225806,
        "eps": -1.99,
        "epsdiluted": -1.99,
        "weightedAverageShsOut": 284300000,
        "weightedAverageShsOutDil": 284300000,
        "link": "https://www.sec.gov/Archives/edgar/data/4447/000156459015006685/0001564590-15-006685-index.htm",
        "finalLink": "https://www.sec.gov/Archives/edgar/data/4447/000156459015006685/hes-10q_20150630.htm"
    },
    {
        "date": "2015-03-31",
        "symbol": "HES",
        "reportedCurrency": "USD",
        "cik": "0000004447",
        "fillingDate": "2015-05-07",
        "acceptedDate": "2015-05-07 16:48:34",
        "calendarYear": "2015",
        "period": "Q1",
        "revenue": 1538000000,
        "costOfRevenue": 1776000000,
        "grossProfit": -238000000,
        "grossProfitRatio": -0.1547464239,
        "researchAndDevelopmentExpenses": 0,
        "generalAndAdministrativeExpenses": 147000000,
        "sellingAndMarketingExpenses": 0,
        "sellingGeneralAndAdministrativeExpenses": 147000000,
        "otherExpenses": 12000000,
        "operatingExpenses": 416000000,
        "costAndExpenses": 2192000000,
        "interestIncome": 0,
        "interestExpense": 85000000,
        "depreciationAndAmortization": 956000000,
        "ebitda": 301000000,
        "ebitdaratio": 0.1957087126,
        "operatingIncome": -654000000,
        "operatingIncomeRatio": -0.4252275683,
        "totalOtherIncomeExpensesNet": -351000000,
        "incomeBeforeTax": -727000000,
        "incomeBeforeTaxRatio": -0.4726918075,
        "incomeTaxExpense": -351000000,
        "netIncome": -389000000,
        "netIncomeRatio": -0.2529258778,
        "eps": -1.37,
        "epsdiluted": -1.37,
        "weightedAverageShsOut": 283500000,
        "weightedAverageShsOutDil": 283500000,
        "link": "https://www.sec.gov/Archives/edgar/data/4447/000156459015003601/0001564590-15-003601-index.htm",
        "finalLink": "https://www.sec.gov/Archives/edgar/data/4447/000156459015003601/hes-10q_20150331.htm"
    },
    {
        "date": "2014-12-31",
        "symbol": "HES",
        "reportedCurrency": "USD",
        "cik": "0000004447",
        "fillingDate": "2015-02-27",
        "acceptedDate": "2015-02-26 17:38:30",
        "calendarYear": "2014",
        "period": "Q4",
        "revenue": 2557000000,
        "costOfRevenue": 1935000000,
        "grossProfit": 622000000,
        "grossProfitRatio": 0.2432538131,
        "researchAndDevelopmentExpenses": 0,
        "generalAndAdministrativeExpenses": 164000000,
        "sellingAndMarketingExpenses": 0,
        "sellingGeneralAndAdministrativeExpenses": 164000000,
        "otherExpenses": -32000000,
        "operatingExpenses": 335000000,
        "costAndExpenses": 2270000000,
        "interestIncome": 0,
        "interestExpense": 82000000,
        "depreciationAndAmortization": 875000000,
        "ebitda": 1049000000,
        "ebitdaratio": 0.4102463825,
        "operatingIncome": 203000000,
        "operatingIncomeRatio": 0.0793899101,
        "totalOtherIncomeExpensesNet": -111000000,
        "incomeBeforeTax": 176000000,
        "incomeBeforeTaxRatio": 0.0688306609,
        "incomeTaxExpense": 181000000,
        "netIncome": -8000000,
        "netIncomeRatio": -0.0031286664,
        "eps": -0.028,
        "epsdiluted": -0.0277,
        "weightedAverageShsOut": 285834964,
        "weightedAverageShsOutDil": 289000000,
        "link": "https://www.sec.gov/Archives/edgar/data/4447/000156459015001040/0001564590-15-001040-index.htm",
        "finalLink": "https://www.sec.gov/Archives/edgar/data/4447/000156459015001040/hes-10k_20141231.htm"
    },
    {
        "date": "2014-09-30",
        "symbol": "HES",
        "reportedCurrency": "USD",
        "cik": "0000004447",
        "fillingDate": "2014-11-10",
        "acceptedDate": "2014-11-10 14:01:51",
        "calendarYear": "2014",
        "period": "Q3",
        "revenue": 2745000000,
        "costOfRevenue": 1840000000,
        "grossProfit": 905000000,
        "grossProfitRatio": 0.3296903461,
        "researchAndDevelopmentExpenses": 0,
        "generalAndAdministrativeExpenses": 139000000,
        "sellingAndMarketingExpenses": 34000000,
        "sellingGeneralAndAdministrativeExpenses": 173000000,
        "otherExpenses": 26000000,
        "operatingExpenses": 263000000,
        "costAndExpenses": 2103000000,
        "interestIncome": 0,
        "interestExpense": 75000000,
        "depreciationAndAmortization": 837000000,
        "ebitda": 1504000000,
        "ebitdaratio": 0.5479052823,
        "operatingIncome": 642000000,
        "operatingIncomeRatio": 0.2338797814,
        "totalOtherIncomeExpensesNet": -17000000,
        "incomeBeforeTax": 624000000,
        "incomeBeforeTaxRatio": 0.2273224044,
        "incomeTaxExpense": 237000000,
        "netIncome": 1008000000,
        "netIncomeRatio": 0.3672131148,
        "eps": 3.35,
        "epsdiluted": 3.31,
        "weightedAverageShsOut": 300700000,
        "weightedAverageShsOutDil": 305000000,
        "link": "https://www.sec.gov/Archives/edgar/data/4447/000156459014005364/0001564590-14-005364-index.htm",
        "finalLink": "https://www.sec.gov/Archives/edgar/data/4447/000156459014005364/hes-10q_20140930.htm"
    },
    {
        "date": "2014-06-30",
        "symbol": "HES",
        "reportedCurrency": "USD",
        "cik": "0000004447",
        "fillingDate": "2014-08-07",
        "acceptedDate": "2014-08-07 17:01:41",
        "calendarYear": "2014",
        "period": "Q2",
        "revenue": 2846000000,
        "costOfRevenue": 1831000000,
        "grossProfit": 1015000000,
        "grossProfitRatio": 0.3566408995,
        "researchAndDevelopmentExpenses": 0,
        "generalAndAdministrativeExpenses": 143000000,
        "sellingAndMarketingExpenses": 25000000,
        "sellingGeneralAndAdministrativeExpenses": 168000000,
        "otherExpenses": -25000000,
        "operatingExpenses": 628000000,
        "costAndExpenses": 2459000000,
        "interestIncome": 0,
        "interestExpense": 85000000,
        "depreciationAndAmortization": 760000000,
        "ebitda": 362000000,
        "ebitdaratio": 0.1271960647,
        "operatingIncome": 387000000,
        "operatingIncomeRatio": 0.1359803233,
        "totalOtherIncomeExpensesNet": 89000000,
        "incomeBeforeTax": 1056000000,
        "incomeBeforeTaxRatio": 0.3710470836,
        "incomeTaxExpense": 89000000,
        "netIncome": 931000000,
        "netIncomeRatio": 0.3271257906,
        "eps": 3.01,
        "epsdiluted": 2.96,
        "weightedAverageShsOut": 309700000,
        "weightedAverageShsOutDil": 314100000,
        "link": "https://www.sec.gov/Archives/edgar/data/4447/000119312514300920/0001193125-14-300920-index.htm",
        "finalLink": "https://www.sec.gov/Archives/edgar/data/4447/000119312514300920/d752527d10q.htm"
    },
    {
        "date": "2014-03-31",
        "symbol": "HES",
        "reportedCurrency": "USD",
        "cik": "0000004447",
        "fillingDate": "2014-05-08",
        "acceptedDate": "2014-05-08 17:14:35",
        "calendarYear": "2014",
        "period": "Q1",
        "revenue": 5554000000,
        "costOfRevenue": 4202000000,
        "grossProfit": 1352000000,
        "grossProfitRatio": 0.2434281599,
        "researchAndDevelopmentExpenses": 0,
        "generalAndAdministrativeExpenses": 153000000,
        "sellingAndMarketingExpenses": 293000000,
        "sellingGeneralAndAdministrativeExpenses": 446000000,
        "otherExpenses": -58000000,
        "operatingExpenses": 565000000,
        "costAndExpenses": 4767000000,
        "interestIncome": 0,
        "interestExpense": 81000000,
        "depreciationAndAmortization": 752000000,
        "ebitda": 1410000000,
        "ebitdaratio": 0.2538710839,
        "operatingIncome": 787000000,
        "operatingIncomeRatio": 0.1416996759,
        "totalOtherIncomeExpensesNet": -162000000,
        "incomeBeforeTax": 658000000,
        "incomeBeforeTaxRatio": 0.1184731725,
        "incomeTaxExpense": 248000000,
        "netIncome": 386000000,
        "netIncomeRatio": 0.0694994598,
        "eps": 1.21,
        "epsdiluted": 1.2,
        "weightedAverageShsOut": 318100000,
        "weightedAverageShsOutDil": 322600000,
        "link": "https://www.sec.gov/Archives/edgar/data/4447/000119312514190297/0001193125-14-190297-index.htm",
        "finalLink": "https://www.sec.gov/Archives/edgar/data/4447/000119312514190297/d699735d10q.htm"
    },
    {
        "date": "2013-12-31",
        "symbol": "HES",
        "reportedCurrency": "USD",
        "cik": "0000004447",
        "fillingDate": "2014-02-28",
        "acceptedDate": "2014-02-28 16:45:49",
        "calendarYear": "2013",
        "period": "Q4",
        "revenue": 5183000000,
        "costOfRevenue": 4078000000,
        "grossProfit": 1105000000,
        "grossProfitRatio": 0.2131969902,
        "researchAndDevelopmentExpenses": 0,
        "generalAndAdministrativeExpenses": 214000000,
        "sellingAndMarketingExpenses": 245000000,
        "sellingGeneralAndAdministrativeExpenses": 459000000,
        "otherExpenses": 5000000,
        "operatingExpenses": 917000000,
        "costAndExpenses": 4995000000,
        "interestIncome": 0,
        "interestExpense": 97000000,
        "depreciationAndAmortization": 797000000,
        "ebitda": 1063000000,
        "ebitdaratio": 0.2050935751,
        "operatingIncome": 155000000,
        "operatingIncomeRatio": 0.0299054602,
        "totalOtherIncomeExpensesNet": -4000000,
        "incomeBeforeTax": 187000000,
        "incomeBeforeTaxRatio": 0.0360794906,
        "incomeTaxExpense": -666000000,
        "netIncome": 1925000000,
        "netIncomeRatio": 0.3714065213,
        "eps": 5.92,
        "epsdiluted": 5.76,
        "weightedAverageShsOut": 325314177,
        "weightedAverageShsOutDil": 334300000,
        "link": "https://www.sec.gov/Archives/edgar/data/4447/000119312514077565/0001193125-14-077565-index.htm",
        "finalLink": "https://www.sec.gov/Archives/edgar/data/4447/000119312514077565/d652042d10k.htm"
    },
    {
        "date": "2013-09-30",
        "symbol": "HES",
        "reportedCurrency": "USD",
        "cik": "0000004447",
        "fillingDate": "2013-11-07",
        "acceptedDate": "2013-11-07 17:06:37",
        "calendarYear": "2013",
        "period": "Q3",
        "revenue": 2706000000,
        "costOfRevenue": 1614000000,
        "grossProfit": 1092000000,
        "grossProfitRatio": 0.4035476718,
        "researchAndDevelopmentExpenses": 0,
        "generalAndAdministrativeExpenses": 153000000,
        "sellingAndMarketingExpenses": 0,
        "sellingGeneralAndAdministrativeExpenses": 153000000,
        "otherExpenses": -3000000,
        "operatingExpenses": 307000000,
        "costAndExpenses": 1921000000,
        "interestIncome": 0,
        "interestExpense": 86000000,
        "depreciationAndAmortization": 681000000,
        "ebitda": 1447000000,
        "ebitdaratio": 0.5347376201,
        "operatingIncome": 785000000,
        "operatingIncomeRatio": 0.2900960828,
        "totalOtherIncomeExpensesNet": -92000000,
        "incomeBeforeTax": 691000000,
        "incomeBeforeTaxRatio": 0.2553584627,
        "incomeTaxExpense": 325000000,
        "netIncome": 420000000,
        "netIncomeRatio": 0.155210643,
        "eps": 1.24,
        "epsdiluted": 1.23,
        "weightedAverageShsOut": 339000000,
        "weightedAverageShsOutDil": 343300000,
        "link": "https://www.sec.gov/Archives/edgar/data/4447/000119312513433105/0001193125-13-433105-index.htm",
        "finalLink": "https://www.sec.gov/Archives/edgar/data/4447/000119312513433105/d600752d10q.htm"
    },
    {
        "date": "2013-06-30",
        "symbol": "HES",
        "reportedCurrency": "USD",
        "cik": "0000004447",
        "fillingDate": "2013-08-08",
        "acceptedDate": "2013-08-08 16:15:54",
        "calendarYear": "2013",
        "period": "Q2",
        "revenue": 3011000000,
        "costOfRevenue": 1641000000,
        "grossProfit": 1370000000,
        "grossProfitRatio": 0.4549983394,
        "researchAndDevelopmentExpenses": 0,
        "generalAndAdministrativeExpenses": 167000000,
        "sellingAndMarketingExpenses": 0,
        "sellingGeneralAndAdministrativeExpenses": 167000000,
        "otherExpenses": -17000000,
        "operatingExpenses": 367000000,
        "costAndExpenses": 2008000000,
        "interestIncome": 0,
        "interestExpense": 99000000,
        "depreciationAndAmortization": 613000000,
        "ebitda": 986000000,
        "ebitdaratio": 0.3274659582,
        "operatingIncome": 1003000000,
        "operatingIncomeRatio": 0.3331119229,
        "totalOtherIncomeExpensesNet": 967000000,
        "incomeBeforeTax": 1998000000,
        "incomeBeforeTaxRatio": 0.6635669213,
        "incomeTaxExpense": 409000000,
        "netIncome": 1431000000,
        "netIncomeRatio": 0.4752573896,
        "eps": 4.21,
        "epsdiluted": 4.16,
        "weightedAverageShsOut": 340100000,
        "weightedAverageShsOutDil": 344000000,
        "link": "https://www.sec.gov/Archives/edgar/data/4447/000119312513326860/0001193125-13-326860-index.htm",
        "finalLink": "https://www.sec.gov/Archives/edgar/data/4447/000119312513326860/d561628d10q.htm"
    },
    {
        "date": "2013-03-31",
        "symbol": "HES",
        "reportedCurrency": "USD",
        "cik": "0000004447",
        "fillingDate": "2013-05-09",
        "acceptedDate": "2013-05-09 16:05:17",
        "calendarYear": "2013",
        "period": "Q1",
        "revenue": 3466000000,
        "costOfRevenue": 1990000000,
        "grossProfit": 1476000000,
        "grossProfitRatio": 0.4258511252,
        "researchAndDevelopmentExpenses": 0,
        "generalAndAdministrativeExpenses": 149000000,
        "sellingAndMarketingExpenses": 0,
        "sellingGeneralAndAdministrativeExpenses": 149000000,
        "otherExpenses": -37000000,
        "operatingExpenses": 368000000,
        "costAndExpenses": 2358000000,
        "interestIncome": 0,
        "interestExpense": 106000000,
        "depreciationAndAmortization": 679000000,
        "ebitda": 1071000000,
        "ebitdaratio": 0.3090017311,
        "operatingIncome": 1108000000,
        "operatingIncomeRatio": 0.3196768609,
        "totalOtherIncomeExpensesNet": 470000000,
        "incomeBeforeTax": 1653000000,
        "incomeBeforeTaxRatio": 0.4769186382,
        "incomeTaxExpense": 470000000,
        "netIncome": 1276000000,
        "netIncomeRatio": 0.3681477207,
        "eps": 3.76,
        "epsdiluted": 3.72,
        "weightedAverageShsOut": 339200000,
        "weightedAverageShsOutDil": 342600000,
        "link": "https://www.sec.gov/Archives/edgar/data/4447/000119312513210974/0001193125-13-210974-index.htm",
        "finalLink": "https://www.sec.gov/Archives/edgar/data/4447/000119312513210974/d516537d10q.htm"
    },
    {
        "date": "2012-12-31",
        "symbol": "HES",
        "reportedCurrency": "USD",
        "cik": "0000004447",
        "fillingDate": "2013-02-28",
        "acceptedDate": "2013-02-28 17:12:31",
        "calendarYear": "2012",
        "period": "Q4",
        "revenue": 9511000000,
        "costOfRevenue": 7691000000,
        "grossProfit": 1820000000,
        "grossProfitRatio": 0.1913573757,
        "researchAndDevelopmentExpenses": 0,
        "generalAndAdministrativeExpenses": 201000000,
        "sellingAndMarketingExpenses": 282000000,
        "sellingGeneralAndAdministrativeExpenses": 483000000,
        "otherExpenses": 15000000,
        "operatingExpenses": 888000000,
        "costAndExpenses": 8579000000,
        "interestIncome": 0,
        "interestExpense": 106000000,
        "depreciationAndAmortization": 751000000,
        "ebitda": 1539000000,
        "ebitdaratio": 0.161812638,
        "operatingIncome": 932000000,
        "operatingIncomeRatio": 0.097991799,
        "totalOtherIncomeExpensesNet": -250000000,
        "incomeBeforeTax": 997000000,
        "incomeBeforeTaxRatio": 0.104825991,
        "incomeTaxExpense": 429000000,
        "netIncome": 566000000,
        "netIncomeRatio": 0.059510041,
        "eps": 1.66,
        "epsdiluted": 1.66,
        "weightedAverageShsOut": 338700000,
        "weightedAverageShsOutDil": 341527617,
        "link": "https://www.sec.gov/Archives/edgar/data/4447/000119312513084779/0001193125-13-084779-index.htm",
        "finalLink": "https://www.sec.gov/Archives/edgar/data/4447/000119312513084779/d457291d10k.htm"
    },
    {
        "date": "2012-09-30",
        "symbol": "HES",
        "reportedCurrency": "USD",
        "cik": "0000004447",
        "fillingDate": "2012-11-08",
        "acceptedDate": "2012-11-08 14:27:48",
        "calendarYear": "2012",
        "period": "Q3",
        "revenue": 9194000000,
        "costOfRevenue": 6731000000,
        "grossProfit": 2463000000,
        "grossProfitRatio": 0.2678921035,
        "researchAndDevelopmentExpenses": 0,
        "generalAndAdministrativeExpenses": 167000000,
        "sellingAndMarketingExpenses": 259000000,
        "sellingGeneralAndAdministrativeExpenses": 426000000,
        "otherExpenses": 1048000000,
        "operatingExpenses": 1474000000,
        "costAndExpenses": 8205000000,
        "interestIncome": 0,
        "interestExpense": 104000000,
        "depreciationAndAmortization": 748000000,
        "ebitda": 1737000000,
        "ebitdaratio": 0.1889275615,
        "operatingIncome": 989000000,
        "operatingIncomeRatio": 0.1075701544,
        "totalOtherIncomeExpensesNet": 0,
        "incomeBeforeTax": 1102000000,
        "incomeBeforeTaxRatio": 0.1198607788,
        "incomeTaxExpense": 510000000,
        "netIncome": 557000000,
        "netIncomeRatio": 0.0605829889,
        "eps": 1.65,
        "epsdiluted": 1.64,
        "weightedAverageShsOut": 338600000,
        "weightedAverageShsOutDil": 340000000,
        "link": "https://www.sec.gov/Archives/edgar/data/4447/000119312512460034/0001193125-12-460034-index.htm",
        "finalLink": "https://www.sec.gov/Archives/edgar/data/4447/000119312512460034/d400299d10q.htm"
    },
    {
        "date": "2012-06-30",
        "symbol": "HES",
        "reportedCurrency": "USD",
        "cik": "0000004447",
        "fillingDate": "2012-08-03",
        "acceptedDate": "2012-08-03 11:58:40",
        "calendarYear": "2012",
        "period": "Q2",
        "revenue": 9309000000,
        "costOfRevenue": 6646000000,
        "grossProfit": 2663000000,
        "grossProfitRatio": 0.2860672468,
        "researchAndDevelopmentExpenses": 0,
        "generalAndAdministrativeExpenses": 172000000,
        "sellingAndMarketingExpenses": 265000000,
        "sellingGeneralAndAdministrativeExpenses": 437000000,
        "otherExpenses": 1006000000,
        "operatingExpenses": 1443000000,
        "costAndExpenses": 8089000000,
        "interestIncome": 0,
        "interestExpense": 105000000,
        "depreciationAndAmortization": 769000000,
        "ebitda": 1913000000,
        "ebitdaratio": 0.2055000537,
        "operatingIncome": 1110000000,
        "operatingIncomeRatio": 0.1192394457,
        "totalOtherIncomeExpensesNet": -48000000,
        "incomeBeforeTax": 1056000000,
        "incomeBeforeTaxRatio": 0.1134386078,
        "incomeTaxExpense": 521000000,
        "netIncome": 549000000,
        "netIncomeRatio": 0.0589751853,
        "eps": 1.62,
        "epsdiluted": 1.61,
        "weightedAverageShsOut": 338500000,
        "weightedAverageShsOutDil": 340400000,
        "link": "https://www.sec.gov/Archives/edgar/data/4447/000119312512334056/0001193125-12-334056-index.htm",
        "finalLink": "https://www.sec.gov/Archives/edgar/data/4447/000119312512334056/d352118d10q.htm"
    },
    {
        "date": "2012-03-31",
        "symbol": "HES",
        "reportedCurrency": "USD",
        "cik": "0000004447",
        "fillingDate": "2012-05-04",
        "acceptedDate": "2012-05-04 14:36:38",
        "calendarYear": "2012",
        "period": "Q1",
        "revenue": 9747000000,
        "costOfRevenue": 7352000000,
        "grossProfit": 2395000000,
        "grossProfitRatio": 0.2457166308,
        "researchAndDevelopmentExpenses": 0,
        "generalAndAdministrativeExpenses": 167000000,
        "sellingAndMarketingExpenses": 251000000,
        "sellingGeneralAndAdministrativeExpenses": 418000000,
        "otherExpenses": 975000000,
        "operatingExpenses": 1393000000,
        "costAndExpenses": 8745000000,
        "interestIncome": 0,
        "interestExpense": 104000000,
        "depreciationAndAmortization": 681000000,
        "ebitda": 1633000000,
        "ebitdaratio": 0.1675387299,
        "operatingIncome": 937000000,
        "operatingIncomeRatio": 0.0961321432,
        "totalOtherIncomeExpensesNet": -39000000,
        "incomeBeforeTax": 898000000,
        "incomeBeforeTaxRatio": 0.0921309121,
        "incomeTaxExpense": 338000000,
        "netIncome": 545000000,
        "netIncomeRatio": 0.0559146404,
        "eps": 1.61,
        "epsdiluted": 1.6,
        "weightedAverageShsOut": 338000000,
        "weightedAverageShsOutDil": 340300000,
        "link": "https://www.sec.gov/Archives/edgar/data/4447/000119312512211529/0001193125-12-211529-index.htm",
        "finalLink": "https://www.sec.gov/Archives/edgar/data/4447/000119312512211529/d317401d10q.htm"
    },
    {
        "date": "2011-12-31",
        "symbol": "HES",
        "reportedCurrency": "USD",
        "cik": "0000004447",
        "fillingDate": "2012-02-27",
        "acceptedDate": "2012-02-27 16:51:55",
        "calendarYear": "2011",
        "period": "Q4",
        "revenue": 9733000000,
        "costOfRevenue": 7325000000,
        "grossProfit": 2408000000,
        "grossProfitRatio": 0.2474057331,
        "researchAndDevelopmentExpenses": 0,
        "generalAndAdministrativeExpenses": 187000000,
        "sellingAndMarketingExpenses": 273000000,
        "sellingGeneralAndAdministrativeExpenses": 460000000,
        "otherExpenses": 1144000000,
        "operatingExpenses": 1604000000,
        "costAndExpenses": 8929000000,
        "interestIncome": 0,
        "interestExpense": 93000000,
        "depreciationAndAmortization": 674000000,
        "ebitda": 569000000,
        "ebitdaratio": 0.0584609062,
        "operatingIncome": 804000000,
        "operatingIncomeRatio": 0.0826055687,
        "totalOtherIncomeExpensesNet": -1002000000,
        "incomeBeforeTax": -198000000,
        "incomeBeforeTaxRatio": -0.0203431624,
        "incomeTaxExpense": -64000000,
        "netIncome": -131000000,
        "netIncomeRatio": -0.013459365,
        "eps": -0.39,
        "epsdiluted": -0.38,
        "weightedAverageShsOut": 337500000,
        "weightedAverageShsOutDil": 340300000,
        "link": "https://www.sec.gov/Archives/edgar/data/4447/000119312512081827/0001193125-12-081827-index.htm",
        "finalLink": "https://www.sec.gov/Archives/edgar/data/4447/000119312512081827/d270298d10k.htm"
    },
    {
        "date": "2011-09-30",
        "symbol": "HES",
        "reportedCurrency": "USD",
        "cik": "0000004447",
        "fillingDate": "2011-11-04",
        "acceptedDate": "2011-11-04 12:48:23",
        "calendarYear": "2011",
        "period": "Q3",
        "revenue": 8762000000,
        "costOfRevenue": 6790000000,
        "grossProfit": 1972000000,
        "grossProfitRatio": 0.2250627711,
        "researchAndDevelopmentExpenses": 0,
        "generalAndAdministrativeExpenses": 177000000,
        "sellingAndMarketingExpenses": 266000000,
        "sellingGeneralAndAdministrativeExpenses": 443000000,
        "otherExpenses": 828000000,
        "operatingExpenses": 1271000000,
        "costAndExpenses": 8061000000,
        "interestIncome": 0,
        "interestExpense": 94000000,
        "depreciationAndAmortization": 586000000,
        "ebitda": 1251000000,
        "ebitdaratio": 0.142775622,
        "operatingIncome": 604000000,
        "operatingIncomeRatio": 0.0689340333,
        "totalOtherIncomeExpensesNet": -391000000,
        "incomeBeforeTax": 213000000,
        "incomeBeforeTaxRatio": 0.0243095184,
        "incomeTaxExpense": -54000000,
        "netIncome": 298000000,
        "netIncomeRatio": 0.0340104999,
        "eps": 0.89,
        "epsdiluted": 0.88,
        "weightedAverageShsOut": 337400000,
        "weightedAverageShsOutDil": 340200000,
        "link": "https://www.sec.gov/Archives/edgar/data/4447/000095012311095214/0000950123-11-095214-index.htm",
        "finalLink": "https://www.sec.gov/Archives/edgar/data/4447/000095012311095214/y92517e10vq.htm"
    },
    {
        "date": "2011-06-30",
        "symbol": "HES",
        "reportedCurrency": "USD",
        "cik": "0000004447",
        "fillingDate": "2011-08-05",
        "acceptedDate": "2011-08-05 12:40:16",
        "calendarYear": "2011",
        "period": "Q2",
        "revenue": 9855000000,
        "costOfRevenue": 7440000000,
        "grossProfit": 2415000000,
        "grossProfitRatio": 0.2450532725,
        "researchAndDevelopmentExpenses": 0,
        "generalAndAdministrativeExpenses": 174000000,
        "sellingAndMarketingExpenses": 247000000,
        "sellingGeneralAndAdministrativeExpenses": 421000000,
        "otherExpenses": 887000000,
        "operatingExpenses": 1308000000,
        "costAndExpenses": 8748000000,
        "interestIncome": 0,
        "interestExpense": 97000000,
        "depreciationAndAmortization": 588000000,
        "ebitda": 1646000000,
        "ebitdaratio": 0.1670218163,
        "operatingIncome": 1008000000,
        "operatingIncomeRatio": 0.102283105,
        "totalOtherIncomeExpensesNet": -47000000,
        "incomeBeforeTax": 961000000,
        "incomeBeforeTaxRatio": 0.0975139523,
        "incomeTaxExpense": 392000000,
        "netIncome": 607000000,
        "netIncomeRatio": 0.0615930999,
        "eps": 1.8,
        "epsdiluted": 1.78,
        "weightedAverageShsOut": 337200000,
        "weightedAverageShsOutDil": 340400000,
        "link": "https://www.sec.gov/Archives/edgar/data/4447/000095012311073432/0000950123-11-073432-index.htm",
        "finalLink": "https://www.sec.gov/Archives/edgar/data/4447/000095012311073432/y91340e10vq.htm"
    },
    {
        "date": "2011-03-31",
        "symbol": "HES",
        "reportedCurrency": "USD",
        "cik": "0000004447",
        "fillingDate": "2011-05-06",
        "acceptedDate": "2011-05-06 12:31:06",
        "calendarYear": "2011",
        "period": "Q1",
        "revenue": 10563000000,
        "costOfRevenue": 7571000000,
        "grossProfit": 2992000000,
        "grossProfitRatio": 0.2832528638,
        "researchAndDevelopmentExpenses": 0,
        "generalAndAdministrativeExpenses": 164000000,
        "sellingAndMarketingExpenses": 283000000,
        "sellingGeneralAndAdministrativeExpenses": 447000000,
        "otherExpenses": 913000000,
        "operatingExpenses": 1360000000,
        "costAndExpenses": 8931000000,
        "interestIncome": 0,
        "interestExpense": 99000000,
        "depreciationAndAmortization": 558000000,
        "ebitda": 2142000000,
        "ebitdaratio": 0.2027833002,
        "operatingIncome": 1284000000,
        "operatingIncomeRatio": 0.121556376,
        "totalOtherIncomeExpensesNet": 201000000,
        "incomeBeforeTax": 1485000000,
        "incomeBeforeTaxRatio": 0.1405850611,
        "incomeTaxExpense": 511000000,
        "netIncome": 929000000,
        "netIncomeRatio": 0.0879484995,
        "eps": 2.77,
        "epsdiluted": 2.74,
        "weightedAverageShsOut": 335800000,
        "weightedAverageShsOutDil": 339200000,
        "link": "https://www.sec.gov/Archives/edgar/data/4447/000095012311046363/0000950123-11-046363-index.htm",
        "finalLink": "https://www.sec.gov/Archives/edgar/data/4447/000095012311046363/y90538e10vq.htm"
    },
    {
        "date": "2010-12-31",
        "symbol": "HES",
        "reportedCurrency": "USD",
        "cik": "0000004447",
        "fillingDate": "2011-02-25",
        "acceptedDate": "2011-02-25 12:18:38",
        "calendarYear": "2010",
        "period": "Q4",
        "revenue": 9007000000,
        "costOfRevenue": 6753000000,
        "grossProfit": 2254000000,
        "grossProfitRatio": 0.2502498057,
        "researchAndDevelopmentExpenses": 0,
        "generalAndAdministrativeExpenses": 197000000,
        "sellingAndMarketingExpenses": 291000000,
        "sellingGeneralAndAdministrativeExpenses": 488000000,
        "otherExpenses": 992000000,
        "operatingExpenses": 1480000000,
        "costAndExpenses": 8233000000,
        "interestIncome": 0,
        "interestExpense": 100000000,
        "depreciationAndAmortization": 633000000,
        "ebitda": 1090000000,
        "ebitdaratio": 0.1210169868,
        "operatingIncome": 674000000,
        "operatingIncomeRatio": 0.0748306872,
        "totalOtherIncomeExpensesNet": -417000000,
        "incomeBeforeTax": 357000000,
        "incomeBeforeTaxRatio": 0.0396358388,
        "incomeTaxExpense": 274000000,
        "netIncome": 58000000,
        "netIncomeRatio": 0.006439436,
        "eps": 0.17,
        "epsdiluted": 0.17,
        "weightedAverageShsOut": 327500000,
        "weightedAverageShsOutDil": 339747215,
        "link": "https://www.sec.gov/Archives/edgar/data/4447/000095012311018415/0000950123-11-018415-index.htm",
        "finalLink": "https://www.sec.gov/Archives/edgar/data/4447/000095012311018415/y87868e10vk.htm"
    },
    {
        "date": "2010-09-30",
        "symbol": "HES",
        "reportedCurrency": "USD",
        "cik": "0000004447",
        "fillingDate": "2010-11-05",
        "acceptedDate": "2010-11-05 11:20:15",
        "calendarYear": "2010",
        "period": "Q3",
        "revenue": 8953000000,
        "costOfRevenue": 6030000000,
        "grossProfit": 2923000000,
        "grossProfitRatio": 0.3264827432,
        "researchAndDevelopmentExpenses": 0,
        "generalAndAdministrativeExpenses": 151000000,
        "sellingAndMarketingExpenses": 232000000,
        "sellingGeneralAndAdministrativeExpenses": 383000000,
        "otherExpenses": 848000000,
        "operatingExpenses": 1006000000,
        "costAndExpenses": 7036000000,
        "interestIncome": 0,
        "interestExpense": 94000000,
        "depreciationAndAmortization": 584000000,
        "ebitda": 1969000000,
        "ebitdaratio": 0.2199262817,
        "operatingIncome": 828000000,
        "operatingIncomeRatio": 0.0924829666,
        "totalOtherIncomeExpensesNet": 463000000,
        "incomeBeforeTax": 1291000000,
        "incomeBeforeTaxRatio": 0.1441974757,
        "incomeTaxExpense": 200000000,
        "netIncome": 1154000000,
        "netIncomeRatio": 0.1288953423,
        "eps": 3.54,
        "epsdiluted": 3.52,
        "weightedAverageShsOut": 325200000,
        "weightedAverageShsOutDil": 327600000,
        "link": "https://www.sec.gov/Archives/edgar/data/4447/000095012310101434/0000950123-10-101434-index.htm",
        "finalLink": "https://www.sec.gov/Archives/edgar/data/4447/000095012310101434/y86480e10vq.htm"
    },
    {
        "date": "2010-06-30",
        "symbol": "HES",
        "reportedCurrency": "USD",
        "cik": "0000004447",
        "fillingDate": "2010-08-04",
        "acceptedDate": "2010-08-04 14:39:46",
        "calendarYear": "2010",
        "period": "Q2",
        "revenue": 7750000000,
        "costOfRevenue": 5928000000,
        "grossProfit": 1822000000,
        "grossProfitRatio": 0.2350967742,
        "researchAndDevelopmentExpenses": 0,
        "generalAndAdministrativeExpenses": 159000000,
        "sellingAndMarketingExpenses": 245000000,
        "sellingGeneralAndAdministrativeExpenses": 404000000,
        "otherExpenses": 810000000,
        "operatingExpenses": 1042000000,
        "costAndExpenses": 6970000000,
        "interestIncome": 0,
        "interestExpense": 83000000,
        "depreciationAndAmortization": 558000000,
        "ebitda": 1338000000,
        "ebitdaratio": 0.1726451613,
        "operatingIncome": 679000000,
        "operatingIncomeRatio": 0.0876129032,
        "totalOtherIncomeExpensesNet": -65000000,
        "incomeBeforeTax": 697000000,
        "incomeBeforeTaxRatio": 0.0899354839,
        "incomeTaxExpense": 301000000,
        "netIncome": 375000000,
        "netIncomeRatio": 0.0483870968,
        "eps": 1.15,
        "epsdiluted": 1.15,
        "weightedAverageShsOut": 325300000,
        "weightedAverageShsOutDil": 327500000,
        "link": "https://www.sec.gov/Archives/edgar/data/4447/000095012310072412/0000950123-10-072412-index.htm",
        "finalLink": "https://www.sec.gov/Archives/edgar/data/4447/000095012310072412/y83146e10vq.htm"
    },
    {
        "date": "2010-03-31",
        "symbol": "HES",
        "reportedCurrency": "USD",
        "cik": "0000004447",
        "fillingDate": "2010-05-07",
        "acceptedDate": "2010-05-07 16:12:07",
        "calendarYear": "2010",
        "period": "Q1",
        "revenue": 9220000000,
        "costOfRevenue": 7168000000,
        "grossProfit": 2052000000,
        "grossProfitRatio": 0.2225596529,
        "researchAndDevelopmentExpenses": 0,
        "generalAndAdministrativeExpenses": 155000000,
        "sellingAndMarketingExpenses": 253000000,
        "sellingGeneralAndAdministrativeExpenses": 408000000,
        "otherExpenses": 745000000,
        "operatingExpenses": 1002000000,
        "costAndExpenses": 8170000000,
        "interestIncome": 0,
        "interestExpense": 84000000,
        "depreciationAndAmortization": 542000000,
        "ebitda": 1592000000,
        "ebitdaratio": 0.1726681128,
        "operatingIncome": 1005000000,
        "operatingIncomeRatio": 0.1090021692,
        "totalOtherIncomeExpensesNet": -39000000,
        "incomeBeforeTax": 966000000,
        "incomeBeforeTaxRatio": 0.1047722343,
        "incomeTaxExpense": 398000000,
        "netIncome": 538000000,
        "netIncomeRatio": 0.05835141,
        "eps": 1.66,
        "epsdiluted": 1.65,
        "weightedAverageShsOut": 324800000,
        "weightedAverageShsOutDil": 327000000,
        "link": "https://www.sec.gov/Archives/edgar/data/4447/000095012310046391/0000950123-10-046391-index.htm",
        "finalLink": "https://www.sec.gov/Archives/edgar/data/4447/000095012310046391/y84184e10vq.htm"
    },
    {
        "date": "2009-12-31",
        "symbol": "HES",
        "reportedCurrency": "USD",
        "cik": "0000004447",
        "fillingDate": "2010-02-26",
        "acceptedDate": "2010-02-26 17:15:36",
        "calendarYear": "2009",
        "period": "Q4",
        "revenue": 8678000000,
        "costOfRevenue": 6497000000,
        "grossProfit": 2181000000,
        "grossProfitRatio": 0.2513251901,
        "researchAndDevelopmentExpenses": 0,
        "generalAndAdministrativeExpenses": 203000000,
        "sellingAndMarketingExpenses": 266000000,
        "sellingGeneralAndAdministrativeExpenses": 469000000,
        "otherExpenses": 790000000,
        "operatingExpenses": 1259000000,
        "costAndExpenses": 7756000000,
        "interestIncome": 0,
        "interestExpense": 91000000,
        "depreciationAndAmortization": 584000000,
        "ebitda": 1386000000,
        "ebitdaratio": 0.1597142199,
        "operatingIncome": 922000000,
        "operatingIncomeRatio": 0.1062456787,
        "totalOtherIncomeExpensesNet": -211000000,
        "incomeBeforeTax": 711000000,
        "incomeBeforeTaxRatio": 0.0819313206,
        "incomeTaxExpense": 341000000,
        "netIncome": 358000000,
        "netIncomeRatio": 0.0412537451,
        "eps": 1.09,
        "epsdiluted": 1.09,
        "weightedAverageShsOut": 318200000,
        "weightedAverageShsOutDil": 328338998,
        "link": "https://www.sec.gov/Archives/edgar/data/4447/000095012310018336/0000950123-10-018336-index.htm",
        "finalLink": "https://www.sec.gov/Archives/edgar/data/4447/000095012310018336/y80747e10vk.htm"
    },
    {
        "date": "2009-09-30",
        "symbol": "HES",
        "reportedCurrency": "USD",
        "cik": "0000004447",
        "fillingDate": "2009-11-06",
        "acceptedDate": "2009-11-06 15:40:57",
        "calendarYear": "2009",
        "period": "Q3",
        "revenue": 7384000000,
        "costOfRevenue": 5696000000,
        "grossProfit": 1688000000,
        "grossProfitRatio": 0.2286023835,
        "researchAndDevelopmentExpenses": 0,
        "generalAndAdministrativeExpenses": 148000000,
        "sellingAndMarketingExpenses": 240000000,
        "sellingGeneralAndAdministrativeExpenses": 388000000,
        "otherExpenses": 836000000,
        "operatingExpenses": 1057000000,
        "costAndExpenses": 6753000000,
        "interestIncome": 0,
        "interestExpense": 97000000,
        "depreciationAndAmortization": 626000000,
        "ebitda": 1257000000,
        "ebitdaratio": 0.1702329361,
        "operatingIncome": 517000000,
        "operatingIncomeRatio": 0.0700162514,
        "totalOtherIncomeExpensesNet": 17000000,
        "incomeBeforeTax": 534000000,
        "incomeBeforeTaxRatio": 0.0723185265,
        "incomeTaxExpense": 182000000,
        "netIncome": 341000000,
        "netIncomeRatio": 0.0461809317,
        "eps": 1.05,
        "epsdiluted": 1.05,
        "weightedAverageShsOut": 326000000,
        "weightedAverageShsOutDil": 326000000,
        "link": "https://www.sec.gov/Archives/edgar/data/4447/000095012309059277/0000950123-09-059277-index.htm",
        "finalLink": "https://www.sec.gov/Archives/edgar/data/4447/000095012309059277/y79728e10vq.htm"
    },
    {
        "date": "2009-06-30",
        "symbol": "HES",
        "reportedCurrency": "USD",
        "cik": "0000004447",
        "fillingDate": "2009-08-07",
        "acceptedDate": "2009-08-07 16:09:43",
        "calendarYear": "2009",
        "period": "Q2",
        "revenue": 6755000000,
        "costOfRevenue": 5461000000,
        "grossProfit": 1294000000,
        "grossProfitRatio": 0.1915618061,
        "researchAndDevelopmentExpenses": 0,
        "generalAndAdministrativeExpenses": 136000000,
        "sellingAndMarketingExpenses": 245000000,
        "sellingGeneralAndAdministrativeExpenses": 381000000,
        "otherExpenses": 913000000,
        "operatingExpenses": 982000000,
        "costAndExpenses": 6443000000,
        "interestIncome": 0,
        "interestExpense": 95000000,
        "depreciationAndAmortization": 558000000,
        "ebitda": 870000000,
        "ebitdaratio": 0.1287934863,
        "operatingIncome": 213000000,
        "operatingIncomeRatio": 0.0315321984,
        "totalOtherIncomeExpensesNet": -91000000,
        "incomeBeforeTax": 217000000,
        "incomeBeforeTaxRatio": 0.0321243523,
        "incomeTaxExpense": 115000000,
        "netIncome": 100000000,
        "netIncomeRatio": 0.014803849,
        "eps": 0.31,
        "epsdiluted": 0.31,
        "weightedAverageShsOut": 323975000,
        "weightedAverageShsOutDil": 325779000,
        "link": "https://www.sec.gov/Archives/edgar/data/4447/000095012309032096/0000950123-09-032096-index.htm",
        "finalLink": "https://www.sec.gov/Archives/edgar/data/4447/000095012309032096/y78486e10vq.htm"
    },
    {
        "date": "2009-03-31",
        "symbol": "HES",
        "reportedCurrency": "USD",
        "cik": "0000004447",
        "fillingDate": "2009-05-08",
        "acceptedDate": "2009-05-08 15:45:36",
        "calendarYear": "2009",
        "period": "Q1",
        "revenue": 6915000000,
        "costOfRevenue": 5591000000,
        "grossProfit": 1324000000,
        "grossProfitRatio": 0.1914678236,
        "researchAndDevelopmentExpenses": 0,
        "generalAndAdministrativeExpenses": 160000000,
        "sellingAndMarketingExpenses": 257000000,
        "sellingGeneralAndAdministrativeExpenses": 417000000,
        "otherExpenses": 727000000,
        "operatingExpenses": 1144000000,
        "costAndExpenses": 6735000000,
        "interestIncome": 0,
        "interestExpense": 77000000,
        "depreciationAndAmortization": 486000000,
        "ebitda": 623000000,
        "ebitdaratio": 0.0900939986,
        "operatingIncome": 180000000,
        "operatingIncomeRatio": 0.0260303688,
        "totalOtherIncomeExpensesNet": -120000000,
        "incomeBeforeTax": 60000000,
        "incomeBeforeTaxRatio": 0.0086767896,
        "incomeTaxExpense": 77000000,
        "netIncome": -59000000,
        "netIncomeRatio": -0.0085321764,
        "eps": -0.18,
        "epsdiluted": -0.18,
        "weightedAverageShsOut": 323000000,
        "weightedAverageShsOutDil": 323400000,
        "link": "https://www.sec.gov/Archives/edgar/data/4447/000095012309008410/0000950123-09-008410-index.htm",
        "finalLink": "https://www.sec.gov/Archives/edgar/data/4447/000095012309008410/y76932e10vq.htm"
    },
    {
        "date": "2008-12-31",
        "symbol": "HES",
        "reportedCurrency": "USD",
        "cik": "0000004447",
        "fillingDate": "2009-02-27",
        "acceptedDate": "2009-02-27 17:12:34",
        "calendarYear": "2008",
        "period": "Q4",
        "revenue": 7383000000,
        "costOfRevenue": 6122000000,
        "grossProfit": 1261000000,
        "grossProfitRatio": 0.1707977787,
        "researchAndDevelopmentExpenses": 0,
        "generalAndAdministrativeExpenses": 672000000,
        "sellingAndMarketingExpenses": 1025000000,
        "sellingGeneralAndAdministrativeExpenses": 453000000,
        "otherExpenses": 598000000,
        "operatingExpenses": 1051000000,
        "costAndExpenses": 7173000000,
        "interestIncome": 0,
        "interestExpense": 267000000,
        "depreciationAndAmortization": 598000000,
        "ebitda": 808000000,
        "ebitdaratio": 0.1094406068,
        "operatingIncome": 210000000,
        "operatingIncomeRatio": 0.0284437221,
        "totalOtherIncomeExpensesNet": -199000000,
        "incomeBeforeTax": 11000000,
        "incomeBeforeTaxRatio": 0.0014899093,
        "incomeTaxExpense": 85000000,
        "netIncome": -74000000,
        "netIncomeRatio": -0.0100230259,
        "eps": -0.23,
        "epsdiluted": -0.23,
        "weightedAverageShsOut": 322600000,
        "weightedAverageShsOutDil": 323000000,
        "link": "https://www.sec.gov/Archives/edgar/data/4447/000095012309003700/0000950123-09-003700-index.htm",
        "finalLink": "https://www.sec.gov/Archives/edgar/data/4447/000095012309003700/y74825e10vk.htm"
    },
    {
        "date": "2008-09-30",
        "symbol": "HES",
        "reportedCurrency": "USD",
        "cik": "0000004447",
        "fillingDate": "2008-11-06",
        "acceptedDate": "2008-11-06 17:14:23",
        "calendarYear": "2008",
        "period": "Q3",
        "revenue": 11398000000,
        "costOfRevenue": 8887000000,
        "grossProfit": 2511000000,
        "grossProfitRatio": 0.2203018073,
        "researchAndDevelopmentExpenses": 0,
        "generalAndAdministrativeExpenses": 170000000,
        "sellingAndMarketingExpenses": 266000000,
        "sellingGeneralAndAdministrativeExpenses": 436000000,
        "otherExpenses": 497000000,
        "operatingExpenses": 933000000,
        "costAndExpenses": 9820000000,
        "interestIncome": 0,
        "interestExpense": 68000000,
        "depreciationAndAmortization": 497000000,
        "ebitda": 2065000000,
        "ebitdaratio": 0.1811721355,
        "operatingIncome": 1578000000,
        "operatingIncomeRatio": 0.1384453413,
        "totalOtherIncomeExpensesNet": -78000000,
        "incomeBeforeTax": 1500000000,
        "incomeBeforeTaxRatio": 0.1316020354,
        "incomeTaxExpense": 725000000,
        "netIncome": 775000000,
        "netIncomeRatio": 0.067994385,
        "eps": 2.4,
        "epsdiluted": 2.37,
        "weightedAverageShsOut": 322400000,
        "weightedAverageShsOutDil": 327400000,
        "link": "https://www.sec.gov/Archives/edgar/data/4447/000095012308014597/0000950123-08-014597-index.htm",
        "finalLink": "https://www.sec.gov/Archives/edgar/data/4447/000095012308014597/y72373e10vq.htm"
    },
    {
        "date": "2008-06-30",
        "symbol": "HES",
        "reportedCurrency": "USD",
        "cik": "0000004447",
        "fillingDate": "2008-08-08",
        "acceptedDate": "2008-08-08 12:28:50",
        "calendarYear": "2008",
        "period": "Q2",
        "revenue": 11717000000,
        "costOfRevenue": 9053000000,
        "grossProfit": 2664000000,
        "grossProfitRatio": 0.2273619527,
        "researchAndDevelopmentExpenses": 0,
        "generalAndAdministrativeExpenses": 156000000,
        "sellingAndMarketingExpenses": 267000000,
        "sellingGeneralAndAdministrativeExpenses": 423000000,
        "otherExpenses": 482000000,
        "operatingExpenses": 905000000,
        "costAndExpenses": 9958000000,
        "interestIncome": 0,
        "interestExpense": 65000000,
        "depreciationAndAmortization": 482000000,
        "ebitda": 2259000000,
        "ebitdaratio": 0.192796791,
        "operatingIncome": 1759000000,
        "operatingIncomeRatio": 0.1501237518,
        "totalOtherIncomeExpensesNet": -36000000,
        "incomeBeforeTax": 1712000000,
        "incomeBeforeTaxRatio": 0.1461124861,
        "incomeTaxExpense": 812000000,
        "netIncome": 900000000,
        "netIncomeRatio": 0.0768114705,
        "eps": 2.81,
        "epsdiluted": 2.76,
        "weightedAverageShsOut": 321000000,
        "weightedAverageShsOutDil": 326200000,
        "link": "https://www.sec.gov/Archives/edgar/data/4447/000095012308009133/0000950123-08-009133-index.htm",
        "finalLink": "https://www.sec.gov/Archives/edgar/data/4447/000095012308009133/y64309e10vq.htm"
    },
    {
        "date": "2008-03-31",
        "symbol": "HES",
        "reportedCurrency": "USD",
        "cik": "0000004447",
        "fillingDate": "2008-05-09",
        "acceptedDate": "2008-05-09 14:12:54",
        "calendarYear": "2008",
        "period": "Q1",
        "revenue": 10667000000,
        "costOfRevenue": 8339000000,
        "grossProfit": 2328000000,
        "grossProfitRatio": 0.2182431799,
        "researchAndDevelopmentExpenses": 0,
        "generalAndAdministrativeExpenses": 152000000,
        "sellingAndMarketingExpenses": 233000000,
        "sellingGeneralAndAdministrativeExpenses": 385000000,
        "otherExpenses": 0,
        "operatingExpenses": 385000000,
        "costAndExpenses": 8724000000,
        "interestIncome": 0,
        "interestExpense": 67000000,
        "depreciationAndAmortization": 452000000,
        "ebitda": 1989000000,
        "ebitdaratio": 0.186462923,
        "operatingIncome": 1943000000,
        "operatingIncomeRatio": 0.1821505578,
        "totalOtherIncomeExpensesNet": -14000000,
        "incomeBeforeTax": 1477000000,
        "incomeBeforeTaxRatio": 0.138464423,
        "incomeTaxExpense": 718000000,
        "netIncome": 759000000,
        "netIncomeRatio": 0.0711540264,
        "eps": 2.39,
        "epsdiluted": 2.34,
        "weightedAverageShsOut": 317500000,
        "weightedAverageShsOutDil": 323800000,
        "link": "https://www.sec.gov/Archives/edgar/data/4447/000095012308005424/0000950123-08-005424-index.htm",
        "finalLink": "https://www.sec.gov/Archives/edgar/data/4447/000095012308005424/y57542e10vq.htm"
    },
    {
        "date": "2007-12-31",
        "symbol": "HES",
        "reportedCurrency": "USD",
        "cik": "0000004447",
        "fillingDate": "2008-02-27",
        "acceptedDate": "2008-02-27 17:09:42",
        "calendarYear": "2007",
        "period": "Q4",
        "revenue": 9456000000,
        "costOfRevenue": 6685000000,
        "grossProfit": 2771000000,
        "grossProfitRatio": 0.2930414552,
        "researchAndDevelopmentExpenses": 0,
        "generalAndAdministrativeExpenses": 614000000,
        "sellingAndMarketingExpenses": 944000000,
        "sellingGeneralAndAdministrativeExpenses": 451000000,
        "otherExpenses": 1206000000,
        "operatingExpenses": 1657000000,
        "costAndExpenses": 8342000000,
        "interestIncome": 0,
        "interestExpense": 256000000,
        "depreciationAndAmortization": 530000000,
        "ebitda": 1921000000,
        "ebitdaratio": 0.2031514382,
        "operatingIncome": 1114000000,
        "operatingIncomeRatio": 0.1178087986,
        "totalOtherIncomeExpensesNet": -27000000,
        "incomeBeforeTax": 1087000000,
        "incomeBeforeTaxRatio": 0.1149534687,
        "incomeTaxExpense": 577000000,
        "netIncome": 510000000,
        "netIncomeRatio": 0.0539340102,
        "eps": 1.58,
        "epsdiluted": 1.58,
        "weightedAverageShsOut": 323800000,
        "weightedAverageShsOutDil": 323800000,
        "link": "https://www.sec.gov/Archives/edgar/data/4447/000095012308002199/0000950123-08-002199-index.htm",
        "finalLink": "https://www.sec.gov/Archives/edgar/data/4447/000095012308002199/y50075e10vk.htm"
    },
    {
        "date": "2007-09-30",
        "symbol": "HES",
        "reportedCurrency": "USD",
        "cik": "0000004447",
        "fillingDate": "2007-11-07",
        "acceptedDate": "2007-11-07 17:19:45",
        "calendarYear": "2007",
        "period": "Q3",
        "revenue": 7451000000,
        "costOfRevenue": 5892000000,
        "grossProfit": 1559000000,
        "grossProfitRatio": 0.2092336599,
        "researchAndDevelopmentExpenses": 0,
        "generalAndAdministrativeExpenses": 133000000,
        "sellingAndMarketingExpenses": 238000000,
        "sellingGeneralAndAdministrativeExpenses": 371000000,
        "otherExpenses": 365000000,
        "operatingExpenses": 736000000,
        "costAndExpenses": 6628000000,
        "interestIncome": 0,
        "interestExpense": 59000000,
        "depreciationAndAmortization": 365000000,
        "ebitda": 1188000000,
        "ebitdaratio": 0.1594416857,
        "operatingIncome": 823000000,
        "operatingIncomeRatio": 0.1104549725,
        "totalOtherIncomeExpensesNet": -6000000,
        "incomeBeforeTax": 817000000,
        "incomeBeforeTaxRatio": 0.1096497114,
        "incomeTaxExpense": 422000000,
        "netIncome": 395000000,
        "netIncomeRatio": 0.0530130184,
        "eps": 1.26,
        "epsdiluted": 1.23,
        "weightedAverageShsOut": 319900000,
        "weightedAverageShsOutDil": 319900000,
        "link": "https://www.sec.gov/Archives/edgar/data/4447/000095012307015071/0000950123-07-015071-index.htm",
        "finalLink": "https://www.sec.gov/Archives/edgar/data/4447/000095012307015071/y41998e10vq.htm"
    },
    {
        "date": "2007-06-30",
        "symbol": "HES",
        "reportedCurrency": "USD",
        "cik": "0000004447",
        "fillingDate": "2007-08-03",
        "acceptedDate": "2007-08-03 16:57:46",
        "calendarYear": "2007",
        "period": "Q2",
        "revenue": 7421000000,
        "costOfRevenue": 5694000000,
        "grossProfit": 1727000000,
        "grossProfitRatio": 0.2327179625,
        "researchAndDevelopmentExpenses": 0,
        "generalAndAdministrativeExpenses": 142000000,
        "sellingAndMarketingExpenses": 241000000,
        "sellingGeneralAndAdministrativeExpenses": 383000000,
        "otherExpenses": 354000000,
        "operatingExpenses": 737000000,
        "costAndExpenses": 6431000000,
        "interestIncome": 0,
        "interestExpense": 62000000,
        "depreciationAndAmortization": 354000000,
        "ebitda": 1344000000,
        "ebitdaratio": 0.1811076674,
        "operatingIncome": 990000000,
        "operatingIncomeRatio": 0.1334052015,
        "totalOtherIncomeExpensesNet": 0,
        "incomeBeforeTax": 1053000000,
        "incomeBeforeTaxRatio": 0.1418946234,
        "incomeTaxExpense": 496000000,
        "netIncome": 557000000,
        "netIncomeRatio": 0.0750572699,
        "eps": 1.78,
        "epsdiluted": 1.75,
        "weightedAverageShsOut": 318600000,
        "weightedAverageShsOutDil": 318600000,
        "link": "https://www.sec.gov/Archives/edgar/data/4447/000095012307010816/0000950123-07-010816-index.htm",
        "finalLink": "https://www.sec.gov/Archives/edgar/data/4447/000095012307010816/y37893e10vq.htm"
    },
    {
        "date": "2007-03-31",
        "symbol": "HES",
        "reportedCurrency": "USD",
        "cik": "0000004447",
        "fillingDate": "2007-05-04",
        "acceptedDate": "2007-05-04 16:42:27",
        "calendarYear": "2007",
        "period": "Q1",
        "revenue": 7319000000,
        "costOfRevenue": 5883000000,
        "grossProfit": 1436000000,
        "grossProfitRatio": 0.1962016669,
        "researchAndDevelopmentExpenses": 0,
        "generalAndAdministrativeExpenses": 131000000,
        "sellingAndMarketingExpenses": 222000000,
        "sellingGeneralAndAdministrativeExpenses": 353000000,
        "otherExpenses": 327000000,
        "operatingExpenses": 680000000,
        "costAndExpenses": 6563000000,
        "interestIncome": 0,
        "interestExpense": 64000000,
        "depreciationAndAmortization": 327000000,
        "ebitda": 1410000000,
        "ebitdaratio": 0.192649269,
        "operatingIncome": 756000000,
        "operatingIncomeRatio": 0.1032927996,
        "totalOtherIncomeExpensesNet": -9000000,
        "incomeBeforeTax": 747000000,
        "incomeBeforeTaxRatio": 0.1020631234,
        "incomeTaxExpense": 377000000,
        "netIncome": 370000000,
        "netIncomeRatio": 0.0505533543,
        "eps": 1.19,
        "epsdiluted": 1.17,
        "weightedAverageShsOut": 317300000,
        "weightedAverageShsOutDil": 317300000,
        "link": "https://www.sec.gov/Archives/edgar/data/4447/000095012307006796/0000950123-07-006796-index.htm",
        "finalLink": "https://www.sec.gov/Archives/edgar/data/4447/000095012307006796/y34435e10vq.htm"
    },
    {
        "date": "2006-12-31",
        "symbol": "HES",
        "reportedCurrency": "USD",
        "cik": "0000004447",
        "fillingDate": "2007-03-01",
        "acceptedDate": "2007-03-01 13:11:11",
        "calendarYear": "2006",
        "period": "Q4",
        "revenue": 7155000000,
        "costOfRevenue": 4909000000,
        "grossProfit": 2246000000,
        "grossProfitRatio": 0.3139063592,
        "researchAndDevelopmentExpenses": 0,
        "generalAndAdministrativeExpenses": 231000000,
        "sellingAndMarketingExpenses": 484000000,
        "sellingGeneralAndAdministrativeExpenses": 371000000,
        "otherExpenses": 1035000000,
        "operatingExpenses": 1406000000,
        "costAndExpenses": 6315000000,
        "interestIncome": 0,
        "interestExpense": 100000000,
        "depreciationAndAmortization": 353000000,
        "ebitda": 1846000000,
        "ebitdaratio": 0.2580013976,
        "operatingIncome": 840000000,
        "operatingIncomeRatio": 0.1174004193,
        "totalOtherIncomeExpensesNet": 3000000,
        "incomeBeforeTax": 843000000,
        "incomeBeforeTaxRatio": 0.1178197065,
        "incomeTaxExpense": 484000000,
        "netIncome": 359000000,
        "netIncomeRatio": 0.050174703,
        "eps": 1.13,
        "epsdiluted": 1.13,
        "weightedAverageShsOut": 315017951,
        "weightedAverageShsOutDil": 317300000,
        "link": "https://www.sec.gov/Archives/edgar/data/4447/000095012307003008/0000950123-07-003008-index.htm",
        "finalLink": "https://www.sec.gov/Archives/edgar/data/4447/000095012307003008/y30212e10vk.htm"
    },
    {
        "date": "2006-09-30",
        "symbol": "HES",
        "reportedCurrency": "USD",
        "cik": "0000004447",
        "fillingDate": "2006-11-02",
        "acceptedDate": "2006-11-02 17:15:03",
        "calendarYear": "2006",
        "period": "Q3",
        "revenue": 7035000000,
        "costOfRevenue": 5477000000,
        "grossProfit": 1558000000,
        "grossProfitRatio": 0.221464108,
        "researchAndDevelopmentExpenses": 0,
        "generalAndAdministrativeExpenses": 115000000,
        "sellingAndMarketingExpenses": 230000000,
        "sellingGeneralAndAdministrativeExpenses": 345000000,
        "otherExpenses": 323000000,
        "operatingExpenses": 668000000,
        "costAndExpenses": 6145000000,
        "interestIncome": 0,
        "interestExpense": 49000000,
        "depreciationAndAmortization": 323000000,
        "ebitda": 1215000000,
        "ebitdaratio": 0.1727078891,
        "operatingIncome": 890000000,
        "operatingIncomeRatio": 0.1265103056,
        "totalOtherIncomeExpensesNet": 44000000,
        "incomeBeforeTax": 936000000,
        "incomeBeforeTaxRatio": 0.1330490405,
        "incomeTaxExpense": 639000000,
        "netIncome": 297000000,
        "netIncomeRatio": 0.042217484,
        "eps": 1.03,
        "epsdiluted": 0.94,
        "weightedAverageShsOut": 316000000,
        "weightedAverageShsOutDil": 316000000,
        "link": "https://www.sec.gov/Archives/edgar/data/4447/000095012306013416/0000950123-06-013416-index.htm",
        "finalLink": "https://www.sec.gov/Archives/edgar/data/4447/000095012306013416/y26511e10vq.htm"
    },
    {
        "date": "2006-06-30",
        "symbol": "HES",
        "reportedCurrency": "USD",
        "cik": "0000004447",
        "fillingDate": "2006-08-08",
        "acceptedDate": "2006-08-08 15:38:16",
        "calendarYear": "2006",
        "period": "Q2",
        "revenue": 6718000000,
        "costOfRevenue": 5027000000,
        "grossProfit": 1691000000,
        "grossProfitRatio": 0.251711819,
        "researchAndDevelopmentExpenses": 0,
        "generalAndAdministrativeExpenses": 134000000,
        "sellingAndMarketingExpenses": 225000000,
        "sellingGeneralAndAdministrativeExpenses": 359000000,
        "otherExpenses": 393000000,
        "operatingExpenses": 752000000,
        "costAndExpenses": 5779000000,
        "interestIncome": 0,
        "interestExpense": 44000000,
        "depreciationAndAmortization": 282000000,
        "ebitda": 1425000000,
        "ebitdaratio": 0.2121167014,
        "operatingIncome": 939000000,
        "operatingIncomeRatio": 0.1397737422,
        "totalOtherIncomeExpensesNet": -44000000,
        "incomeBeforeTax": 1097000000,
        "incomeBeforeTaxRatio": 0.1632926466,
        "incomeTaxExpense": 532000000,
        "netIncome": 565000000,
        "netIncomeRatio": 0.0841024114,
        "eps": 2.01,
        "epsdiluted": 1.79,
        "weightedAverageShsOut": 315500000,
        "weightedAverageShsOutDil": 315500000,
        "link": "https://www.sec.gov/Archives/edgar/data/4447/000095012306010116/0000950123-06-010116-index.htm",
        "finalLink": "https://www.sec.gov/Archives/edgar/data/4447/000095012306010116/y23908e10vq.htm"
    },
    {
        "date": "2006-03-31",
        "symbol": "HES",
        "reportedCurrency": "USD",
        "cik": "0000004447",
        "fillingDate": "2006-05-05",
        "acceptedDate": "2006-05-05 14:24:35",
        "calendarYear": "2006",
        "period": "Q1",
        "revenue": 7159000000,
        "costOfRevenue": 5494000000,
        "grossProfit": 1665000000,
        "grossProfitRatio": 0.2325743819,
        "researchAndDevelopmentExpenses": 0,
        "generalAndAdministrativeExpenses": 106000000,
        "sellingAndMarketingExpenses": 231000000,
        "sellingGeneralAndAdministrativeExpenses": 337000000,
        "otherExpenses": 409000000,
        "operatingExpenses": 746000000,
        "costAndExpenses": 6240000000,
        "interestIncome": 0,
        "interestExpense": 57000000,
        "depreciationAndAmortization": 266000000,
        "ebitda": 1187000000,
        "ebitdaratio": 0.1658052801,
        "operatingIncome": 919000000,
        "operatingIncomeRatio": 0.1283698841,
        "totalOtherIncomeExpensesNet": 252000000,
        "incomeBeforeTax": 1164000000,
        "incomeBeforeTaxRatio": 0.1625925409,
        "incomeTaxExpense": 469000000,
        "netIncome": 695000000,
        "netIncomeRatio": 0.0970805978,
        "eps": 2.5,
        "epsdiluted": 2.22,
        "weightedAverageShsOut": 314800000,
        "weightedAverageShsOutDil": 314800000,
        "link": "https://www.sec.gov/Archives/edgar/data/4447/000095012306005820/0000950123-06-005820-index.htm",
        "finalLink": "https://www.sec.gov/Archives/edgar/data/4447/000095012306005820/y20735e10vq.htm"
    },
    {
        "date": "2005-12-31",
        "symbol": "HES",
        "reportedCurrency": "USD",
        "cik": "0000004447",
        "fillingDate": "2006-03-09",
        "acceptedDate": "2006-03-09 14:14:15",
        "calendarYear": "2005",
        "period": "Q4",
        "revenue": 7059000000,
        "costOfRevenue": 5652000000,
        "grossProfit": 1407000000,
        "grossProfitRatio": 0.199320017,
        "researchAndDevelopmentExpenses": 0,
        "generalAndAdministrativeExpenses": 103000000,
        "sellingAndMarketingExpenses": 238000000,
        "sellingGeneralAndAdministrativeExpenses": 341000000,
        "otherExpenses": 381000000,
        "operatingExpenses": 722000000,
        "costAndExpenses": 6374000000,
        "interestIncome": 0,
        "interestExpense": 55000000,
        "depreciationAndAmortization": 258000000,
        "ebitda": 1031000000,
        "ebitdaratio": 0.146054682,
        "operatingIncome": 685000000,
        "operatingIncomeRatio": 0.0970392407,
        "totalOtherIncomeExpensesNet": 33000000,
        "incomeBeforeTax": 718000000,
        "incomeBeforeTaxRatio": 0.1017141238,
        "incomeTaxExpense": 266000000,
        "netIncome": 452000000,
        "netIncomeRatio": 0.0640317325,
        "eps": 1.64,
        "epsdiluted": 1.64,
        "weightedAverageShsOut": 274050000,
        "weightedAverageShsOutDil": 275031000,
        "link": "https://www.sec.gov/Archives/edgar/data/4447/000095012306002849/0000950123-06-002849-index.htm",
        "finalLink": "https://www.sec.gov/Archives/edgar/data/4447/000095012306002849/y17683e10vk.htm"
    },
    {
        "date": "2005-09-30",
        "symbol": "HES",
        "reportedCurrency": "USD",
        "cik": "0000004447",
        "fillingDate": "2005-11-07",
        "acceptedDate": "2005-11-07 13:08:10",
        "calendarYear": "2005",
        "period": "Q3",
        "revenue": 5769000000,
        "costOfRevenue": 4680000000,
        "grossProfit": 1089000000,
        "grossProfitRatio": 0.1887675507,
        "researchAndDevelopmentExpenses": 0,
        "generalAndAdministrativeExpenses": 83000000,
        "sellingAndMarketingExpenses": 202000000,
        "sellingGeneralAndAdministrativeExpenses": 285000000,
        "otherExpenses": 373000000,
        "operatingExpenses": 658000000,
        "costAndExpenses": 5338000000,
        "interestIncome": 0,
        "interestExpense": 54000000,
        "depreciationAndAmortization": 252000000,
        "ebitda": 869000000,
        "ebitdaratio": 0.150632692,
        "operatingIncome": 431000000,
        "operatingIncomeRatio": 0.0747096551,
        "totalOtherIncomeExpensesNet": 133000000,
        "incomeBeforeTax": 564000000,
        "incomeBeforeTaxRatio": 0.0977639106,
        "incomeTaxExpense": 292000000,
        "netIncome": 272000000,
        "netIncomeRatio": 0.0471485526,
        "eps": 0.95,
        "epsdiluted": 0.87,
        "weightedAverageShsOut": 273576000,
        "weightedAverageShsOutDil": 313233000,
        "link": "https://www.sec.gov/Archives/edgar/data/4447/000095012305013153/0000950123-05-013153-index.htm",
        "finalLink": "https://www.sec.gov/Archives/edgar/data/4447/000095012305013153/y14371e10vq.htm"
    },
    {
        "date": "2005-06-30",
        "symbol": "HES",
        "reportedCurrency": "USD",
        "cik": "0000004447",
        "fillingDate": "2005-08-05",
        "acceptedDate": "2005-08-05 12:00:38",
        "calendarYear": "2005",
        "period": "Q2",
        "revenue": 4963000000,
        "costOfRevenue": 3863000000,
        "grossProfit": 1100000000,
        "grossProfitRatio": 0.221640137,
        "researchAndDevelopmentExpenses": 0,
        "generalAndAdministrativeExpenses": 86000000,
        "sellingAndMarketingExpenses": 205000000,
        "sellingGeneralAndAdministrativeExpenses": 291000000,
        "otherExpenses": 386000000,
        "operatingExpenses": 677000000,
        "costAndExpenses": 4540000000,
        "interestIncome": 0,
        "interestExpense": 54000000,
        "depreciationAndAmortization": 261000000,
        "ebitda": 803000000,
        "ebitdaratio": 0.1617973,
        "operatingIncome": 369000000,
        "operatingIncomeRatio": 0.0743501914,
        "totalOtherIncomeExpensesNet": 65000000,
        "incomeBeforeTax": 488000000,
        "incomeBeforeTaxRatio": 0.0983276244,
        "incomeTaxExpense": 189000000,
        "netIncome": 299000000,
        "netIncomeRatio": 0.0602458191,
        "eps": 1.06,
        "epsdiluted": 0.96,
        "weightedAverageShsOut": 272134000,
        "weightedAverageShsOutDil": 311173000,
        "link": "https://www.sec.gov/Archives/edgar/data/4447/000095012305009475/0000950123-05-009475-index.htm",
        "finalLink": "https://www.sec.gov/Archives/edgar/data/4447/000095012305009475/y11587e10vq.htm"
    },
    {
        "date": "2005-03-31",
        "symbol": "HES",
        "reportedCurrency": "USD",
        "cik": "0000004447",
        "fillingDate": "2005-05-06",
        "acceptedDate": "2005-05-06 12:25:11",
        "calendarYear": "2005",
        "period": "Q1",
        "revenue": 5070000000,
        "costOfRevenue": 4017000000,
        "grossProfit": 1053000000,
        "grossProfitRatio": 0.2076923077,
        "researchAndDevelopmentExpenses": 0,
        "generalAndAdministrativeExpenses": 29000000,
        "sellingAndMarketingExpenses": 253000000,
        "sellingGeneralAndAdministrativeExpenses": 282000000,
        "otherExpenses": 254000000,
        "operatingExpenses": 536000000,
        "costAndExpenses": 4553000000,
        "interestIncome": 0,
        "interestExpense": 61000000,
        "depreciationAndAmortization": 254000000,
        "ebitda": 771000000,
        "ebitdaratio": 0.1520710059,
        "operatingIncome": 517000000,
        "operatingIncomeRatio": 0.1019723866,
        "totalOtherIncomeExpensesNet": -61000000,
        "incomeBeforeTax": 456000000,
        "incomeBeforeTaxRatio": 0.0899408284,
        "incomeTaxExpense": 237000000,
        "netIncome": 219000000,
        "netIncomeRatio": 0.0431952663,
        "eps": 0.76,
        "epsdiluted": 0.71,
        "weightedAverageShsOut": 271179000,
        "weightedAverageShsOutDil": 309726000,
        "link": "https://www.sec.gov/Archives/edgar/data/4447/000095012305005767/0000950123-05-005767-index.htm",
        "finalLink": "https://www.sec.gov/Archives/edgar/data/4447/000095012305005767/y08656e10vq.htm"
    },
    {
        "date": "2004-12-31",
        "symbol": "HES",
        "reportedCurrency": "USD",
        "cik": "0000004447",
        "fillingDate": "2005-03-14",
        "acceptedDate": "2005-03-14 17:04:15",
        "calendarYear": "2004",
        "period": "Q4",
        "revenue": 4304000000,
        "costOfRevenue": 3209000000,
        "grossProfit": 1095000000,
        "grossProfitRatio": 0.2544144981,
        "researchAndDevelopmentExpenses": 0,
        "generalAndAdministrativeExpenses": 342000000,
        "sellingAndMarketingExpenses": 737000000,
        "sellingGeneralAndAdministrativeExpenses": 289000000,
        "otherExpenses": 757000000,
        "operatingExpenses": 1046000000,
        "costAndExpenses": 4255000000,
        "interestIncome": 0,
        "interestExpense": 241000000,
        "depreciationAndAmortization": 275000000,
        "ebitda": 717000000,
        "ebitdaratio": 0.1665892193,
        "operatingIncome": 49000000,
        "operatingIncomeRatio": 0.0113847584,
        "totalOtherIncomeExpensesNet": 331000000,
        "incomeBeforeTax": 380000000,
        "incomeBeforeTaxRatio": 0.0882899628,
        "incomeTaxExpense": 151000000,
        "netIncome": 229000000,
        "netIncomeRatio": 0.0532063197,
        "eps": 0.74,
        "epsdiluted": 0.74,
        "weightedAverageShsOut": 309600000,
        "weightedAverageShsOutDil": 309600000,
        "link": "https://www.sec.gov/Archives/edgar/data/4447/000095012305003078/0000950123-05-003078-index.htm",
        "finalLink": "https://www.sec.gov/Archives/edgar/data/4447/000095012305003078/y05893e10vk.htm"
    },
    {
        "date": "2004-09-30",
        "symbol": "HES",
        "reportedCurrency": "USD",
        "cik": "0000004447",
        "fillingDate": "2004-11-05",
        "acceptedDate": "2004-11-05 12:56:55",
        "calendarYear": "2004",
        "period": "Q3",
        "revenue": 3930000000,
        "costOfRevenue": 3060000000,
        "grossProfit": 870000000,
        "grossProfitRatio": 0.2213740458,
        "researchAndDevelopmentExpenses": 0,
        "generalAndAdministrativeExpenses": 81000000,
        "sellingAndMarketingExpenses": 186000000,
        "sellingGeneralAndAdministrativeExpenses": 267000000,
        "otherExpenses": 230000000,
        "operatingExpenses": 497000000,
        "costAndExpenses": 3557000000,
        "interestIncome": 0,
        "interestExpense": 62000000,
        "depreciationAndAmortization": 230000000,
        "ebitda": 603000000,
        "ebitdaratio": 0.1534351145,
        "operatingIncome": 373000000,
        "operatingIncomeRatio": 0.0949109415,
        "totalOtherIncomeExpensesNet": -62000000,
        "incomeBeforeTax": 311000000,
        "incomeBeforeTaxRatio": 0.0791348601,
        "incomeTaxExpense": 133000000,
        "netIncome": 178000000,
        "netIncomeRatio": 0.0452926209,
        "eps": 0.62,
        "epsdiluted": 0.58,
        "weightedAverageShsOut": 269439000,
        "weightedAverageShsOutDil": 307203000,
        "link": "https://www.sec.gov/Archives/edgar/data/4447/000095012304013054/0000950123-04-013054-index.htm",
        "finalLink": "https://www.sec.gov/Archives/edgar/data/4447/000095012304013054/y68361e10vq.htm"
    },
    {
        "date": "2004-06-30",
        "symbol": "HES",
        "reportedCurrency": "USD",
        "cik": "0000004447",
        "fillingDate": "2004-08-06",
        "acceptedDate": "2004-08-06 12:03:47",
        "calendarYear": "2004",
        "period": "Q2",
        "revenue": 3936000000,
        "costOfRevenue": 2862000000,
        "grossProfit": 1074000000,
        "grossProfitRatio": 0.2728658537,
        "researchAndDevelopmentExpenses": 0,
        "generalAndAdministrativeExpenses": 96000000,
        "sellingAndMarketingExpenses": 174000000,
        "sellingGeneralAndAdministrativeExpenses": 333000000,
        "otherExpenses": 239000000,
        "operatingExpenses": 572000000,
        "costAndExpenses": 3434000000,
        "interestIncome": 0,
        "interestExpense": 60000000,
        "depreciationAndAmortization": 239000000,
        "ebitda": 741000000,
        "ebitdaratio": 0.1882621951,
        "operatingIncome": 502000000,
        "operatingIncomeRatio": 0.1275406504,
        "totalOtherIncomeExpensesNet": -60000000,
        "incomeBeforeTax": 442000000,
        "incomeBeforeTaxRatio": 0.112296748,
        "incomeTaxExpense": 161000000,
        "netIncome": 288000000,
        "netIncomeRatio": 0.0731707317,
        "eps": 1.04,
        "epsdiluted": 0.95,
        "weightedAverageShsOut": 267447000,
        "weightedAverageShsOutDil": 304233000,
        "link": "https://www.sec.gov/Archives/edgar/data/4447/000095012304009350/0000950123-04-009350-index.htm",
        "finalLink": "https://www.sec.gov/Archives/edgar/data/4447/000095012304009350/y99758e10vq.htm"
    },
    {
        "date": "2004-03-31",
        "symbol": "HES",
        "reportedCurrency": "USD",
        "cik": "0000004447",
        "fillingDate": "2004-05-07",
        "acceptedDate": "2004-05-07 15:41:55",
        "calendarYear": "2004",
        "period": "Q1",
        "revenue": 4562000000,
        "costOfRevenue": 3601000000,
        "grossProfit": 961000000,
        "grossProfitRatio": 0.2106532223,
        "researchAndDevelopmentExpenses": 0,
        "generalAndAdministrativeExpenses": 0,
        "sellingAndMarketingExpenses": 0,
        "sellingGeneralAndAdministrativeExpenses": 253000000,
        "otherExpenses": 226000000,
        "operatingExpenses": 479000000,
        "costAndExpenses": 4080000000,
        "interestIncome": 0,
        "interestExpense": 0,
        "depreciationAndAmortization": 226000000,
        "ebitda": 708000000,
        "ebitdaratio": 0.1551950899,
        "operatingIncome": 482000000,
        "operatingIncomeRatio": 0.1056554143,
        "totalOtherIncomeExpensesNet": -57000000,
        "incomeBeforeTax": 425000000,
        "incomeBeforeTaxRatio": 0.0931608943,
        "incomeTaxExpense": 144000000,
        "netIncome": 281000000,
        "netIncomeRatio": 0.0615957913,
        "eps": 1.01,
        "epsdiluted": 0.92,
        "weightedAverageShsOut": 304200000,
        "weightedAverageShsOutDil": 304200000,
        "link": "https://www.sec.gov/Archives/edgar/data/4447/000095012304005950/0000950123-04-005950-index.htm",
        "finalLink": "https://www.sec.gov/Archives/edgar/data/4447/000095012304005950/y97016e10vq.htm"
    },
    {
        "date": "2003-12-31",
        "symbol": "HES",
        "reportedCurrency": "USD",
        "cik": "0000004447",
        "fillingDate": "2004-03-12",
        "acceptedDate": "2004-03-12 14:21:51",
        "calendarYear": "2003",
        "period": "Q4",
        "revenue": 3439000000,
        "costOfRevenue": 2334000000,
        "grossProfit": 1105000000,
        "grossProfitRatio": 0.3213143356,
        "researchAndDevelopmentExpenses": 0,
        "generalAndAdministrativeExpenses": 0,
        "sellingAndMarketingExpenses": 0,
        "sellingGeneralAndAdministrativeExpenses": 289000000,
        "otherExpenses": 815000000,
        "operatingExpenses": 1104000000,
        "costAndExpenses": 3438000000,
        "interestIncome": 0,
        "interestExpense": 0,
        "depreciationAndAmortization": 254000000,
        "ebitda": 424000000,
        "ebitdaratio": 0.1232916546,
        "operatingIncome": 1000000,
        "operatingIncomeRatio": 0.0002907822,
        "totalOtherIncomeExpensesNet": 100000000,
        "incomeBeforeTax": 101000000,
        "incomeBeforeTaxRatio": 0.0293690026,
        "incomeTaxExpense": 32000000,
        "netIncome": 69000000,
        "netIncomeRatio": 0.0200639721,
        "eps": 0.26,
        "epsdiluted": 0.26,
        "weightedAverageShsOut": 261516000,
        "weightedAverageShsOutDil": 266100000,
        "link": "https://www.sec.gov/Archives/edgar/data/4447/000095012304003250/0000950123-04-003250-index.htm",
        "finalLink": "https://www.sec.gov/Archives/edgar/data/4447/000095012304003250/y93542e10vk.htm"
    },
    {
        "date": "2003-09-30",
        "symbol": "HES",
        "reportedCurrency": "USD",
        "cik": "0000004447",
        "fillingDate": "2003-11-12",
        "acceptedDate": "2003-11-12 14:51:20",
        "calendarYear": "2003",
        "period": "Q3",
        "revenue": 3296000000,
        "costOfRevenue": 2504000000,
        "grossProfit": 792000000,
        "grossProfitRatio": 0.2402912621,
        "researchAndDevelopmentExpenses": 0,
        "generalAndAdministrativeExpenses": 70000000,
        "sellingAndMarketingExpenses": 171000000,
        "sellingGeneralAndAdministrativeExpenses": 241000000,
        "otherExpenses": 253000000,
        "operatingExpenses": 494000000,
        "costAndExpenses": 2998000000,
        "interestIncome": 0,
        "interestExpense": 73000000,
        "depreciationAndAmortization": 253000000,
        "ebitda": 551000000,
        "ebitdaratio": 0.1671723301,
        "operatingIncome": 298000000,
        "operatingIncomeRatio": 0.0904126214,
        "totalOtherIncomeExpensesNet": -73000000,
        "incomeBeforeTax": 225000000,
        "incomeBeforeTaxRatio": 0.0682645631,
        "incomeTaxExpense": 79000000,
        "netIncome": 146000000,
        "netIncomeRatio": 0.0442961165,
        "eps": 0.55,
        "epsdiluted": 0.55,
        "weightedAverageShsOut": 267300000,
        "weightedAverageShsOutDil": 267300000,
        "link": "https://www.sec.gov/Archives/edgar/data/4447/000095012303012528/0000950123-03-012528-index.htm",
        "finalLink": "https://www.sec.gov/Archives/edgar/data/4447/000095012303012528/y91570e10vq.htm"
    },
    {
        "date": "2003-06-30",
        "symbol": "HES",
        "reportedCurrency": "USD",
        "cik": "0000004447",
        "fillingDate": "2003-08-14",
        "acceptedDate": "2003-08-14 14:20:51",
        "calendarYear": "2003",
        "period": "Q2",
        "revenue": 3213000000,
        "costOfRevenue": 2468000000,
        "grossProfit": 745000000,
        "grossProfitRatio": 0.231870526,
        "researchAndDevelopmentExpenses": 0,
        "generalAndAdministrativeExpenses": 106000000,
        "sellingAndMarketingExpenses": 167000000,
        "sellingGeneralAndAdministrativeExpenses": 273000000,
        "otherExpenses": 270000000,
        "operatingExpenses": 543000000,
        "costAndExpenses": 3011000000,
        "interestIncome": 0,
        "interestExpense": 77000000,
        "depreciationAndAmortization": 251000000,
        "ebitda": 472000000,
        "ebitdaratio": 0.1469032057,
        "operatingIncome": 202000000,
        "operatingIncomeRatio": 0.0628695923,
        "totalOtherIncomeExpensesNet": -77000000,
        "incomeBeforeTax": 125000000,
        "incomeBeforeTaxRatio": 0.0389044507,
        "incomeTaxExpense": 62000000,
        "netIncome": 252000000,
        "netIncomeRatio": 0.0784313725,
        "eps": 0.95,
        "epsdiluted": 0.94,
        "weightedAverageShsOut": 267000000,
        "weightedAverageShsOutDil": 267137809,
        "link": "https://www.sec.gov/Archives/edgar/data/4447/000095012303009468/0000950123-03-009468-index.htm",
        "finalLink": "https://www.sec.gov/Archives/edgar/data/4447/000095012303009468/y89246e10vq.htm"
    },
    {
        "date": "2003-03-31",
        "symbol": "HES",
        "reportedCurrency": "USD",
        "cik": "0000004447",
        "fillingDate": "2003-05-14",
        "acceptedDate": "2003-05-14 16:03:16",
        "calendarYear": "2003",
        "period": "Q1",
        "revenue": 4297000000,
        "costOfRevenue": 3419000000,
        "grossProfit": 878000000,
        "grossProfitRatio": 0.2043286013,
        "researchAndDevelopmentExpenses": 0,
        "generalAndAdministrativeExpenses": 0,
        "sellingAndMarketingExpenses": 0,
        "sellingGeneralAndAdministrativeExpenses": 248000000,
        "otherExpenses": 295000000,
        "operatingExpenses": 543000000,
        "costAndExpenses": 3962000000,
        "interestIncome": 0,
        "interestExpense": 0,
        "depreciationAndAmortization": 295000000,
        "ebitda": 630000000,
        "ebitdaratio": 0.1466139167,
        "operatingIncome": 335000000,
        "operatingIncomeRatio": 0.0779613684,
        "totalOtherIncomeExpensesNet": 36000000,
        "incomeBeforeTax": 371000000,
        "incomeBeforeTaxRatio": 0.0863393065,
        "incomeTaxExpense": 155000000,
        "netIncome": 176000000,
        "netIncomeRatio": 0.0409588085,
        "eps": 0.66,
        "epsdiluted": 0.66,
        "weightedAverageShsOut": 267300000,
        "weightedAverageShsOutDil": 267300000,
        "link": "https://www.sec.gov/Archives/edgar/data/4447/000095012303005930/0000950123-03-005930-index.htm",
        "finalLink": "https://www.sec.gov/Archives/edgar/data/4447/000095012303005930/y86571e10vq.htm"
    },
    {
        "date": "2002-12-31",
        "symbol": "HES",
        "reportedCurrency": "USD",
        "cik": "0000004447",
        "fillingDate": "2003-03-26",
        "acceptedDate": "2003-03-26 17:10:26",
        "calendarYear": "2002",
        "period": "Q4",
        "revenue": 3185000000,
        "costOfRevenue": 1917000000,
        "grossProfit": 1268000000,
        "grossProfitRatio": 0.3981161695,
        "researchAndDevelopmentExpenses": 0,
        "generalAndAdministrativeExpenses": 0,
        "sellingAndMarketingExpenses": 0,
        "sellingGeneralAndAdministrativeExpenses": 264000000,
        "otherExpenses": 826000000,
        "operatingExpenses": 1090000000,
        "costAndExpenses": 3007000000,
        "interestIncome": 0,
        "interestExpense": 0,
        "depreciationAndAmortization": 308000000,
        "ebitda": -453000000,
        "ebitdaratio": -0.1422291994,
        "operatingIncome": 178000000,
        "operatingIncomeRatio": 0.0558869702,
        "totalOtherIncomeExpensesNet": -610000000,
        "incomeBeforeTax": -432000000,
        "incomeBeforeTaxRatio": -0.1356357928,
        "incomeTaxExpense": -61000000,
        "netIncome": -371000000,
        "netIncomeRatio": -0.1164835165,
        "eps": -1.4,
        "epsdiluted": -1.39,
        "weightedAverageShsOut": 264406161,
        "weightedAverageShsOutDil": 267300000,
        "link": "https://www.sec.gov/Archives/edgar/data/4447/000095012303003289/0000950123-03-003289-index.htm",
        "finalLink": "https://www.sec.gov/Archives/edgar/data/4447/000095012303003289/y83989e10vk.htm"
    },
    {
        "date": "2002-09-30",
        "symbol": "HES",
        "reportedCurrency": "USD",
        "cik": "0000004447",
        "fillingDate": "2002-11-12",
        "acceptedDate": "2002-11-12 10:07:04",
        "calendarYear": "2002",
        "period": "Q3",
        "revenue": 2895000000,
        "costOfRevenue": 2005000000,
        "grossProfit": 890000000,
        "grossProfitRatio": 0.3074265976,
        "researchAndDevelopmentExpenses": 0,
        "generalAndAdministrativeExpenses": 216000000,
        "sellingAndMarketingExpenses": 0,
        "sellingGeneralAndAdministrativeExpenses": 216000000,
        "otherExpenses": 342000000,
        "operatingExpenses": 558000000,
        "costAndExpenses": 2563000000,
        "interestIncome": 0,
        "interestExpense": 0,
        "depreciationAndAmortization": 342000000,
        "ebitda": 662000000,
        "ebitdaratio": 0.2286701209,
        "operatingIncome": 332000000,
        "operatingIncomeRatio": 0.1146804836,
        "totalOtherIncomeExpensesNet": -379000000,
        "incomeBeforeTax": -126000000,
        "incomeBeforeTaxRatio": -0.0435233161,
        "incomeTaxExpense": 10000000,
        "netIncome": -136000000,
        "netIncomeRatio": -0.0469775475,
        "eps": -0.51,
        "epsdiluted": -0.51,
        "weightedAverageShsOut": 265249249,
        "weightedAverageShsOutDil": 265249249,
        "link": "https://www.sec.gov/Archives/edgar/data/4447/000095012302010531/0000950123-02-010531-index.htm",
        "finalLink": "https://www.sec.gov/Archives/edgar/data/4447/000095012302010531/y65441e10vq.htm"
    },
    {
        "date": "2002-06-30",
        "symbol": "HES",
        "reportedCurrency": "USD",
        "cik": "0000004447",
        "fillingDate": "2002-08-07",
        "acceptedDate": "2002-08-07 14:18:54",
        "calendarYear": "2002",
        "period": "Q2",
        "revenue": 2796000000,
        "costOfRevenue": 1843000000,
        "grossProfit": 953000000,
        "grossProfitRatio": 0.3408440629,
        "researchAndDevelopmentExpenses": 0,
        "generalAndAdministrativeExpenses": 257000000,
        "sellingAndMarketingExpenses": 0,
        "sellingGeneralAndAdministrativeExpenses": 257000000,
        "otherExpenses": 368000000,
        "operatingExpenses": 625000000,
        "costAndExpenses": 2468000000,
        "interestIncome": 0,
        "interestExpense": 70000000,
        "depreciationAndAmortization": 368000000,
        "ebitda": 662000000,
        "ebitdaratio": 0.2367668097,
        "operatingIncome": 328000000,
        "operatingIncomeRatio": 0.1173104435,
        "totalOtherIncomeExpensesNet": -38000000,
        "incomeBeforeTax": 256000000,
        "incomeBeforeTaxRatio": 0.0915593705,
        "incomeTaxExpense": 107000000,
        "netIncome": 149000000,
        "netIncomeRatio": 0.0532904149,
        "eps": 0.56,
        "epsdiluted": 0.55,
        "weightedAverageShsOut": 264870871,
        "weightedAverageShsOutDil": 268765766,
        "link": "https://www.sec.gov/Archives/edgar/data/4447/000095012302007507/0000950123-02-007507-index.htm",
        "finalLink": "https://www.sec.gov/Archives/edgar/data/4447/000095012302007507/y62717e10vq.htm"
    },
    {
        "date": "2002-03-31",
        "symbol": "HES",
        "reportedCurrency": "USD",
        "cik": "0000004447",
        "fillingDate": "2002-05-14",
        "acceptedDate": "2002-05-14 11:10:55",
        "calendarYear": "2002",
        "period": "Q1",
        "revenue": 3057000000,
        "costOfRevenue": 2211000000,
        "grossProfit": 846000000,
        "grossProfitRatio": 0.2767419038,
        "researchAndDevelopmentExpenses": 0,
        "generalAndAdministrativeExpenses": 223000000,
        "sellingAndMarketingExpenses": 0,
        "sellingGeneralAndAdministrativeExpenses": 223000000,
        "otherExpenses": 302000000,
        "operatingExpenses": 525000000,
        "costAndExpenses": 2736000000,
        "interestIncome": 0,
        "interestExpense": 0,
        "depreciationAndAmortization": 302000000,
        "ebitda": 562000000,
        "ebitdaratio": 0.1838403664,
        "operatingIncome": 321000000,
        "operatingIncomeRatio": 0.1050049068,
        "totalOtherIncomeExpensesNet": -30000000,
        "incomeBeforeTax": 251000000,
        "incomeBeforeTaxRatio": 0.0821066405,
        "incomeTaxExpense": 110000000,
        "netIncome": 141000000,
        "netIncomeRatio": 0.0461236506,
        "eps": 0.53,
        "epsdiluted": 0.53,
        "weightedAverageShsOut": 266666667,
        "weightedAverageShsOutDil": 266666667,
        "link": "https://www.sec.gov/Archives/edgar/data/4447/000095012302005092/0000950123-02-005092-index.htm",
        "finalLink": "https://www.sec.gov/Archives/edgar/data/4447/000095012302005092/y60562e10-q.htm"
    },
    {
        "date": "2001-12-31",
        "symbol": "HES",
        "reportedCurrency": "USD",
        "cik": "0000004447",
        "fillingDate": "2002-03-27",
        "acceptedDate": "2002-03-27 00:00:00",
        "calendarYear": "2001",
        "period": "Q4",
        "revenue": 2685000000,
        "costOfRevenue": 1513000000,
        "grossProfit": 1172000000,
        "grossProfitRatio": 0.4364990689,
        "researchAndDevelopmentExpenses": 0,
        "generalAndAdministrativeExpenses": 315000000,
        "sellingAndMarketingExpenses": 0,
        "sellingGeneralAndAdministrativeExpenses": 315000000,
        "otherExpenses": 895000000,
        "operatingExpenses": 1210000000,
        "costAndExpenses": 2723000000,
        "interestIncome": 0,
        "interestExpense": 0,
        "depreciationAndAmortization": 303000000,
        "ebitda": 465000000,
        "ebitdaratio": 0.1731843575,
        "operatingIncome": -38000000,
        "operatingIncomeRatio": -0.0141527002,
        "totalOtherIncomeExpensesNet": 138000000,
        "incomeBeforeTax": 100000000,
        "incomeBeforeTaxRatio": 0.0372439479,
        "incomeTaxExpense": 46000000,
        "netIncome": 54000000,
        "netIncomeRatio": 0.0201117318,
        "eps": 0.2,
        "epsdiluted": 0.2,
        "weightedAverageShsOut": 262534161,
        "weightedAverageShsOutDil": 266400000,
        "link": "https://www.sec.gov/Archives/edgar/data/4447/000095012302003005/0000950123-02-003005-index.htm",
        "finalLink": "https://www.sec.gov/Archives/edgar/data/4447/000095012302003005/y57862e10-k.htm"
    },
    {
        "date": "2001-09-30",
        "symbol": "HES",
        "reportedCurrency": "USD",
        "cik": "0000004447",
        "fillingDate": "2001-11-09",
        "acceptedDate": "2001-11-09 00:00:00",
        "calendarYear": "2001",
        "period": "Q3",
        "revenue": 2934000000,
        "costOfRevenue": 2173000000,
        "grossProfit": 761000000,
        "grossProfitRatio": 0.2593728698,
        "researchAndDevelopmentExpenses": 0,
        "generalAndAdministrativeExpenses": 232000000,
        "sellingAndMarketingExpenses": 0,
        "sellingGeneralAndAdministrativeExpenses": 232000000,
        "otherExpenses": 254000000,
        "operatingExpenses": 486000000,
        "costAndExpenses": 2659000000,
        "interestIncome": 0,
        "interestExpense": 0,
        "depreciationAndAmortization": 254000000,
        "ebitda": 529000000,
        "ebitdaratio": 0.1802999318,
        "operatingIncome": 275000000,
        "operatingIncomeRatio": 0.093728698,
        "totalOtherIncomeExpensesNet": -51000000,
        "incomeBeforeTax": 224000000,
        "incomeBeforeTaxRatio": 0.0763462849,
        "incomeTaxExpense": 57000000,
        "netIncome": 167000000,
        "netIncomeRatio": 0.0569188821,
        "eps": 0.63,
        "epsdiluted": 0.62,
        "weightedAverageShsOut": 264663664,
        "weightedAverageShsOutDil": 268471471,
        "link": "https://www.sec.gov/Archives/edgar/data/4447/000095012301508128/0000950123-01-508128-index.htm",
        "finalLink": "https://www.sec.gov/Archives/edgar/data/4447/000095012301508128/y54525e10-q.txt"
    },
    {
        "date": "2001-06-30",
        "symbol": "HES",
        "reportedCurrency": "USD",
        "cik": "0000004447",
        "fillingDate": "2001-08-07",
        "acceptedDate": "2001-08-07 00:00:00",
        "calendarYear": "2001",
        "period": "Q2",
        "revenue": 3565000000,
        "costOfRevenue": 2536000000,
        "grossProfit": 1029000000,
        "grossProfitRatio": 0.2886395512,
        "researchAndDevelopmentExpenses": 0,
        "generalAndAdministrativeExpenses": 210000000,
        "sellingAndMarketingExpenses": 0,
        "sellingGeneralAndAdministrativeExpenses": 210000000,
        "otherExpenses": 229000000,
        "operatingExpenses": 439000000,
        "costAndExpenses": 2975000000,
        "interestIncome": 0,
        "interestExpense": 0,
        "depreciationAndAmortization": 229000000,
        "ebitda": 819000000,
        "ebitdaratio": 0.2297335203,
        "operatingIncome": 590000000,
        "operatingIncomeRatio": 0.1654978962,
        "totalOtherIncomeExpensesNet": -41000000,
        "incomeBeforeTax": 549000000,
        "incomeBeforeTaxRatio": 0.153997195,
        "incomeTaxExpense": 192000000,
        "netIncome": 357000000,
        "netIncomeRatio": 0.1001402525,
        "eps": 1.34,
        "epsdiluted": 1.33,
        "weightedAverageShsOut": 265486486,
        "weightedAverageShsOutDil": 269195195,
        "link": "https://www.sec.gov/Archives/edgar/data/4447/000095012301505114/0000950123-01-505114-index.htm",
        "finalLink": "https://www.sec.gov/Archives/edgar/data/4447/000095012301505114/y52077e10-q.txt"
    },
    {
        "date": "2001-03-31",
        "symbol": "HES",
        "reportedCurrency": "USD",
        "cik": "0000004447",
        "fillingDate": "2001-05-11",
        "acceptedDate": "2001-05-11 00:00:00",
        "calendarYear": "2001",
        "period": "Q1",
        "revenue": 4229000000,
        "costOfRevenue": 3226000000,
        "grossProfit": 1003000000,
        "grossProfitRatio": 0.2371719083,
        "researchAndDevelopmentExpenses": 0,
        "generalAndAdministrativeExpenses": 218000000,
        "sellingAndMarketingExpenses": 0,
        "sellingGeneralAndAdministrativeExpenses": 218000000,
        "otherExpenses": 181000000,
        "operatingExpenses": 399000000,
        "costAndExpenses": 3625000000,
        "interestIncome": 0,
        "interestExpense": 0,
        "depreciationAndAmortization": 181000000,
        "ebitda": 785000000,
        "ebitdaratio": 0.1856230787,
        "operatingIncome": 604000000,
        "operatingIncomeRatio": 0.1428233625,
        "totalOtherIncomeExpensesNet": -40000000,
        "incomeBeforeTax": 564000000,
        "incomeBeforeTaxRatio": 0.1333648617,
        "incomeTaxExpense": 227000000,
        "netIncome": 337000000,
        "netIncomeRatio": 0.0796878695,
        "eps": 1.28,
        "epsdiluted": 1.26,
        "weightedAverageShsOut": 266700000,
        "weightedAverageShsOutDil": 266754617,
        "link": "https://www.sec.gov/Archives/edgar/data/4447/000095012301502208/0000950123-01-502208-index.htm",
        "finalLink": "https://www.sec.gov/Archives/edgar/data/4447/000095012301502208/y48811e10-q.txt"
    },
    {
        "date": "2000-12-31",
        "symbol": "HES",
        "reportedCurrency": "USD",
        "cik": "0000004447",
        "fillingDate": "2001-03-28",
        "acceptedDate": "2001-03-28 00:00:00",
        "calendarYear": "2000",
        "period": "Q4",
        "revenue": 3685000000,
        "costOfRevenue": 2816000000,
        "grossProfit": 869000000,
        "grossProfitRatio": 0.2358208955,
        "researchAndDevelopmentExpenses": 0,
        "generalAndAdministrativeExpenses": 229000000,
        "sellingAndMarketingExpenses": 0,
        "sellingGeneralAndAdministrativeExpenses": 229000000,
        "otherExpenses": 198000000,
        "operatingExpenses": 427000000,
        "costAndExpenses": 3243000000,
        "interestIncome": 0,
        "interestExpense": 0,
        "depreciationAndAmortization": 198000000,
        "ebitda": 640000000,
        "ebitdaratio": 0.1736770692,
        "operatingIncome": 442000000,
        "operatingIncomeRatio": 0.1199457259,
        "totalOtherIncomeExpensesNet": 78000000,
        "incomeBeforeTax": 520000000,
        "incomeBeforeTaxRatio": 0.1411126187,
        "incomeTaxExpense": 180000000,
        "netIncome": 340000000,
        "netIncomeRatio": 0.092265943,
        "eps": 1.27,
        "epsdiluted": 1.27,
        "weightedAverageShsOut": 256956000,
        "weightedAverageShsOutDil": 266700000,
        "link": "https://www.sec.gov/Archives/edgar/data/4447/000095012301002755/0000950123-01-002755-index.htm",
        "finalLink": "https://www.sec.gov/Archives/edgar/data/4447/000095012301002755/y45625ke10-k.txt"
    },
    {
        "date": "2000-09-30",
        "symbol": "HES",
        "reportedCurrency": "USD",
        "cik": "0000004447",
        "fillingDate": "2000-11-03",
        "acceptedDate": "2000-11-03 00:00:00",
        "calendarYear": "2000",
        "period": "Q3",
        "revenue": 2833000000,
        "costOfRevenue": 2032000000,
        "grossProfit": 801000000,
        "grossProfitRatio": 0.2827391458,
        "researchAndDevelopmentExpenses": 0,
        "generalAndAdministrativeExpenses": 207000000,
        "sellingAndMarketingExpenses": 0,
        "sellingGeneralAndAdministrativeExpenses": 207000000,
        "otherExpenses": 176000000,
        "operatingExpenses": 383000000,
        "costAndExpenses": 2415000000,
        "interestIncome": 0,
        "interestExpense": 0,
        "depreciationAndAmortization": 175000000,
        "ebitda": 594000000,
        "ebitdaratio": 0.2096717261,
        "operatingIncome": 418000000,
        "operatingIncomeRatio": 0.1475467702,
        "totalOtherIncomeExpensesNet": 12000000,
        "incomeBeforeTax": 430000000,
        "incomeBeforeTaxRatio": 0.1517825627,
        "incomeTaxExpense": 173000000,
        "netIncome": 257000000,
        "netIncomeRatio": 0.0907165549,
        "eps": 0.96,
        "epsdiluted": 0.95,
        "weightedAverageShsOut": 269400000,
        "weightedAverageShsOutDil": 269580420,
        "link": "https://www.sec.gov/Archives/edgar/data/4447/000095012300010045/0000950123-00-010045-index.htm",
        "finalLink": "https://www.sec.gov/Archives/edgar/data/4447/000095012300010045/y42041e10-q.txt"
    },
    {
        "date": "2000-06-30",
        "symbol": "HES",
        "reportedCurrency": "USD",
        "cik": "0000004447",
        "fillingDate": "2000-08-10",
        "acceptedDate": "2000-08-10 00:00:00",
        "calendarYear": "2000",
        "period": "Q2",
        "revenue": 2644000000,
        "costOfRevenue": 1987000000,
        "grossProfit": 657000000,
        "grossProfitRatio": 0.2484871407,
        "researchAndDevelopmentExpenses": 0,
        "generalAndAdministrativeExpenses": 173000000,
        "sellingAndMarketingExpenses": 0,
        "sellingGeneralAndAdministrativeExpenses": 173000000,
        "otherExpenses": 167000000,
        "operatingExpenses": 340000000,
        "costAndExpenses": 2327000000,
        "interestIncome": 0,
        "interestExpense": 0,
        "depreciationAndAmortization": 167000000,
        "ebitda": 484000000,
        "ebitdaratio": 0.1830559758,
        "operatingIncome": 317000000,
        "operatingIncomeRatio": 0.1198940998,
        "totalOtherIncomeExpensesNet": 31000000,
        "incomeBeforeTax": 348000000,
        "incomeBeforeTaxRatio": 0.1316187595,
        "incomeTaxExpense": 146000000,
        "netIncome": 202000000,
        "netIncomeRatio": 0.0763993949,
        "eps": 0.75,
        "epsdiluted": 0.75,
        "weightedAverageShsOut": 271500000,
        "weightedAverageShsOutDil": 271500000,
        "link": "https://www.sec.gov/Archives/edgar/data/4447/000095012300007390/0000950123-00-007390-index.htm",
        "finalLink": "https://www.sec.gov/Archives/edgar/data/4447/000095012300007390/e10-q.txt"
    },
    {
        "date": "2000-03-31",
        "symbol": "HES",
        "reportedCurrency": "USD",
        "cik": "0000004447",
        "fillingDate": "2000-05-12",
        "acceptedDate": "2000-05-12 00:00:00",
        "calendarYear": "2000",
        "period": "Q1",
        "revenue": 2831000000,
        "costOfRevenue": 2127000000,
        "grossProfit": 704000000,
        "grossProfitRatio": 0.2486753797,
        "researchAndDevelopmentExpenses": 0,
        "generalAndAdministrativeExpenses": 157000000,
        "sellingAndMarketingExpenses": 0,
        "sellingGeneralAndAdministrativeExpenses": 157000000,
        "otherExpenses": 174000000,
        "operatingExpenses": 331000000,
        "costAndExpenses": 2458000000,
        "interestIncome": 0,
        "interestExpense": 0,
        "depreciationAndAmortization": 174000000,
        "ebitda": 547000000,
        "ebitdaratio": 0.1932179442,
        "operatingIncome": 373000000,
        "operatingIncomeRatio": 0.1317555634,
        "totalOtherIncomeExpensesNet": 1000000,
        "incomeBeforeTax": 374000000,
        "incomeBeforeTaxRatio": 0.1321087955,
        "incomeTaxExpense": 150000000,
        "netIncome": 224000000,
        "netIncomeRatio": 0.0791239845,
        "eps": 0.83,
        "epsdiluted": 0.82,
        "weightedAverageShsOut": 271500000,
        "weightedAverageShsOutDil": 272064777,
        "link": "https://www.sec.gov/Archives/edgar/data/4447/000095012300004903/0000950123-00-004903-index.html",
        "finalLink": "https://www.sec.gov/Archives/edgar/data/4447/000095012300004903/"
    },
    {
        "date": "1999-12-31",
        "symbol": "HES",
        "reportedCurrency": "USD",
        "cik": "0000004447",
        "fillingDate": "2000-03-27",
        "acceptedDate": "2000-03-27 00:00:00",
        "calendarYear": "1999",
        "period": "Q4",
        "revenue": 2268800000,
        "costOfRevenue": 1597700000,
        "grossProfit": 671100000,
        "grossProfitRatio": 0.295795134,
        "researchAndDevelopmentExpenses": 0,
        "generalAndAdministrativeExpenses": 147000000,
        "sellingAndMarketingExpenses": 0,
        "sellingGeneralAndAdministrativeExpenses": 147000000,
        "otherExpenses": 214700000,
        "operatingExpenses": 361700000,
        "costAndExpenses": 1959400000,
        "interestIncome": 0,
        "interestExpense": 0,
        "depreciationAndAmortization": 214700000,
        "ebitda": 524100000,
        "ebitdaratio": 0.2310031735,
        "operatingIncome": 309400000,
        "operatingIncomeRatio": 0.1363716502,
        "totalOtherIncomeExpensesNet": -131900000,
        "incomeBeforeTax": 177500000,
        "incomeBeforeTaxRatio": 0.0782351904,
        "incomeTaxExpense": 46500000,
        "netIncome": 131100000,
        "netIncomeRatio": 0.0577838505,
        "eps": 0.48,
        "epsdiluted": 0.48,
        "weightedAverageShsOut": 263970666,
        "weightedAverageShsOutDil": 271500000,
        "link": "https://www.sec.gov/Archives/edgar/data/4447/000095012300002763/0000950123-00-002763-index.html",
        "finalLink": "https://www.sec.gov/Archives/edgar/data/4447/000095012300002763/"
    },
    {
        "date": "1999-09-30",
        "symbol": "HES",
        "reportedCurrency": "USD",
        "cik": "0000004447",
        "fillingDate": "1999-11-12",
        "acceptedDate": "1999-11-12 00:00:00",
        "calendarYear": "1999",
        "period": "Q3",
        "revenue": 1801700000,
        "costOfRevenue": 1278000000,
        "grossProfit": 523700000,
        "grossProfitRatio": 0.2906699229,
        "researchAndDevelopmentExpenses": 0,
        "generalAndAdministrativeExpenses": 178100000,
        "sellingAndMarketingExpenses": 0,
        "sellingGeneralAndAdministrativeExpenses": 178100000,
        "otherExpenses": 159500000,
        "operatingExpenses": 337600000,
        "costAndExpenses": 1615600000,
        "interestIncome": 0,
        "interestExpense": 0,
        "depreciationAndAmortization": 159500000,
        "ebitda": 345600000,
        "ebitdaratio": 0.1918188378,
        "operatingIncome": 186100000,
        "operatingIncomeRatio": 0.103291336,
        "totalOtherIncomeExpensesNet": 133900000,
        "incomeBeforeTax": 320000000,
        "incomeBeforeTaxRatio": 0.177610035,
        "incomeTaxExpense": 161500000,
        "netIncome": 158500000,
        "netIncomeRatio": 0.0879724704,
        "eps": 0.59,
        "epsdiluted": 0.58,
        "weightedAverageShsOut": 271864865,
        "weightedAverageShsOutDil": 271864865,
        "link": "https://www.sec.gov/Archives/edgar/data/4447/000095012399010114/0000950123-99-010114-index.html",
        "finalLink": "https://www.sec.gov/Archives/edgar/data/4447/000095012399010114/"
    },
    {
        "date": "1999-06-30",
        "symbol": "HES",
        "reportedCurrency": "USD",
        "cik": "0000004447",
        "fillingDate": "1999-08-12",
        "acceptedDate": "1999-08-12 00:00:00",
        "calendarYear": "1999",
        "period": "Q2",
        "revenue": 1430000000,
        "costOfRevenue": 1096000000,
        "grossProfit": 334000000,
        "grossProfitRatio": 0.2335664336,
        "researchAndDevelopmentExpenses": 0,
        "generalAndAdministrativeExpenses": 149700000,
        "sellingAndMarketingExpenses": 0,
        "sellingGeneralAndAdministrativeExpenses": 149700000,
        "otherExpenses": 136200000,
        "operatingExpenses": 285900000,
        "costAndExpenses": 1381900000,
        "interestIncome": 0,
        "interestExpense": 0,
        "depreciationAndAmortization": 136200000,
        "ebitda": 184700000,
        "ebitdaratio": 0.1291608392,
        "operatingIncome": 48100000,
        "operatingIncomeRatio": 0.0336363636,
        "totalOtherIncomeExpensesNet": 61900000,
        "incomeBeforeTax": 109900000,
        "incomeBeforeTaxRatio": 0.0768531469,
        "incomeTaxExpense": 32400000,
        "netIncome": 77500000,
        "netIncomeRatio": 0.0541958042,
        "eps": 0.29,
        "epsdiluted": 0.29,
        "weightedAverageShsOut": 272365389,
        "weightedAverageShsOutDil": 272365389,
        "link": "https://www.sec.gov/Archives/edgar/data/4447/000095012399007515/0000950123-99-007515-index.html",
        "finalLink": "https://www.sec.gov/Archives/edgar/data/4447/000095012399007515/"
    },
    {
        "date": "1999-03-31",
        "symbol": "HES",
        "reportedCurrency": "USD",
        "cik": "0000004447",
        "fillingDate": "1999-05-14",
        "acceptedDate": "1999-05-14 00:00:00",
        "calendarYear": "1999",
        "period": "Q1",
        "revenue": 1538700000,
        "costOfRevenue": 1234200000,
        "grossProfit": 304500000,
        "grossProfitRatio": 0.1978943264,
        "researchAndDevelopmentExpenses": 0,
        "generalAndAdministrativeExpenses": 144000000,
        "sellingAndMarketingExpenses": 0,
        "sellingGeneralAndAdministrativeExpenses": 144000000,
        "otherExpenses": 138300000,
        "operatingExpenses": 282300000,
        "costAndExpenses": 1516500000,
        "interestIncome": 0,
        "interestExpense": 0,
        "depreciationAndAmortization": 138300000,
        "ebitda": 160500000,
        "ebitdaratio": 0.1043088321,
        "operatingIncome": 22200000,
        "operatingIncomeRatio": 0.0144277637,
        "totalOtherIncomeExpensesNet": 72200000,
        "incomeBeforeTax": 94400000,
        "incomeBeforeTaxRatio": 0.0613504907,
        "incomeTaxExpense": 23900000,
        "netIncome": 70600000,
        "netIncomeRatio": 0.0458828882,
        "eps": 0.26,
        "epsdiluted": 0.26,
        "weightedAverageShsOut": 269873874,
        "weightedAverageShsOutDil": 269873874,
        "link": "https://www.sec.gov/Archives/edgar/data/4447/000095012399004715/0000950123-99-004715-index.html",
        "finalLink": "https://www.sec.gov/Archives/edgar/data/4447/"
    },
    {
        "date": "1998-12-31",
        "symbol": "HES",
        "reportedCurrency": "USD",
        "cik": "0000004447",
        "fillingDate": "1999-03-29",
        "acceptedDate": "1999-03-29 00:00:00",
        "calendarYear": "1998",
        "period": "Q4",
        "revenue": 1616000000,
        "costOfRevenue": 1362200000,
        "grossProfit": 253800000,
        "grossProfitRatio": 0.1570544554,
        "researchAndDevelopmentExpenses": 0,
        "generalAndAdministrativeExpenses": 229300000,
        "sellingAndMarketingExpenses": 0,
        "sellingGeneralAndAdministrativeExpenses": 229300000,
        "otherExpenses": 176800000,
        "operatingExpenses": 406100000,
        "costAndExpenses": 1768300000,
        "interestIncome": 0,
        "interestExpense": 0,
        "depreciationAndAmortization": 176800000,
        "ebitda": 24500000,
        "ebitdaratio": 0.0151608911,
        "operatingIncome": -152300000,
        "operatingIncomeRatio": -0.0942450495,
        "totalOtherIncomeExpensesNet": -367000000,
        "incomeBeforeTax": -519300000,
        "incomeBeforeTaxRatio": -0.3213490099,
        "incomeTaxExpense": -101000000,
        "netIncome": -418300000,
        "netIncomeRatio": -0.2588490099,
        "eps": -1.58,
        "epsdiluted": -1.55,
        "weightedAverageShsOut": 264045295,
        "weightedAverageShsOutDil": 269873874,
        "link": "https://www.sec.gov/Archives/edgar/data/4447/000095012399002682/0000950123-99-002682-index.html",
        "finalLink": "https://www.sec.gov/Archives/edgar/data/4447/"
    },
    {
        "date": "1998-09-30",
        "symbol": "HES",
        "reportedCurrency": "USD",
        "cik": "0000004447",
        "fillingDate": "1998-11-13",
        "acceptedDate": "1998-11-13 00:00:00",
        "calendarYear": "1998",
        "period": "Q3",
        "revenue": 1530900000,
        "costOfRevenue": 1192900000,
        "grossProfit": 338000000,
        "grossProfitRatio": 0.2207851591,
        "researchAndDevelopmentExpenses": 0,
        "generalAndAdministrativeExpenses": 164600000,
        "sellingAndMarketingExpenses": 0,
        "sellingGeneralAndAdministrativeExpenses": 164600000,
        "otherExpenses": 158400000,
        "operatingExpenses": 323000000,
        "costAndExpenses": 1515900000,
        "interestIncome": 0,
        "interestExpense": 0,
        "depreciationAndAmortization": 158400000,
        "ebitda": 153600000,
        "ebitdaratio": 0.1003331374,
        "operatingIncome": 15000000,
        "operatingIncomeRatio": 0.0097981579,
        "totalOtherIncomeExpensesNet": -18000000,
        "incomeBeforeTax": -6800000,
        "incomeBeforeTaxRatio": -0.0044418316,
        "incomeTaxExpense": -500000,
        "netIncome": -6300000,
        "netIncomeRatio": -0.0041152263,
        "eps": -0.0233,
        "epsdiluted": -0.0233,
        "weightedAverageShsOut": 270270270,
        "weightedAverageShsOutDil": 270270270,
        "link": "https://www.sec.gov/Archives/edgar/data/4447/000095012398009851/0000950123-98-009851-index.html",
        "finalLink": "https://www.sec.gov/Archives/edgar/data/4447/"
    },
    {
        "date": "1998-06-30",
        "symbol": "HES",
        "reportedCurrency": "USD",
        "cik": "0000004447",
        "fillingDate": "1998-08-13",
        "acceptedDate": "1998-08-13 00:00:00",
        "calendarYear": "1998",
        "period": "Q2",
        "revenue": 1617300000,
        "costOfRevenue": 1291000000,
        "grossProfit": 326300000,
        "grossProfitRatio": 0.2017560131,
        "researchAndDevelopmentExpenses": 0,
        "generalAndAdministrativeExpenses": 180800000,
        "sellingAndMarketingExpenses": 0,
        "sellingGeneralAndAdministrativeExpenses": 180800000,
        "otherExpenses": 160000000,
        "operatingExpenses": 340800000,
        "costAndExpenses": 1631800000,
        "interestIncome": 0,
        "interestExpense": 0,
        "depreciationAndAmortization": 160000000,
        "ebitda": 148000000,
        "ebitdaratio": 0.0915105423,
        "operatingIncome": -14500000,
        "operatingIncomeRatio": -0.0089655599,
        "totalOtherIncomeExpensesNet": -6600000,
        "incomeBeforeTax": -20800000,
        "incomeBeforeTaxRatio": -0.0128609411,
        "incomeTaxExpense": 900000,
        "netIncome": -21700000,
        "netIncomeRatio": -0.0134174241,
        "eps": -0.0799,
        "epsdiluted": -0.0799,
        "weightedAverageShsOut": 271521522,
        "weightedAverageShsOutDil": 271521522,
        "link": "https://www.sec.gov/Archives/edgar/data/4447/000095012398007479/0000950123-98-007479-index.html",
        "finalLink": "https://www.sec.gov/Archives/edgar/data/4447/"
    },
    {
        "date": "1998-03-31",
        "symbol": "HES",
        "reportedCurrency": "USD",
        "cik": "0000004447",
        "fillingDate": "1998-05-14",
        "acceptedDate": "1998-05-14 00:00:00",
        "calendarYear": "1998",
        "period": "Q1",
        "revenue": 1825800000,
        "costOfRevenue": 1515900000,
        "grossProfit": 309900000,
        "grossProfitRatio": 0.1697338153,
        "researchAndDevelopmentExpenses": 0,
        "generalAndAdministrativeExpenses": 178500000,
        "sellingAndMarketingExpenses": 0,
        "sellingGeneralAndAdministrativeExpenses": 178500000,
        "otherExpenses": 161800000,
        "operatingExpenses": 340300000,
        "costAndExpenses": 1856200000,
        "interestIncome": 0,
        "interestExpense": 0,
        "depreciationAndAmortization": 161800000,
        "ebitda": 133700000,
        "ebitdaratio": 0.073228174,
        "operatingIncome": -30400000,
        "operatingIncomeRatio": -0.0166502355,
        "totalOtherIncomeExpensesNet": 63400000,
        "incomeBeforeTax": 32900000,
        "incomeBeforeTaxRatio": 0.0180194983,
        "incomeTaxExpense": 45500000,
        "netIncome": -12600000,
        "netIncomeRatio": -0.0069010845,
        "eps": -0.0466,
        "epsdiluted": -0.0466,
        "weightedAverageShsOut": 270270270,
        "weightedAverageShsOutDil": 270270270,
        "link": "https://www.sec.gov/Archives/edgar/data/4447/000095012398005001/0000950123-98-005001-index.html",
        "finalLink": "https://www.sec.gov/Archives/edgar/data/4447/"
    },
    {
        "date": "1997-12-31",
        "symbol": "HES",
        "reportedCurrency": "USD",
        "cik": "0000004447",
        "fillingDate": "1998-03-30",
        "acceptedDate": "1998-03-30 00:00:00",
        "calendarYear": "1997",
        "period": "Q4",
        "revenue": 2118300000,
        "costOfRevenue": 1824200000,
        "grossProfit": 294100000,
        "grossProfitRatio": 0.1388377473,
        "researchAndDevelopmentExpenses": 0,
        "generalAndAdministrativeExpenses": 173800000,
        "sellingAndMarketingExpenses": 0,
        "sellingGeneralAndAdministrativeExpenses": 173800000,
        "otherExpenses": 131700000,
        "operatingExpenses": 305500000,
        "costAndExpenses": 2129700000,
        "interestIncome": 0,
        "interestExpense": 0,
        "depreciationAndAmortization": 131700000,
        "ebitda": 120300000,
        "ebitdaratio": 0.0567908228,
        "operatingIncome": -11400000,
        "operatingIncomeRatio": -0.005381674,
        "totalOtherIncomeExpensesNet": -89900000,
        "incomeBeforeTax": -101300000,
        "incomeBeforeTaxRatio": -0.0478213662,
        "incomeTaxExpense": -39900000,
        "netIncome": -61400000,
        "netIncomeRatio": -0.0289855072,
        "eps": -0.23,
        "epsdiluted": -0.23,
        "weightedAverageShsOut": 270507508,
        "weightedAverageShsOutDil": 270507508,
        "link": "https://www.sec.gov/Archives/edgar/data/4447/000095012398003112/0000950123-98-003112-index.html",
        "finalLink": "https://www.sec.gov/Archives/edgar/data/4447/"
    },
    {
        "date": "1997-09-30",
        "symbol": "HES",
        "reportedCurrency": "USD",
        "cik": "0000004447",
        "fillingDate": "1997-11-13",
        "acceptedDate": "1997-11-13 00:00:00",
        "calendarYear": "1997",
        "period": "Q3",
        "revenue": 1884600000,
        "costOfRevenue": 1489200000,
        "grossProfit": 395400000,
        "grossProfitRatio": 0.2098057943,
        "researchAndDevelopmentExpenses": 0,
        "generalAndAdministrativeExpenses": 168200000,
        "sellingAndMarketingExpenses": 0,
        "sellingGeneralAndAdministrativeExpenses": 168200000,
        "otherExpenses": 173200000,
        "operatingExpenses": 341400000,
        "costAndExpenses": 1830600000,
        "interestIncome": 0,
        "interestExpense": 0,
        "depreciationAndAmortization": 173200000,
        "ebitda": 245600000,
        "ebitdaratio": 0.1303194312,
        "operatingIncome": 54000000,
        "operatingIncomeRatio": 0.0286532951,
        "totalOtherIncomeExpensesNet": -17000000,
        "incomeBeforeTax": 37000000,
        "incomeBeforeTaxRatio": 0.0196328133,
        "incomeTaxExpense": 14300000,
        "netIncome": 22700000,
        "netIncomeRatio": 0.0120449963,
        "eps": 0.0833,
        "epsdiluted": 0.0833,
        "weightedAverageShsOut": 275570571,
        "weightedAverageShsOutDil": 275570571,
        "link": "https://www.sec.gov/Archives/edgar/data/4447/000095012397009462/0000950123-97-009462-index.html",
        "finalLink": "https://www.sec.gov/Archives/edgar/data/4447/"
    },
    {
        "date": "1997-06-30",
        "symbol": "HES",
        "reportedCurrency": "USD",
        "cik": "0000004447",
        "fillingDate": "1997-08-12",
        "acceptedDate": "1997-08-12 00:00:00",
        "calendarYear": "1997",
        "period": "Q2",
        "revenue": 1834000000,
        "costOfRevenue": 1439700000,
        "grossProfit": 394300000,
        "grossProfitRatio": 0.2149945474,
        "researchAndDevelopmentExpenses": 0,
        "generalAndAdministrativeExpenses": 158800000,
        "sellingAndMarketingExpenses": 0,
        "sellingGeneralAndAdministrativeExpenses": 158800000,
        "otherExpenses": 170300000,
        "operatingExpenses": 329100000,
        "costAndExpenses": 1768800000,
        "interestIncome": 0,
        "interestExpense": 0,
        "depreciationAndAmortization": 170300000,
        "ebitda": 270700000,
        "ebitdaratio": 0.1476008724,
        "operatingIncome": 65200000,
        "operatingIncomeRatio": 0.0355507088,
        "totalOtherIncomeExpensesNet": 11000000,
        "incomeBeforeTax": 76200000,
        "incomeBeforeTaxRatio": 0.0415485278,
        "incomeTaxExpense": 34500000,
        "netIncome": 41700000,
        "netIncomeRatio": 0.0227371865,
        "eps": 0.15,
        "epsdiluted": 0.15,
        "weightedAverageShsOut": 278278278,
        "weightedAverageShsOutDil": 278278278,
        "link": "https://www.sec.gov/Archives/edgar/data/4447/000095012397006690/0000950123-97-006690-index.html",
        "finalLink": "https://www.sec.gov/Archives/edgar/data/4447/"
    },
    {
        "date": "1997-03-31",
        "symbol": "HES",
        "reportedCurrency": "USD",
        "cik": "0000004447",
        "fillingDate": "1997-05-13",
        "acceptedDate": "1997-05-13 00:00:00",
        "calendarYear": "1997",
        "period": "Q1",
        "revenue": 2396800000,
        "costOfRevenue": 1921100000,
        "grossProfit": 475700000,
        "grossProfitRatio": 0.198472964,
        "researchAndDevelopmentExpenses": 0,
        "generalAndAdministrativeExpenses": 149100000,
        "sellingAndMarketingExpenses": 0,
        "sellingGeneralAndAdministrativeExpenses": 149100000,
        "otherExpenses": 197500000,
        "operatingExpenses": 346600000,
        "costAndExpenses": 2267700000,
        "interestIncome": 0,
        "interestExpense": 0,
        "depreciationAndAmortization": 197500000,
        "ebitda": 326600000,
        "ebitdaratio": 0.13626502,
        "operatingIncome": 129100000,
        "operatingIncomeRatio": 0.0538634846,
        "totalOtherIncomeExpensesNet": -14300000,
        "incomeBeforeTax": 114800000,
        "incomeBeforeTaxRatio": 0.0478971963,
        "incomeTaxExpense": 110200000,
        "netIncome": 4600000,
        "netIncomeRatio": 0.0019192256,
        "eps": 0.0167,
        "epsdiluted": 0.0167,
        "weightedAverageShsOut": 279309309,
        "weightedAverageShsOutDil": 279309309,
        "link": "https://www.sec.gov/Archives/edgar/data/4447/000095012397004221/0000950123-97-004221-index.html",
        "finalLink": "https://www.sec.gov/Archives/edgar/data/4447/"
    },
    {
        "date": "1996-12-31",
        "symbol": "HES",
        "reportedCurrency": "USD",
        "cik": "0000004447",
        "fillingDate": "1997-03-26",
        "acceptedDate": "1997-03-26 00:00:00",
        "calendarYear": "1996",
        "period": "Q4",
        "revenue": 2216200000,
        "costOfRevenue": 1634000000,
        "grossProfit": 582200000,
        "grossProfitRatio": 0.2627019222,
        "researchAndDevelopmentExpenses": 0,
        "generalAndAdministrativeExpenses": 166900000,
        "sellingAndMarketingExpenses": 0,
        "sellingGeneralAndAdministrativeExpenses": 166900000,
        "otherExpenses": 231400000,
        "operatingExpenses": 398300000,
        "costAndExpenses": 2032300000,
        "interestIncome": 0,
        "interestExpense": 0,
        "depreciationAndAmortization": 231400000,
        "ebitda": 415300000,
        "ebitdaratio": 0.1873928346,
        "operatingIncome": 183900000,
        "operatingIncomeRatio": 0.0829798755,
        "totalOtherIncomeExpensesNet": 30000000,
        "incomeBeforeTax": 213900000,
        "incomeBeforeTaxRatio": 0.0965165599,
        "incomeTaxExpense": 94100000,
        "netIncome": 119800000,
        "netIncomeRatio": 0.0540564931,
        "eps": 0.43,
        "epsdiluted": 0.43,
        "weightedAverageShsOut": 278487794,
        "weightedAverageShsOutDil": 279309309,
        "link": "https://www.sec.gov/Archives/edgar/data/4447/000095012397002524/0000950123-97-002524-index.html",
        "finalLink": "https://www.sec.gov/Archives/edgar/data/4447/"
    },
    {
        "date": "1996-09-30",
        "symbol": "HES",
        "reportedCurrency": "USD",
        "cik": "0000004447",
        "fillingDate": "1996-11-14",
        "acceptedDate": "1996-11-14 00:00:00",
        "calendarYear": "1996",
        "period": "Q3",
        "revenue": 1746600000,
        "costOfRevenue": 1349000000,
        "grossProfit": 397600000,
        "grossProfitRatio": 0.2276422764,
        "researchAndDevelopmentExpenses": 0,
        "generalAndAdministrativeExpenses": 149800000,
        "sellingAndMarketingExpenses": 0,
        "sellingGeneralAndAdministrativeExpenses": 149800000,
        "otherExpenses": 166700000,
        "operatingExpenses": 316500000,
        "costAndExpenses": 1665500000,
        "interestIncome": 0,
        "interestExpense": 0,
        "depreciationAndAmortization": 166700000,
        "ebitda": 247800000,
        "ebitdaratio": 0.1418756441,
        "operatingIncome": 81100000,
        "operatingIncomeRatio": 0.04643307,
        "totalOtherIncomeExpensesNet": 89600000,
        "incomeBeforeTax": 170700000,
        "incomeBeforeTaxRatio": 0.0977327379,
        "incomeTaxExpense": 72900000,
        "netIncome": 97800000,
        "netIncomeRatio": 0.0559945036,
        "eps": 0.35,
        "epsdiluted": 0.35,
        "weightedAverageShsOut": 279756757,
        "weightedAverageShsOutDil": 279756757,
        "link": "https://www.sec.gov/Archives/edgar/data/4447/000095012396006560/0000950123-96-006560-index.html",
        "finalLink": "https://www.sec.gov/Archives/edgar/data/4447/"
    },
    {
        "date": "1996-06-30",
        "symbol": "HES",
        "reportedCurrency": "USD",
        "cik": "0000004447",
        "fillingDate": "1996-08-13",
        "acceptedDate": "1996-08-13 00:00:00",
        "calendarYear": "1996",
        "period": "Q2",
        "revenue": 2094800000,
        "costOfRevenue": 1659000000,
        "grossProfit": 435800000,
        "grossProfitRatio": 0.2080389536,
        "researchAndDevelopmentExpenses": 0,
        "generalAndAdministrativeExpenses": 151600000,
        "sellingAndMarketingExpenses": 0,
        "sellingGeneralAndAdministrativeExpenses": 151600000,
        "otherExpenses": 183600000,
        "operatingExpenses": 335200000,
        "costAndExpenses": 1994200000,
        "interestIncome": 0,
        "interestExpense": 0,
        "depreciationAndAmortization": 183600000,
        "ebitda": 284200000,
        "ebitdaratio": 0.1356692763,
        "operatingIncome": 100600000,
        "operatingIncomeRatio": 0.0480236777,
        "totalOtherIncomeExpensesNet": 407100000,
        "incomeBeforeTax": 507700000,
        "incomeBeforeTaxRatio": 0.2423620393,
        "incomeTaxExpense": 131300000,
        "netIncome": 376400000,
        "netIncomeRatio": 0.1796830246,
        "eps": 1.35,
        "epsdiluted": 1.35,
        "weightedAverageShsOut": 279675676,
        "weightedAverageShsOutDil": 279675676,
        "link": "https://www.sec.gov/Archives/edgar/data/4447/000095012396004349/0000950123-96-004349-index.html",
        "finalLink": "https://www.sec.gov/Archives/edgar/data/4447/"
    },
    {
        "date": "1996-03-31",
        "symbol": "HES",
        "reportedCurrency": "USD",
        "cik": "0000004447",
        "fillingDate": "1996-05-14",
        "acceptedDate": "1996-05-14 00:00:00",
        "calendarYear": "1996",
        "period": "Q1",
        "revenue": 2214500000,
        "costOfRevenue": 1706600000,
        "grossProfit": 507900000,
        "grossProfitRatio": 0.2293519982,
        "researchAndDevelopmentExpenses": 0,
        "generalAndAdministrativeExpenses": 150100000,
        "sellingAndMarketingExpenses": 0,
        "sellingGeneralAndAdministrativeExpenses": 150100000,
        "otherExpenses": 201500000,
        "operatingExpenses": 351600000,
        "costAndExpenses": 2058200000,
        "interestIncome": 0,
        "interestExpense": 0,
        "depreciationAndAmortization": 201500000,
        "ebitda": 357800000,
        "ebitdaratio": 0.1615714608,
        "operatingIncome": 156300000,
        "operatingIncomeRatio": 0.0705802664,
        "totalOtherIncomeExpensesNet": -34800000,
        "incomeBeforeTax": 121500000,
        "incomeBeforeTaxRatio": 0.0548656582,
        "incomeTaxExpense": 55500000,
        "netIncome": 66000000,
        "netIncomeRatio": 0.0298035674,
        "eps": 0.24,
        "epsdiluted": 0.24,
        "weightedAverageShsOut": 279282282,
        "weightedAverageShsOutDil": 279282282,
        "link": "https://www.sec.gov/Archives/edgar/data/4447/000095012396002312/0000950123-96-002312-index.html",
        "finalLink": "https://www.sec.gov/Archives/edgar/data/4447/"
    },
    {
        "date": "1995-12-31",
        "symbol": "HES",
        "reportedCurrency": "USD",
        "cik": "0000004447",
        "fillingDate": "1996-03-27",
        "acceptedDate": "1996-03-27 00:00:00",
        "calendarYear": "1995",
        "period": "Q4",
        "revenue": 1994900000,
        "costOfRevenue": 1461400000,
        "grossProfit": 533500000,
        "grossProfitRatio": 0.2674319515,
        "researchAndDevelopmentExpenses": 0,
        "generalAndAdministrativeExpenses": 159900000,
        "sellingAndMarketingExpenses": 0,
        "sellingGeneralAndAdministrativeExpenses": 159900000,
        "otherExpenses": 275200000,
        "operatingExpenses": 435100000,
        "costAndExpenses": 1896500000,
        "interestIncome": 0,
        "interestExpense": 0,
        "depreciationAndAmortization": 244800000,
        "ebitda": 373600000,
        "ebitdaratio": 0.1872775578,
        "operatingIncome": 98400000,
        "operatingIncomeRatio": 0.0493257807,
        "totalOtherIncomeExpensesNet": -503900000,
        "incomeBeforeTax": -405500000,
        "incomeBeforeTaxRatio": -0.2032683343,
        "incomeTaxExpense": -130700000,
        "netIncome": -274800000,
        "netIncomeRatio": -0.1377512657,
        "eps": -0.98,
        "epsdiluted": -0.98,
        "weightedAverageShsOut": 279282282,
        "weightedAverageShsOutDil": 279282282,
        "link": "https://www.sec.gov/Archives/edgar/data/4447/000095012396001358/0000950123-96-001358-index.html",
        "finalLink": "https://www.sec.gov/Archives/edgar/data/4447/"
    },
    {
        "date": "1995-09-30",
        "symbol": "HES",
        "reportedCurrency": "USD",
        "cik": "0000004447",
        "fillingDate": "1995-11-14",
        "acceptedDate": "1995-11-14 00:00:00",
        "calendarYear": "1995",
        "period": "Q3",
        "revenue": 1641900000,
        "costOfRevenue": 1283300000,
        "grossProfit": 358600000,
        "grossProfitRatio": 0.2184055058,
        "researchAndDevelopmentExpenses": 0,
        "generalAndAdministrativeExpenses": 170600000,
        "sellingAndMarketingExpenses": 0,
        "sellingGeneralAndAdministrativeExpenses": 170600000,
        "otherExpenses": 207900000,
        "operatingExpenses": 378500000,
        "costAndExpenses": 1661800000,
        "interestIncome": 0,
        "interestExpense": 0,
        "depreciationAndAmortization": 218600000,
        "ebitda": 198700000,
        "ebitdaratio": 0.1210183324,
        "operatingIncome": -19900000,
        "operatingIncomeRatio": -0.0121201048,
        "totalOtherIncomeExpensesNet": -48300000,
        "incomeBeforeTax": -68200000,
        "incomeBeforeTaxRatio": -0.0415372434,
        "incomeTaxExpense": 36400000,
        "netIncome": -104600000,
        "netIncomeRatio": -0.0637066813,
        "eps": -0.37,
        "epsdiluted": -0.37,
        "weightedAverageShsOut": 279300300,
        "weightedAverageShsOutDil": 279300300,
        "link": "https://www.sec.gov/Archives/edgar/data/4447/000095012395003324/0000950123-95-003324-index.html",
        "finalLink": "https://www.sec.gov/Archives/edgar/data/4447/"
    },
    {
        "date": "1995-06-30",
        "symbol": "HES",
        "reportedCurrency": "USD",
        "cik": "0000004447",
        "fillingDate": "1995-08-14",
        "acceptedDate": "1995-08-14 00:00:00",
        "calendarYear": "1995",
        "period": "Q2",
        "revenue": 1773300000,
        "costOfRevenue": 1345100000,
        "grossProfit": 428200000,
        "grossProfitRatio": 0.2414707043,
        "researchAndDevelopmentExpenses": 0,
        "generalAndAdministrativeExpenses": 158800000,
        "sellingAndMarketingExpenses": 0,
        "sellingGeneralAndAdministrativeExpenses": 158800000,
        "otherExpenses": 202200000,
        "operatingExpenses": 361000000,
        "costAndExpenses": 1706100000,
        "interestIncome": 0,
        "interestExpense": 0,
        "depreciationAndAmortization": 211600000,
        "ebitda": 278800000,
        "ebitdaratio": 0.1572210004,
        "operatingIncome": 67200000,
        "operatingIncomeRatio": 0.0378954492,
        "totalOtherIncomeExpensesNet": -58300000,
        "incomeBeforeTax": 8900000,
        "incomeBeforeTaxRatio": 0.0050188913,
        "incomeTaxExpense": 49100000,
        "netIncome": -40200000,
        "netIncomeRatio": -0.0226695991,
        "eps": -0.14,
        "epsdiluted": -0.14,
        "weightedAverageShsOut": 279264264,
        "weightedAverageShsOutDil": 279264264,
        "link": "https://www.sec.gov/Archives/edgar/data/4447/000095012395002292/0000950123-95-002292-index.html",
        "finalLink": "https://www.sec.gov/Archives/edgar/data/4447/"
    },
    {
        "date": "1995-03-31",
        "symbol": "HES",
        "reportedCurrency": "USD",
        "cik": "0000004447",
        "fillingDate": "1995-05-12",
        "acceptedDate": "1995-05-12 00:00:00",
        "calendarYear": "1995",
        "period": "Q1",
        "revenue": 1892200000,
        "costOfRevenue": 1428600000,
        "grossProfit": 463600000,
        "grossProfitRatio": 0.2450058133,
        "researchAndDevelopmentExpenses": 0,
        "generalAndAdministrativeExpenses": 154500000,
        "sellingAndMarketingExpenses": 0,
        "sellingGeneralAndAdministrativeExpenses": 154500000,
        "otherExpenses": 207800000,
        "operatingExpenses": 362300000,
        "costAndExpenses": 1790900000,
        "interestIncome": 0,
        "interestExpense": 0,
        "depreciationAndAmortization": 218100000,
        "ebitda": 319400000,
        "ebitdaratio": 0.1687982243,
        "operatingIncome": 101300000,
        "operatingIncomeRatio": 0.0535355671,
        "totalOtherIncomeExpensesNet": 10900000,
        "incomeBeforeTax": 112200000,
        "incomeBeforeTaxRatio": 0.0592960575,
        "incomeTaxExpense": 87000000,
        "netIncome": 25200000,
        "netIncomeRatio": 0.0133178311,
        "eps": 0.0899,
        "epsdiluted": 0.0899,
        "weightedAverageShsOut": 279261261,
        "weightedAverageShsOutDil": 279261261,
        "link": "https://www.sec.gov/Archives/edgar/data/4447/000095012395001367/0000950123-95-001367-index.html",
        "finalLink": "https://www.sec.gov/Archives/edgar/data/4447/"
    },
    {
        "date": "1994-12-31",
        "symbol": "HES",
        "reportedCurrency": "USD",
        "cik": "0000004447",
        "fillingDate": "1995-03-30",
        "acceptedDate": "1995-03-30 00:00:00",
        "calendarYear": "1994",
        "period": "Q4",
        "revenue": 1762100000,
        "costOfRevenue": 1288400000,
        "grossProfit": 473700000,
        "grossProfitRatio": 0.2688269678,
        "researchAndDevelopmentExpenses": 0,
        "generalAndAdministrativeExpenses": 149500000,
        "sellingAndMarketingExpenses": 0,
        "sellingGeneralAndAdministrativeExpenses": 149500000,
        "otherExpenses": 219900000,
        "operatingExpenses": 369400000,
        "costAndExpenses": 1657800000,
        "interestIncome": 0,
        "interestExpense": 0,
        "depreciationAndAmortization": 231300000,
        "ebitda": 335600000,
        "ebitdaratio": 0.1904545713,
        "operatingIncome": 104300000,
        "operatingIncomeRatio": 0.0591907383,
        "totalOtherIncomeExpensesNet": -47700000,
        "incomeBeforeTax": 56600000,
        "incomeBeforeTaxRatio": 0.032120765,
        "incomeTaxExpense": 47900000,
        "netIncome": 8700000,
        "netIncomeRatio": 0.0049372907,
        "eps": 0.0312,
        "epsdiluted": 0.0312,
        "weightedAverageShsOut": 279261261,
        "weightedAverageShsOutDil": 279261261,
        "link": "https://www.sec.gov/Archives/edgar/data/4447/000095012395000819/0000950123-95-000819-index.html",
        "finalLink": "https://www.sec.gov/Archives/edgar/data/4447/"
    },
    {
        "date": "1994-09-30",
        "symbol": "HES",
        "reportedCurrency": "USD",
        "cik": "0000004447",
        "fillingDate": "1994-11-14",
        "acceptedDate": "1994-11-14 00:00:00",
        "calendarYear": "1994",
        "period": "Q3",
        "revenue": 1494000000,
        "costOfRevenue": 1086900000,
        "grossProfit": 407100000,
        "grossProfitRatio": 0.2724899598,
        "researchAndDevelopmentExpenses": 0,
        "generalAndAdministrativeExpenses": 144400000,
        "sellingAndMarketingExpenses": 0,
        "sellingGeneralAndAdministrativeExpenses": 144400000,
        "otherExpenses": 207700000,
        "operatingExpenses": 352100000,
        "costAndExpenses": 1439000000,
        "interestIncome": 0,
        "interestExpense": 0,
        "depreciationAndAmortization": 219000000,
        "ebitda": 274000000,
        "ebitdaratio": 0.1834002677,
        "operatingIncome": 55000000,
        "operatingIncomeRatio": 0.0368139224,
        "totalOtherIncomeExpensesNet": -22400000,
        "incomeBeforeTax": 32600000,
        "incomeBeforeTaxRatio": 0.0218206158,
        "incomeTaxExpense": 34500000,
        "netIncome": -1900000,
        "netIncomeRatio": -0.0012717537,
        "eps": -0.0068,
        "epsdiluted": -0.0068,
        "weightedAverageShsOut": 279261261,
        "weightedAverageShsOutDil": 279261261,
        "link": "https://www.sec.gov/Archives/edgar/data/4447/000095012394001853/0000950123-94-001853-index.html",
        "finalLink": "https://www.sec.gov/Archives/edgar/data/4447/"
    },
    {
        "date": "1994-06-30",
        "symbol": "HES",
        "reportedCurrency": "USD",
        "cik": "0000004447",
        "fillingDate": "1994-08-12",
        "acceptedDate": "1994-08-12 00:00:00",
        "calendarYear": "1994",
        "period": "Q2",
        "revenue": 1488200000,
        "costOfRevenue": 1058500000,
        "grossProfit": 429700000,
        "grossProfitRatio": 0.2887380728,
        "researchAndDevelopmentExpenses": 0,
        "generalAndAdministrativeExpenses": 139400000,
        "sellingAndMarketingExpenses": 0,
        "sellingGeneralAndAdministrativeExpenses": 139400000,
        "otherExpenses": 222200000,
        "operatingExpenses": 361600000,
        "costAndExpenses": 1420100000,
        "interestIncome": 0,
        "interestExpense": 0,
        "depreciationAndAmortization": 234900000,
        "ebitda": 303000000,
        "ebitdaratio": 0.2036016664,
        "operatingIncome": 68100000,
        "operatingIncomeRatio": 0.0457599785,
        "totalOtherIncomeExpensesNet": -64600000,
        "incomeBeforeTax": 3500000,
        "incomeBeforeTaxRatio": 0.0023518344,
        "incomeTaxExpense": 20200000,
        "netIncome": -16700000,
        "netIncomeRatio": -0.01122161,
        "eps": -0.0598,
        "epsdiluted": -0.0598,
        "weightedAverageShsOut": 279294294,
        "weightedAverageShsOutDil": 279294294,
        "link": "https://www.sec.gov/Archives/edgar/data/4447/000095012394001320/0000950123-94-001320-index.html",
        "finalLink": "https://www.sec.gov/Archives/edgar/data/4447/"
    },
    {
        "date": "1994-03-31",
        "symbol": "HES",
        "reportedCurrency": "USD",
        "cik": "0000004447",
        "fillingDate": "1994-05-12",
        "acceptedDate": "1994-05-12 00:00:00",
        "calendarYear": "1994",
        "period": "Q1",
        "revenue": 1857600000,
        "costOfRevenue": 1252700000,
        "grossProfit": 604900000,
        "grossProfitRatio": 0.3256352283,
        "researchAndDevelopmentExpenses": 0,
        "generalAndAdministrativeExpenses": 157400000,
        "sellingAndMarketingExpenses": 0,
        "sellingGeneralAndAdministrativeExpenses": 157400000,
        "otherExpenses": 242700000,
        "operatingExpenses": 400100000,
        "costAndExpenses": 1652800000,
        "interestIncome": 0,
        "interestExpense": 0,
        "depreciationAndAmortization": 242700000,
        "ebitda": 447500000,
        "ebitdaratio": 0.2409022394,
        "operatingIncome": 204800000,
        "operatingIncomeRatio": 0.1102497847,
        "totalOtherIncomeExpensesNet": -61600000,
        "incomeBeforeTax": 143200000,
        "incomeBeforeTaxRatio": 0.0770887166,
        "incomeTaxExpense": 59500000,
        "netIncome": 83700000,
        "netIncomeRatio": 0.0450581395,
        "eps": 0.3,
        "epsdiluted": 0.3,
        "weightedAverageShsOut": 278993994,
        "weightedAverageShsOutDil": 278993994,
        "link": "https://www.sec.gov/Archives/edgar/data/4447/000095012394000892/0000950123-94-000892-index.html",
        "finalLink": "https://www.sec.gov/Archives/edgar/data/4447/"
    },
    {
        "date": "1993-12-31",
        "symbol": "HES",
        "reportedCurrency": "USD",
        "cik": "0000004447",
        "fillingDate": "1994-03-29",
        "acceptedDate": "1994-03-29 00:00:00",
        "calendarYear": "1993",
        "period": "Q4",
        "revenue": 1630400000,
        "costOfRevenue": 1257600000,
        "grossProfit": 372800000,
        "grossProfitRatio": 0.2286555447,
        "researchAndDevelopmentExpenses": 0,
        "generalAndAdministrativeExpenses": 0,
        "sellingAndMarketingExpenses": 0,
        "sellingGeneralAndAdministrativeExpenses": 198400000,
        "otherExpenses": 271400000,
        "operatingExpenses": 469800000,
        "costAndExpenses": 1727400000,
        "interestIncome": 0,
        "interestExpense": 0,
        "depreciationAndAmortization": 271400000,
        "ebitda": 174400000,
        "ebitdaratio": 0.1069676153,
        "operatingIncome": -97000000,
        "operatingIncomeRatio": -0.0594946026,
        "totalOtherIncomeExpensesNet": -44900000,
        "incomeBeforeTax": -141900000,
        "incomeBeforeTaxRatio": -0.0870338567,
        "incomeTaxExpense": -8300000,
        "netIncome": -133600000,
        "netIncomeRatio": -0.0819430815,
        "eps": -0.49,
        "epsdiluted": -0.48,
        "weightedAverageShsOut": 270801907,
        "weightedAverageShsOutDil": 280280280,
        "link": "https://www.sec.gov/Archives/edgar/data/4447/000095012394000625/0000950123-94-000625-index.html",
        "finalLink": "https://www.sec.gov/Archives/edgar/data/4447/"
    },
    {
        "date": "1993-09-30",
        "symbol": "HES",
        "reportedCurrency": "USD",
        "cik": "0000004447",
        "fillingDate": "1993-09-30",
        "acceptedDate": "1993-09-30 00:00:00",
        "calendarYear": "1993",
        "period": "Q3",
        "revenue": 1245100000,
        "costOfRevenue": 878400000,
        "grossProfit": 366700000,
        "grossProfitRatio": 0.2945144968,
        "researchAndDevelopmentExpenses": 0,
        "generalAndAdministrativeExpenses": 0,
        "sellingAndMarketingExpenses": 0,
        "sellingGeneralAndAdministrativeExpenses": 155400000,
        "otherExpenses": 183500000,
        "operatingExpenses": 338900000,
        "costAndExpenses": 1217300000,
        "interestIncome": 0,
        "interestExpense": 0,
        "depreciationAndAmortization": 183500000,
        "ebitda": 211300000,
        "ebitdaratio": 0.1697052446,
        "operatingIncome": 27800000,
        "operatingIncomeRatio": 0.0223275239,
        "totalOtherIncomeExpensesNet": -35500000,
        "incomeBeforeTax": -7700000,
        "incomeBeforeTaxRatio": -0.0061842422,
        "incomeTaxExpense": 14700000,
        "netIncome": -22400000,
        "netIncomeRatio": -0.0179905228,
        "eps": -0.0799,
        "epsdiluted": -0.0799,
        "weightedAverageShsOut": 280280280,
        "weightedAverageShsOutDil": 280280280,
        "link": null,
        "finalLink": null
    },
    {
        "date": "1993-06-30",
        "symbol": "HES",
        "reportedCurrency": "USD",
        "cik": "0000004447",
        "fillingDate": "1993-06-30",
        "acceptedDate": "1993-06-30 00:00:00",
        "calendarYear": "1993",
        "period": "Q2",
        "revenue": 1410300000,
        "costOfRevenue": 1161000000,
        "grossProfit": 249300000,
        "grossProfitRatio": 0.1767708998,
        "researchAndDevelopmentExpenses": 0,
        "generalAndAdministrativeExpenses": 0,
        "sellingAndMarketingExpenses": 0,
        "sellingGeneralAndAdministrativeExpenses": 150400000,
        "otherExpenses": 184700000,
        "operatingExpenses": 335100000,
        "costAndExpenses": 1496100000,
        "interestIncome": 0,
        "interestExpense": 0,
        "depreciationAndAmortization": 184700000,
        "ebitda": 98900000,
        "ebitdaratio": 0.0701269233,
        "operatingIncome": -85800000,
        "operatingIncomeRatio": -0.0608381195,
        "totalOtherIncomeExpensesNet": -37900000,
        "incomeBeforeTax": -123700000,
        "incomeBeforeTaxRatio": -0.0877118344,
        "incomeTaxExpense": 21400000,
        "netIncome": -145100000,
        "netIncomeRatio": -0.1028859108,
        "eps": -0.52,
        "epsdiluted": -0.52,
        "weightedAverageShsOut": 277538685,
        "weightedAverageShsOutDil": 277538685,
        "link": null,
        "finalLink": null
    },
    {
        "date": "1993-03-31",
        "symbol": "HES",
        "reportedCurrency": "USD",
        "cik": "0000004447",
        "fillingDate": "1993-03-31",
        "acceptedDate": "1993-03-31 00:00:00",
        "calendarYear": "1993",
        "period": "Q1",
        "revenue": 1565800000,
        "costOfRevenue": 1165700000,
        "grossProfit": 400100000,
        "grossProfitRatio": 0.2555243326,
        "researchAndDevelopmentExpenses": 0,
        "generalAndAdministrativeExpenses": 0,
        "sellingAndMarketingExpenses": 0,
        "sellingGeneralAndAdministrativeExpenses": 148000000,
        "otherExpenses": 185100000,
        "operatingExpenses": 333100000,
        "costAndExpenses": 1498800000,
        "interestIncome": 0,
        "interestExpense": 0,
        "depreciationAndAmortization": 185100000,
        "ebitda": 252100000,
        "ebitdaratio": 0.1610039596,
        "operatingIncome": 67000000,
        "operatingIncomeRatio": 0.0427896283,
        "totalOtherIncomeExpensesNet": -17100000,
        "incomeBeforeTax": 49900000,
        "incomeBeforeTaxRatio": 0.0318686933,
        "incomeTaxExpense": 46400000,
        "netIncome": 33000000,
        "netIncomeRatio": 0.0210754886,
        "eps": 0.12,
        "epsdiluted": 0.12,
        "weightedAverageShsOut": 275275275,
        "weightedAverageShsOutDil": 275275275,
        "link": null,
        "finalLink": null
    },
    {
        "date": "1992-12-31",
        "symbol": "HES",
        "reportedCurrency": "USD",
        "cik": "0000004447",
        "fillingDate": "1992-12-31",
        "acceptedDate": "1992-12-31 00:00:00",
        "calendarYear": "1992",
        "period": "Q4",
        "revenue": 1575600000,
        "costOfRevenue": 1182200000,
        "grossProfit": 393400000,
        "grossProfitRatio": 0.2496826606,
        "researchAndDevelopmentExpenses": 0,
        "generalAndAdministrativeExpenses": 0,
        "sellingAndMarketingExpenses": 0,
        "sellingGeneralAndAdministrativeExpenses": 172900000,
        "otherExpenses": 188100000,
        "operatingExpenses": 361000000,
        "costAndExpenses": 1543200000,
        "interestIncome": 0,
        "interestExpense": 0,
        "depreciationAndAmortization": 188100000,
        "ebitda": 220500000,
        "ebitdaratio": 0.139946687,
        "operatingIncome": 32400000,
        "operatingIncomeRatio": 0.0205635948,
        "totalOtherIncomeExpensesNet": 11500000,
        "incomeBeforeTax": 43900000,
        "incomeBeforeTaxRatio": 0.0278624016,
        "incomeTaxExpense": 26000000,
        "netIncome": 17900000,
        "netIncomeRatio": 0.0113607515,
        "eps": 0.0754,
        "epsdiluted": 0.0754,
        "weightedAverageShsOut": 237510238,
        "weightedAverageShsOutDil": 237510238,
        "link": null,
        "finalLink": null
    },
    {
        "date": "1992-09-30",
        "symbol": "HES",
        "reportedCurrency": "USD",
        "cik": "0000004447",
        "fillingDate": "1992-09-30",
        "acceptedDate": "1992-09-30 00:00:00",
        "calendarYear": "1992",
        "period": "Q3",
        "revenue": 1411800000,
        "costOfRevenue": 975800000,
        "grossProfit": 436000000,
        "grossProfitRatio": 0.3088256127,
        "researchAndDevelopmentExpenses": 0,
        "generalAndAdministrativeExpenses": 0,
        "sellingAndMarketingExpenses": 0,
        "sellingGeneralAndAdministrativeExpenses": 161000000,
        "otherExpenses": 206700000,
        "operatingExpenses": 367700000,
        "costAndExpenses": 1343500000,
        "interestIncome": 0,
        "interestExpense": 0,
        "depreciationAndAmortization": 206700000,
        "ebitda": 275000000,
        "ebitdaratio": 0.194786797,
        "operatingIncome": 68300000,
        "operatingIncomeRatio": 0.0483779572,
        "totalOtherIncomeExpensesNet": -23700000,
        "incomeBeforeTax": 44600000,
        "incomeBeforeTaxRatio": 0.0315908769,
        "incomeTaxExpense": 35900000,
        "netIncome": 8700000,
        "netIncomeRatio": 0.0061623459,
        "eps": 0.0366,
        "epsdiluted": 0.0366,
        "weightedAverageShsOut": 237510238,
        "weightedAverageShsOutDil": 237510238,
        "link": null,
        "finalLink": null
    },
    {
        "date": "1992-06-30",
        "symbol": "HES",
        "reportedCurrency": "USD",
        "cik": "0000004447",
        "fillingDate": "1992-06-30",
        "acceptedDate": "1992-06-30 00:00:00",
        "calendarYear": "1992",
        "period": "Q2",
        "revenue": 1457700000,
        "costOfRevenue": 1020900000,
        "grossProfit": 436800000,
        "grossProfitRatio": 0.2996501338,
        "researchAndDevelopmentExpenses": 0,
        "generalAndAdministrativeExpenses": 0,
        "sellingAndMarketingExpenses": 0,
        "sellingGeneralAndAdministrativeExpenses": 159800000,
        "otherExpenses": 218400000,
        "operatingExpenses": 378200000,
        "costAndExpenses": 1399100000,
        "interestIncome": 0,
        "interestExpense": 0,
        "depreciationAndAmortization": 218500000,
        "ebitda": 277100000,
        "ebitdaratio": 0.1900939837,
        "operatingIncome": 58600000,
        "operatingIncomeRatio": 0.0402003156,
        "totalOtherIncomeExpensesNet": -17400000,
        "incomeBeforeTax": 41200000,
        "incomeBeforeTaxRatio": 0.0282637031,
        "incomeTaxExpense": 36800000,
        "netIncome": 4400000,
        "netIncomeRatio": 0.0030184537,
        "eps": 0.02,
        "epsdiluted": 0.02,
        "weightedAverageShsOut": 220220220,
        "weightedAverageShsOutDil": 220220220,
        "link": null,
        "finalLink": null
    },
    {
        "date": "1992-03-31",
        "symbol": "HES",
        "reportedCurrency": "USD",
        "cik": "0000004447",
        "fillingDate": "1992-03-31",
        "acceptedDate": "1992-03-31 00:00:00",
        "calendarYear": "1992",
        "period": "Q1",
        "revenue": 1429900000,
        "costOfRevenue": 1046000000,
        "grossProfit": 383900000,
        "grossProfitRatio": 0.2684803133,
        "researchAndDevelopmentExpenses": 0,
        "generalAndAdministrativeExpenses": 0,
        "sellingAndMarketingExpenses": 0,
        "sellingGeneralAndAdministrativeExpenses": 147700000,
        "otherExpenses": 220100000,
        "operatingExpenses": 367800000,
        "costAndExpenses": 1413800000,
        "interestIncome": 0,
        "interestExpense": 0,
        "depreciationAndAmortization": 220100000,
        "ebitda": 236200000,
        "ebitdaratio": 0.1651863767,
        "operatingIncome": 16100000,
        "operatingIncomeRatio": 0.0112595286,
        "totalOtherIncomeExpensesNet": -22300000,
        "incomeBeforeTax": -6200000,
        "incomeBeforeTaxRatio": -0.0043359676,
        "incomeTaxExpense": 17200000,
        "netIncome": -23400000,
        "netIncomeRatio": -0.0163647808,
        "eps": -0.0966,
        "epsdiluted": -0.0966,
        "weightedAverageShsOut": 242311277,
        "weightedAverageShsOutDil": 242311277,
        "link": null,
        "finalLink": null
    },
    {
        "date": "1991-12-31",
        "symbol": "HES",
        "reportedCurrency": "USD",
        "cik": "0000004447",
        "fillingDate": "1991-12-31",
        "acceptedDate": "1991-12-31 00:00:00",
        "calendarYear": "1991",
        "period": "Q4",
        "revenue": 1605800000,
        "costOfRevenue": 1198400000,
        "grossProfit": 407400000,
        "grossProfitRatio": 0.2537053182,
        "researchAndDevelopmentExpenses": 0,
        "generalAndAdministrativeExpenses": 0,
        "sellingAndMarketingExpenses": 0,
        "sellingGeneralAndAdministrativeExpenses": 192600000,
        "otherExpenses": 250500000,
        "operatingExpenses": 443100000,
        "costAndExpenses": 1641500000,
        "interestIncome": 0,
        "interestExpense": 0,
        "depreciationAndAmortization": 250500000,
        "ebitda": 214800000,
        "ebitdaratio": 0.1337651015,
        "operatingIncome": -35700000,
        "operatingIncomeRatio": -0.0222319093,
        "totalOtherIncomeExpensesNet": -31600000,
        "incomeBeforeTax": -67300000,
        "incomeBeforeTaxRatio": -0.0419105742,
        "incomeTaxExpense": -15700000,
        "netIncome": -51600000,
        "netIncomeRatio": -0.032133516,
        "eps": -0.21,
        "epsdiluted": -0.21,
        "weightedAverageShsOut": 250250250,
        "weightedAverageShsOutDil": 250250250,
        "link": null,
        "finalLink": null
    },
    {
        "date": "1991-09-30",
        "symbol": "HES",
        "reportedCurrency": "USD",
        "cik": "0000004447",
        "fillingDate": "1991-09-30",
        "acceptedDate": "1991-09-30 00:00:00",
        "calendarYear": "1991",
        "period": "Q3",
        "revenue": 1311400000,
        "costOfRevenue": 926200000,
        "grossProfit": 385200000,
        "grossProfitRatio": 0.2937318896,
        "researchAndDevelopmentExpenses": 0,
        "generalAndAdministrativeExpenses": 0,
        "sellingAndMarketingExpenses": 0,
        "sellingGeneralAndAdministrativeExpenses": 159000000,
        "otherExpenses": 186400000,
        "operatingExpenses": 345400000,
        "costAndExpenses": 1271600000,
        "interestIncome": 0,
        "interestExpense": 0,
        "depreciationAndAmortization": 186400000,
        "ebitda": 226200000,
        "ebitdaratio": 0.172487418,
        "operatingIncome": 39800000,
        "operatingIncomeRatio": 0.0303492451,
        "totalOtherIncomeExpensesNet": -26100000,
        "incomeBeforeTax": 13700000,
        "incomeBeforeTaxRatio": 0.0104468507,
        "incomeTaxExpense": 21200000,
        "netIncome": -7500000,
        "netIncomeRatio": -0.0057190788,
        "eps": -0.03,
        "epsdiluted": -0.03,
        "weightedAverageShsOut": 250250250,
        "weightedAverageShsOutDil": 250250250,
        "link": null,
        "finalLink": null
    },
    {
        "date": "1991-06-30",
        "symbol": "HES",
        "reportedCurrency": "USD",
        "cik": "0000004447",
        "fillingDate": "1991-06-30",
        "acceptedDate": "1991-06-30 00:00:00",
        "calendarYear": "1991",
        "period": "Q2",
        "revenue": 1391700000,
        "costOfRevenue": 1008000000,
        "grossProfit": 383700000,
        "grossProfitRatio": 0.2757059711,
        "researchAndDevelopmentExpenses": 0,
        "generalAndAdministrativeExpenses": 0,
        "sellingAndMarketingExpenses": 0,
        "sellingGeneralAndAdministrativeExpenses": 153600000,
        "otherExpenses": 188500000,
        "operatingExpenses": 342100000,
        "costAndExpenses": 1350100000,
        "interestIncome": 0,
        "interestExpense": 0,
        "depreciationAndAmortization": 188500000,
        "ebitda": 230100000,
        "ebitdaratio": 0.1653373572,
        "operatingIncome": 41600000,
        "operatingIncomeRatio": 0.0298914996,
        "totalOtherIncomeExpensesNet": 2300000,
        "incomeBeforeTax": 43900000,
        "incomeBeforeTaxRatio": 0.0315441546,
        "incomeTaxExpense": -23900000,
        "netIncome": 67800000,
        "netIncomeRatio": 0.048717396,
        "eps": 0.28,
        "epsdiluted": 0.28,
        "weightedAverageShsOut": 242385242,
        "weightedAverageShsOutDil": 242385242,
        "link": null,
        "finalLink": null
    },
    {
        "date": "1991-03-31",
        "symbol": "HES",
        "reportedCurrency": "USD",
        "cik": "0000004447",
        "fillingDate": "1991-03-31",
        "acceptedDate": "1991-03-31 00:00:00",
        "calendarYear": "1991",
        "period": "Q1",
        "revenue": 1957800000,
        "costOfRevenue": 1515600000,
        "grossProfit": 442200000,
        "grossProfitRatio": 0.2258657677,
        "researchAndDevelopmentExpenses": 0,
        "generalAndAdministrativeExpenses": 0,
        "sellingAndMarketingExpenses": 0,
        "sellingGeneralAndAdministrativeExpenses": 140100000,
        "otherExpenses": 203400000,
        "operatingExpenses": 343500000,
        "costAndExpenses": 1859100000,
        "interestIncome": 0,
        "interestExpense": 0,
        "depreciationAndAmortization": 203400000,
        "ebitda": 302100000,
        "ebitdaratio": 0.1543058535,
        "operatingIncome": 98700000,
        "operatingIncomeRatio": 0.0504137297,
        "totalOtherIncomeExpensesNet": 27300000,
        "incomeBeforeTax": 126000000,
        "incomeBeforeTaxRatio": 0.0643579528,
        "incomeTaxExpense": 50300000,
        "netIncome": 75700000,
        "netIncomeRatio": 0.0386658494,
        "eps": 0.31,
        "epsdiluted": 0.31,
        "weightedAverageShsOut": 244437986,
        "weightedAverageShsOutDil": 244437986,
        "link": null,
        "finalLink": null
    },
    {
        "date": "1990-12-31",
        "symbol": "HES",
        "reportedCurrency": "USD",
        "cik": "0000004447",
        "fillingDate": "1990-12-31",
        "acceptedDate": "1990-12-31 00:00:00",
        "calendarYear": "1990",
        "period": "Q4",
        "revenue": 2328500000,
        "costOfRevenue": 1697500000,
        "grossProfit": 631000000,
        "grossProfitRatio": 0.2709899077,
        "researchAndDevelopmentExpenses": 0,
        "generalAndAdministrativeExpenses": 0,
        "sellingAndMarketingExpenses": 0,
        "sellingGeneralAndAdministrativeExpenses": 163100000,
        "otherExpenses": 262300000,
        "operatingExpenses": 425400000,
        "costAndExpenses": 2122900000,
        "interestIncome": 0,
        "interestExpense": 0,
        "depreciationAndAmortization": 262300000,
        "ebitda": 467900000,
        "ebitdaratio": 0.2009448143,
        "operatingIncome": 205600000,
        "operatingIncomeRatio": 0.088297187,
        "totalOtherIncomeExpensesNet": 44500000,
        "incomeBeforeTax": 250100000,
        "incomeBeforeTaxRatio": 0.1074082027,
        "incomeTaxExpense": 14900000,
        "netIncome": 235200000,
        "netIncomeRatio": 0.1010092334,
        "eps": 0.97,
        "epsdiluted": 0.97,
        "weightedAverageShsOut": 239309819,
        "weightedAverageShsOutDil": 243017584,
        "link": null,
        "finalLink": null
    },
    {
        "date": "1990-09-30",
        "symbol": "HES",
        "reportedCurrency": "USD",
        "cik": "0000004447",
        "fillingDate": "1990-09-30",
        "acceptedDate": "1990-09-30 00:00:00",
        "calendarYear": "1990",
        "period": "Q3",
        "revenue": 1741900000,
        "costOfRevenue": 1025800000,
        "grossProfit": 716100000,
        "grossProfitRatio": 0.4111028188,
        "researchAndDevelopmentExpenses": 0,
        "generalAndAdministrativeExpenses": 0,
        "sellingAndMarketingExpenses": 0,
        "sellingGeneralAndAdministrativeExpenses": 149000000,
        "otherExpenses": 151700000,
        "operatingExpenses": 300700000,
        "costAndExpenses": 1326500000,
        "interestIncome": 0,
        "interestExpense": 0,
        "depreciationAndAmortization": 151700000,
        "ebitda": 567100000,
        "ebitdaratio": 0.3255640393,
        "operatingIncome": 415400000,
        "operatingIncomeRatio": 0.2384752282,
        "totalOtherIncomeExpensesNet": -46400000,
        "incomeBeforeTax": 369000000,
        "incomeBeforeTaxRatio": 0.2118376485,
        "incomeTaxExpense": 89000000,
        "netIncome": 280000000,
        "netIncomeRatio": 0.1607440152,
        "eps": 1.15,
        "epsdiluted": 1.15,
        "weightedAverageShsOut": 243017584,
        "weightedAverageShsOutDil": 243017584,
        "link": null,
        "finalLink": null
    },
    {
        "date": "1990-06-30",
        "symbol": "HES",
        "reportedCurrency": "USD",
        "cik": "0000004447",
        "fillingDate": "1990-06-30",
        "acceptedDate": "1990-06-30 00:00:00",
        "calendarYear": "1990",
        "period": "Q2",
        "revenue": 1222600000,
        "costOfRevenue": 967300000,
        "grossProfit": 255300000,
        "grossProfitRatio": 0.2088172747,
        "researchAndDevelopmentExpenses": 0,
        "generalAndAdministrativeExpenses": 0,
        "sellingAndMarketingExpenses": 0,
        "sellingGeneralAndAdministrativeExpenses": 128600000,
        "otherExpenses": 165200000,
        "operatingExpenses": 293800000,
        "costAndExpenses": 1261100000,
        "interestIncome": 0,
        "interestExpense": 0,
        "depreciationAndAmortization": 165200000,
        "ebitda": 126700000,
        "ebitdaratio": 0.1036316048,
        "operatingIncome": -38500000,
        "operatingIncomeRatio": -0.0314902666,
        "totalOtherIncomeExpensesNet": -41600000,
        "incomeBeforeTax": -80100000,
        "incomeBeforeTaxRatio": -0.0655161132,
        "incomeTaxExpense": -8000000,
        "netIncome": -72100000,
        "netIncomeRatio": -0.0589726812,
        "eps": -0.3,
        "epsdiluted": -0.3,
        "weightedAverageShsOut": 243276985,
        "weightedAverageShsOutDil": 243276985,
        "link": null,
        "finalLink": null
    },
    {
        "date": "1990-03-31",
        "symbol": "HES",
        "reportedCurrency": "USD",
        "cik": "0000004447",
        "fillingDate": "1990-03-31",
        "acceptedDate": "1990-03-31 00:00:00",
        "calendarYear": "1990",
        "period": "Q1",
        "revenue": 1654500000,
        "costOfRevenue": 1238200000,
        "grossProfit": 416300000,
        "grossProfitRatio": 0.2516168027,
        "researchAndDevelopmentExpenses": 0,
        "generalAndAdministrativeExpenses": 0,
        "sellingAndMarketingExpenses": 0,
        "sellingGeneralAndAdministrativeExpenses": 128500000,
        "otherExpenses": 164300000,
        "operatingExpenses": 292800000,
        "costAndExpenses": 1531000000,
        "interestIncome": 0,
        "interestExpense": 0,
        "depreciationAndAmortization": 164300000,
        "ebitda": 287800000,
        "ebitdaratio": 0.1739498338,
        "operatingIncome": 123500000,
        "operatingIncomeRatio": 0.0746449078,
        "totalOtherIncomeExpensesNet": -46900000,
        "incomeBeforeTax": 76600000,
        "incomeBeforeTaxRatio": 0.0462979752,
        "incomeTaxExpense": 36900000,
        "netIncome": 39700000,
        "netIncomeRatio": 0.0239951647,
        "eps": 0.16,
        "epsdiluted": 0.16,
        "weightedAverageShsOut": 243304529,
        "weightedAverageShsOutDil": 243304529,
        "link": null,
        "finalLink": null
    },
    {
        "date": "1989-12-31",
        "symbol": "HES",
        "reportedCurrency": "USD",
        "cik": "0000004447",
        "fillingDate": "1989-12-31",
        "acceptedDate": "1989-12-30 19:00:00",
        "calendarYear": "1989",
        "period": "Q4",
        "revenue": 1447100000,
        "costOfRevenue": 0,
        "grossProfit": 1447100000,
        "grossProfitRatio": 1,
        "researchAndDevelopmentExpenses": 0,
        "generalAndAdministrativeExpenses": 0,
        "sellingAndMarketingExpenses": 0,
        "sellingGeneralAndAdministrativeExpenses": 0,
        "otherExpenses": -4971100000,
        "operatingExpenses": -4971100000,
        "costAndExpenses": -4971100000,
        "interestIncome": 0,
        "interestExpense": 0,
        "depreciationAndAmortization": 0,
        "ebitda": -3524000000,
        "ebitdaratio": -2.4352152581,
        "operatingIncome": -3524000000,
        "operatingIncomeRatio": -2.4352152581,
        "totalOtherIncomeExpensesNet": 3524000000,
        "incomeBeforeTax": 0,
        "incomeBeforeTaxRatio": 0,
        "incomeTaxExpense": 0,
        "netIncome": 70800000,
        "netIncomeRatio": 0.0489254371,
        "eps": 0.2917726841,
        "epsdiluted": 0.2903247255,
        "weightedAverageShsOut": 242654655,
        "weightedAverageShsOutDil": 243864865,
        "link": "",
        "finalLink": ""
    },
    {
        "date": "1989-09-30",
        "symbol": "HES",
        "reportedCurrency": "USD",
        "cik": "0000004447",
        "fillingDate": "1989-09-30",
        "acceptedDate": "1989-09-29 20:00:00",
        "calendarYear": "1989",
        "period": "Q3",
        "revenue": 1183100000,
        "costOfRevenue": 0,
        "grossProfit": 1183100000,
        "grossProfitRatio": 1,
        "researchAndDevelopmentExpenses": 0,
        "generalAndAdministrativeExpenses": 0,
        "sellingAndMarketingExpenses": 0,
        "sellingGeneralAndAdministrativeExpenses": 0,
        "otherExpenses": 0,
        "operatingExpenses": 0,
        "costAndExpenses": 0,
        "interestIncome": 0,
        "interestExpense": 0,
        "depreciationAndAmortization": 0,
        "ebitda": 1183100000,
        "ebitdaratio": 1,
        "operatingIncome": 1183100000,
        "operatingIncomeRatio": 1,
        "totalOtherIncomeExpensesNet": -1183100000,
        "incomeBeforeTax": 0,
        "incomeBeforeTaxRatio": 0,
        "incomeTaxExpense": 0,
        "netIncome": 51800000,
        "netIncomeRatio": 0.0437832812,
        "eps": 0.2124127229,
        "epsdiluted": 0.2124127229,
        "weightedAverageShsOut": 243864865,
        "weightedAverageShsOutDil": 243864865,
        "link": "",
        "finalLink": ""
    },
    {
        "date": "1989-06-30",
        "symbol": "HES",
        "reportedCurrency": "USD",
        "cik": "0000004447",
        "fillingDate": "1989-06-30",
        "acceptedDate": "1989-06-29 20:00:00",
        "calendarYear": "1989",
        "period": "Q2",
        "revenue": 1452200000,
        "costOfRevenue": 0,
        "grossProfit": 1452200000,
        "grossProfitRatio": 1,
        "researchAndDevelopmentExpenses": 0,
        "generalAndAdministrativeExpenses": 0,
        "sellingAndMarketingExpenses": 0,
        "sellingGeneralAndAdministrativeExpenses": 0,
        "otherExpenses": 0,
        "operatingExpenses": 0,
        "costAndExpenses": 0,
        "interestIncome": 0,
        "interestExpense": 0,
        "depreciationAndAmortization": 0,
        "ebitda": 1452200000,
        "ebitdaratio": 1,
        "operatingIncome": 1452200000,
        "operatingIncomeRatio": 1,
        "totalOtherIncomeExpensesNet": -1452200000,
        "incomeBeforeTax": 0,
        "incomeBeforeTaxRatio": 0,
        "incomeTaxExpense": 0,
        "netIncome": 133500000,
        "netIncomeRatio": 0.0919294863,
        "eps": 0.5493487717,
        "epsdiluted": 0.5493487717,
        "weightedAverageShsOut": 243015015,
        "weightedAverageShsOutDil": 243015015,
        "link": "",
        "finalLink": ""
    },
    {
        "date": "1989-03-31",
        "symbol": "HES",
        "reportedCurrency": "USD",
        "cik": "0000004447",
        "fillingDate": "1989-03-31",
        "acceptedDate": "1989-03-30 19:00:00",
        "calendarYear": "1989",
        "period": "Q1",
        "revenue": 1458400000,
        "costOfRevenue": 0,
        "grossProfit": 1458400000,
        "grossProfitRatio": 1,
        "researchAndDevelopmentExpenses": 0,
        "generalAndAdministrativeExpenses": 0,
        "sellingAndMarketingExpenses": 0,
        "sellingGeneralAndAdministrativeExpenses": 0,
        "otherExpenses": 0,
        "operatingExpenses": 0,
        "costAndExpenses": 0,
        "interestIncome": 0,
        "interestExpense": 0,
        "depreciationAndAmortization": 0,
        "ebitda": 1458400000,
        "ebitdaratio": 1,
        "operatingIncome": 1458400000,
        "operatingIncomeRatio": 1,
        "totalOtherIncomeExpensesNet": -1458400000,
        "incomeBeforeTax": 0,
        "incomeBeforeTaxRatio": 0,
        "incomeTaxExpense": 0,
        "netIncome": 220200000,
        "netIncomeRatio": 0.1509873834,
        "eps": 0.8944995432,
        "epsdiluted": 0.8944995432,
        "weightedAverageShsOut": 246171171,
        "weightedAverageShsOutDil": 246171171,
        "link": "",
        "finalLink": ""
    },
    {
        "date": "1988-12-31",
        "symbol": "HES",
        "reportedCurrency": "USD",
        "cik": "0000004447",
        "fillingDate": "1988-12-31",
        "acceptedDate": "1988-12-30 19:00:00",
        "calendarYear": "1988",
        "period": "Q4",
        "revenue": 1170400000,
        "costOfRevenue": 0,
        "grossProfit": 1170400000,
        "grossProfitRatio": 1,
        "researchAndDevelopmentExpenses": 0,
        "generalAndAdministrativeExpenses": 0,
        "sellingAndMarketingExpenses": 0,
        "sellingGeneralAndAdministrativeExpenses": 0,
        "otherExpenses": -3968300000,
        "operatingExpenses": -3968300000,
        "costAndExpenses": -3968300000,
        "interestIncome": 0,
        "interestExpense": 0,
        "depreciationAndAmortization": 0,
        "ebitda": -2797900000,
        "ebitdaratio": -2.3905502392,
        "operatingIncome": -2797900000,
        "operatingIncomeRatio": -2.3905502392,
        "totalOtherIncomeExpensesNet": 2797900000,
        "incomeBeforeTax": 0,
        "incomeBeforeTaxRatio": 0,
        "incomeTaxExpense": 0,
        "netIncome": 66300000,
        "netIncomeRatio": 0.0566473001,
        "eps": 0.2693116532,
        "epsdiluted": 0.2691409349,
        "weightedAverageShsOut": 246183183,
        "weightedAverageShsOutDil": 246339339,
        "link": "",
        "finalLink": ""
    },
    {
        "date": "1988-09-30",
        "symbol": "HES",
        "reportedCurrency": "USD",
        "cik": "0000004447",
        "fillingDate": "1988-09-30",
        "acceptedDate": "1988-09-29 20:00:00",
        "calendarYear": "1988",
        "period": "Q3",
        "revenue": 921500000,
        "costOfRevenue": 0,
        "grossProfit": 921500000,
        "grossProfitRatio": 1,
        "researchAndDevelopmentExpenses": 0,
        "generalAndAdministrativeExpenses": 0,
        "sellingAndMarketingExpenses": 0,
        "sellingGeneralAndAdministrativeExpenses": 0,
        "otherExpenses": 0,
        "operatingExpenses": 0,
        "costAndExpenses": 0,
        "interestIncome": 0,
        "interestExpense": 0,
        "depreciationAndAmortization": 0,
        "ebitda": 921500000,
        "ebitdaratio": 1,
        "operatingIncome": 921500000,
        "operatingIncomeRatio": 1,
        "totalOtherIncomeExpensesNet": -921500000,
        "incomeBeforeTax": 0,
        "incomeBeforeTaxRatio": 0,
        "incomeTaxExpense": 0,
        "netIncome": 15800000,
        "netIncomeRatio": 0.0171459577,
        "eps": 0.064139167,
        "epsdiluted": 0.064139167,
        "weightedAverageShsOut": 246339339,
        "weightedAverageShsOutDil": 246339339,
        "link": "",
        "finalLink": ""
    },
    {
        "date": "1988-06-30",
        "symbol": "HES",
        "reportedCurrency": "USD",
        "cik": "0000004447",
        "fillingDate": "1988-06-30",
        "acceptedDate": "1988-06-29 20:00:00",
        "calendarYear": "1988",
        "period": "Q2",
        "revenue": 876100000,
        "costOfRevenue": 0,
        "grossProfit": 876100000,
        "grossProfitRatio": 1,
        "researchAndDevelopmentExpenses": 0,
        "generalAndAdministrativeExpenses": 0,
        "sellingAndMarketingExpenses": 0,
        "sellingGeneralAndAdministrativeExpenses": 0,
        "otherExpenses": 0,
        "operatingExpenses": 0,
        "costAndExpenses": 0,
        "interestIncome": 0,
        "interestExpense": 0,
        "depreciationAndAmortization": 0,
        "ebitda": 876100000,
        "ebitdaratio": 1,
        "operatingIncome": 876100000,
        "operatingIncomeRatio": 1,
        "totalOtherIncomeExpensesNet": -876100000,
        "incomeBeforeTax": 0,
        "incomeBeforeTaxRatio": 0,
        "incomeTaxExpense": 0,
        "netIncome": -23500000,
        "netIncomeRatio": -0.026823422,
        "eps": -0.0953701223,
        "epsdiluted": -0.0953701223,
        "weightedAverageShsOut": 246408408,
        "weightedAverageShsOutDil": 246408408,
        "link": "",
        "finalLink": ""
    },
    {
        "date": "1988-03-31",
        "symbol": "HES",
        "reportedCurrency": "USD",
        "cik": "0000004447",
        "fillingDate": "1988-03-31",
        "acceptedDate": "1988-03-30 19:00:00",
        "calendarYear": "1988",
        "period": "Q1",
        "revenue": 1238000000,
        "costOfRevenue": 0,
        "grossProfit": 1238000000,
        "grossProfitRatio": 1,
        "researchAndDevelopmentExpenses": 0,
        "generalAndAdministrativeExpenses": 0,
        "sellingAndMarketingExpenses": 0,
        "sellingGeneralAndAdministrativeExpenses": 0,
        "otherExpenses": 0,
        "operatingExpenses": 0,
        "costAndExpenses": 0,
        "interestIncome": 0,
        "interestExpense": 0,
        "depreciationAndAmortization": 0,
        "ebitda": 1238000000,
        "ebitdaratio": 1,
        "operatingIncome": 1238000000,
        "operatingIncomeRatio": 1,
        "totalOtherIncomeExpensesNet": -1238000000,
        "incomeBeforeTax": 0,
        "incomeBeforeTaxRatio": 0,
        "incomeTaxExpense": 0,
        "netIncome": 65600000,
        "netIncomeRatio": 0.0529886914,
        "eps": 0.2598529731,
        "epsdiluted": 0.2598529731,
        "weightedAverageShsOut": 252450450,
        "weightedAverageShsOutDil": 252450450,
        "link": "",
        "finalLink": ""
    },
    {
        "date": "1987-12-31",
        "symbol": "HES",
        "reportedCurrency": "USD",
        "cik": "0000004447",
        "fillingDate": "1987-12-31",
        "acceptedDate": "1987-12-30 19:00:00",
        "calendarYear": "1987",
        "period": "Q4",
        "revenue": 1241000000,
        "costOfRevenue": 0,
        "grossProfit": 1241000000,
        "grossProfitRatio": 1,
        "researchAndDevelopmentExpenses": 0,
        "generalAndAdministrativeExpenses": 0,
        "sellingAndMarketingExpenses": 0,
        "sellingGeneralAndAdministrativeExpenses": 0,
        "otherExpenses": -4315900000,
        "operatingExpenses": -4315900000,
        "costAndExpenses": -4315900000,
        "interestIncome": 0,
        "interestExpense": 0,
        "depreciationAndAmortization": 0,
        "ebitda": -3074900000,
        "ebitdaratio": -2.4777598711,
        "operatingIncome": -3074900000,
        "operatingIncomeRatio": -2.4777598711,
        "totalOtherIncomeExpensesNet": 3074900000,
        "incomeBeforeTax": 0,
        "incomeBeforeTaxRatio": 0,
        "incomeTaxExpense": 0,
        "netIncome": -79100000,
        "netIncomeRatio": -0.0637389202,
        "eps": -0.3208749034,
        "epsdiluted": -0.3120740729,
        "weightedAverageShsOut": 246513514,
        "weightedAverageShsOutDil": 253465465,
        "link": "",
        "finalLink": ""
    },
    {
        "date": "1987-09-30",
        "symbol": "HES",
        "reportedCurrency": "USD",
        "cik": "0000004447",
        "fillingDate": "1987-09-30",
        "acceptedDate": "1987-09-29 20:00:00",
        "calendarYear": "1987",
        "period": "Q3",
        "revenue": 1104700000,
        "costOfRevenue": 0,
        "grossProfit": 1104700000,
        "grossProfitRatio": 1,
        "researchAndDevelopmentExpenses": 0,
        "generalAndAdministrativeExpenses": 0,
        "sellingAndMarketingExpenses": 0,
        "sellingGeneralAndAdministrativeExpenses": 0,
        "otherExpenses": 0,
        "operatingExpenses": 0,
        "costAndExpenses": 0,
        "interestIncome": 0,
        "interestExpense": 0,
        "depreciationAndAmortization": 0,
        "ebitda": 1104700000,
        "ebitdaratio": 1,
        "operatingIncome": 1104700000,
        "operatingIncomeRatio": 1,
        "totalOtherIncomeExpensesNet": -1104700000,
        "incomeBeforeTax": 0,
        "incomeBeforeTaxRatio": 0,
        "incomeTaxExpense": 0,
        "netIncome": 39000000,
        "netIncomeRatio": 0.0353037024,
        "eps": 0.1538671156,
        "epsdiluted": 0.1538671156,
        "weightedAverageShsOut": 253465465,
        "weightedAverageShsOutDil": 253465465,
        "link": "",
        "finalLink": ""
    },
    {
        "date": "1987-06-30",
        "symbol": "HES",
        "reportedCurrency": "USD",
        "cik": "0000004447",
        "fillingDate": "1987-06-30",
        "acceptedDate": "1987-06-29 20:00:00",
        "calendarYear": "1987",
        "period": "Q2",
        "revenue": 1137900000,
        "costOfRevenue": 0,
        "grossProfit": 1137900000,
        "grossProfitRatio": 1,
        "researchAndDevelopmentExpenses": 0,
        "generalAndAdministrativeExpenses": 0,
        "sellingAndMarketingExpenses": 0,
        "sellingGeneralAndAdministrativeExpenses": 0,
        "otherExpenses": 0,
        "operatingExpenses": 0,
        "costAndExpenses": 0,
        "interestIncome": 0,
        "interestExpense": 0,
        "depreciationAndAmortization": 0,
        "ebitda": 1137900000,
        "ebitdaratio": 1,
        "operatingIncome": 1137900000,
        "operatingIncomeRatio": 1,
        "totalOtherIncomeExpensesNet": -1137900000,
        "incomeBeforeTax": 0,
        "incomeBeforeTaxRatio": 0,
        "incomeTaxExpense": 0,
        "netIncome": 89000000,
        "netIncomeRatio": 0.0782142543,
        "eps": 0.3565782344,
        "epsdiluted": 0.3565782344,
        "weightedAverageShsOut": 249594595,
        "weightedAverageShsOutDil": 249594595,
        "link": "",
        "finalLink": ""
    },
    {
        "date": "1987-03-31",
        "symbol": "HES",
        "reportedCurrency": "USD",
        "cik": "0000004447",
        "fillingDate": "1987-03-31",
        "acceptedDate": "1987-03-30 19:00:00",
        "calendarYear": "1987",
        "period": "Q1",
        "revenue": 1222900000,
        "costOfRevenue": 0,
        "grossProfit": 1222900000,
        "grossProfitRatio": 1,
        "researchAndDevelopmentExpenses": 0,
        "generalAndAdministrativeExpenses": 0,
        "sellingAndMarketingExpenses": 0,
        "sellingGeneralAndAdministrativeExpenses": 0,
        "otherExpenses": 0,
        "operatingExpenses": 0,
        "costAndExpenses": 0,
        "interestIncome": 0,
        "interestExpense": 0,
        "depreciationAndAmortization": 0,
        "ebitda": 1222900000,
        "ebitdaratio": 1,
        "operatingIncome": 1222900000,
        "operatingIncomeRatio": 1,
        "totalOtherIncomeExpensesNet": -1222900000,
        "incomeBeforeTax": 0,
        "incomeBeforeTaxRatio": 0,
        "incomeTaxExpense": 0,
        "netIncome": 181000000,
        "netIncomeRatio": 0.1480088315,
        "eps": 0.7256299448,
        "epsdiluted": 0.7256299448,
        "weightedAverageShsOut": 249438438,
        "weightedAverageShsOutDil": 249438438,
        "link": "",
        "finalLink": ""
    },
    {
        "date": "1986-12-31",
        "symbol": "HES",
        "reportedCurrency": "USD",
        "cik": "0000004447",
        "fillingDate": "1986-12-31",
        "acceptedDate": "1986-12-30 19:00:00",
        "calendarYear": "1986",
        "period": "Q4",
        "revenue": 875900000,
        "costOfRevenue": 0,
        "grossProfit": 875900000,
        "grossProfitRatio": 1,
        "researchAndDevelopmentExpenses": 0,
        "generalAndAdministrativeExpenses": 0,
        "sellingAndMarketingExpenses": 0,
        "sellingGeneralAndAdministrativeExpenses": 0,
        "otherExpenses": -4001800000,
        "operatingExpenses": -4001800000,
        "costAndExpenses": -4001800000,
        "interestIncome": 0,
        "interestExpense": 0,
        "depreciationAndAmortization": 0,
        "ebitda": -3125900000,
        "ebitdaratio": -3.5687863911,
        "operatingIncome": -3125900000,
        "operatingIncomeRatio": -3.5687863911,
        "totalOtherIncomeExpensesNet": 3125900000,
        "incomeBeforeTax": 0,
        "incomeBeforeTaxRatio": 0,
        "incomeTaxExpense": 0,
        "netIncome": 58400000,
        "netIncomeRatio": 0.0666742779,
        "eps": 0.2340949038,
        "epsdiluted": 0.2340949038,
        "weightedAverageShsOut": 249471471,
        "weightedAverageShsOutDil": 249471471,
        "link": "",
        "finalLink": ""
    },
    {
        "date": "1986-09-30",
        "symbol": "HES",
        "reportedCurrency": "USD",
        "cik": "0000004447",
        "fillingDate": "1986-09-30",
        "acceptedDate": "1986-09-29 20:00:00",
        "calendarYear": "1986",
        "period": "Q3",
        "revenue": 780000000,
        "costOfRevenue": 0,
        "grossProfit": 780000000,
        "grossProfitRatio": 1,
        "researchAndDevelopmentExpenses": 0,
        "generalAndAdministrativeExpenses": 0,
        "sellingAndMarketingExpenses": 0,
        "sellingGeneralAndAdministrativeExpenses": 0,
        "otherExpenses": 0,
        "operatingExpenses": 0,
        "costAndExpenses": 0,
        "interestIncome": 0,
        "interestExpense": 0,
        "depreciationAndAmortization": 0,
        "ebitda": 780000000,
        "ebitdaratio": 1,
        "operatingIncome": 780000000,
        "operatingIncomeRatio": 1,
        "totalOtherIncomeExpensesNet": -780000000,
        "incomeBeforeTax": 0,
        "incomeBeforeTaxRatio": 0,
        "incomeTaxExpense": 0,
        "netIncome": 41900000,
        "netIncomeRatio": 0.0537179487,
        "eps": 0.1679550765,
        "epsdiluted": 0.1679550765,
        "weightedAverageShsOut": 249471471,
        "weightedAverageShsOutDil": 249471471,
        "link": "",
        "finalLink": ""
    },
    {
        "date": "1986-06-30",
        "symbol": "HES",
        "reportedCurrency": "USD",
        "cik": "0000004447",
        "fillingDate": "1986-06-30",
        "acceptedDate": "1986-06-29 20:00:00",
        "calendarYear": "1986",
        "period": "Q2",
        "revenue": 927100000,
        "costOfRevenue": 0,
        "grossProfit": 927100000,
        "grossProfitRatio": 1,
        "researchAndDevelopmentExpenses": 0,
        "generalAndAdministrativeExpenses": 0,
        "sellingAndMarketingExpenses": 0,
        "sellingGeneralAndAdministrativeExpenses": 0,
        "otherExpenses": 0,
        "operatingExpenses": 0,
        "costAndExpenses": 0,
        "interestIncome": 0,
        "interestExpense": 0,
        "depreciationAndAmortization": 0,
        "ebitda": 927100000,
        "ebitdaratio": 1,
        "operatingIncome": 927100000,
        "operatingIncomeRatio": 1,
        "totalOtherIncomeExpensesNet": -927100000,
        "incomeBeforeTax": 0,
        "incomeBeforeTaxRatio": 0,
        "incomeTaxExpense": 0,
        "netIncome": 19700000,
        "netIncomeRatio": 0.0212490562,
        "eps": 0.0789669453,
        "epsdiluted": 0.0789669453,
        "weightedAverageShsOut": 249471471,
        "weightedAverageShsOutDil": 249471471,
        "link": "",
        "finalLink": ""
    },
    {
        "date": "1986-03-31",
        "symbol": "HES",
        "reportedCurrency": "USD",
        "cik": "0000004447",
        "fillingDate": "1986-03-31",
        "acceptedDate": "1986-03-30 19:00:00",
        "calendarYear": "1986",
        "period": "Q1",
        "revenue": 1431600000,
        "costOfRevenue": 0,
        "grossProfit": 1431600000,
        "grossProfitRatio": 1,
        "researchAndDevelopmentExpenses": 0,
        "generalAndAdministrativeExpenses": 0,
        "sellingAndMarketingExpenses": 0,
        "sellingGeneralAndAdministrativeExpenses": 0,
        "otherExpenses": 0,
        "operatingExpenses": 0,
        "costAndExpenses": 0,
        "interestIncome": 0,
        "interestExpense": 0,
        "depreciationAndAmortization": 0,
        "ebitda": 1431600000,
        "ebitdaratio": 1,
        "operatingIncome": 1431600000,
        "operatingIncomeRatio": 1,
        "totalOtherIncomeExpensesNet": -1431600000,
        "incomeBeforeTax": 0,
        "incomeBeforeTaxRatio": 0,
        "incomeTaxExpense": 0,
        "netIncome": -339300000,
        "netIncomeRatio": -0.237007544,
        "eps": -1.3617965755,
        "epsdiluted": -1.3617965755,
        "weightedAverageShsOut": 249156156,
        "weightedAverageShsOutDil": 249156156,
        "link": "",
        "finalLink": ""
    },
    {
        "date": "1985-12-31",
        "symbol": "HES",
        "reportedCurrency": "USD",
        "cik": "0000004447",
        "fillingDate": "1985-12-31",
        "acceptedDate": "1985-12-30 19:00:00",
        "calendarYear": "1985",
        "period": "Q4",
        "revenue": 1956100000,
        "costOfRevenue": 0,
        "grossProfit": 1956100000,
        "grossProfitRatio": 1,
        "researchAndDevelopmentExpenses": 0,
        "generalAndAdministrativeExpenses": 0,
        "sellingAndMarketingExpenses": 0,
        "sellingGeneralAndAdministrativeExpenses": 0,
        "otherExpenses": -6733000000,
        "operatingExpenses": -6733000000,
        "costAndExpenses": -6733000000,
        "interestIncome": 0,
        "interestExpense": 0,
        "depreciationAndAmortization": 0,
        "ebitda": -4776900000,
        "ebitdaratio": -2.4420530648,
        "operatingIncome": -4776900000,
        "operatingIncomeRatio": -2.4420530648,
        "totalOtherIncomeExpensesNet": 4776900000,
        "incomeBeforeTax": 0,
        "incomeBeforeTaxRatio": 0,
        "incomeTaxExpense": 0,
        "netIncome": -365800000,
        "netIncomeRatio": -0.1870047544,
        "eps": -1.4691117409,
        "epsdiluted": -1.4691117409,
        "weightedAverageShsOut": 248993994,
        "weightedAverageShsOutDil": 248993994,
        "link": "",
        "finalLink": ""
    },
    {
        "date": "1985-09-30",
        "symbol": "HES",
        "reportedCurrency": "USD",
        "cik": "0000004447",
        "fillingDate": "1985-09-30",
        "acceptedDate": "1985-09-29 20:00:00",
        "calendarYear": "1985",
        "period": "Q3",
        "revenue": 1792000000,
        "costOfRevenue": 0,
        "grossProfit": 1792000000,
        "grossProfitRatio": 1,
        "researchAndDevelopmentExpenses": 0,
        "generalAndAdministrativeExpenses": 0,
        "sellingAndMarketingExpenses": 0,
        "sellingGeneralAndAdministrativeExpenses": 0,
        "otherExpenses": 0,
        "operatingExpenses": 0,
        "costAndExpenses": 0,
        "interestIncome": 0,
        "interestExpense": 0,
        "depreciationAndAmortization": 0,
        "ebitda": 1792000000,
        "ebitdaratio": 1,
        "operatingIncome": 1792000000,
        "operatingIncomeRatio": 1,
        "totalOtherIncomeExpensesNet": -1792000000,
        "incomeBeforeTax": 0,
        "incomeBeforeTaxRatio": 0,
        "incomeTaxExpense": 0,
        "netIncome": 36400000,
        "netIncomeRatio": 0.0203125,
        "eps": 0.1461882651,
        "epsdiluted": 0.1461882651,
        "weightedAverageShsOut": 248993994,
        "weightedAverageShsOutDil": 248993994,
        "link": "",
        "finalLink": ""
    }
]