[
    {
        "date": "2021-12-31",
        "symbol": "HFC",
        "reportedCurrency": "USD",
        "cik": "0000048039",
        "fillingDate": "2022-02-23",
        "acceptedDate": "2022-02-23 11:48:49",
        "calendarYear": "2021",
        "period": "Q4",
        "revenue": 5622667000,
        "costOfRevenue": 5101097000,
        "grossProfit": 521570000,
        "grossProfitRatio": 0.0927620291,
        "researchAndDevelopmentExpenses": 0,
        "generalAndAdministrativeExpenses": 0,
        "sellingAndMarketingExpenses": 0,
        "sellingGeneralAndAdministrativeExpenses": 111225000,
        "otherExpenses": 430858000,
        "operatingExpenses": 542083000,
        "costAndExpenses": 5643180000,
        "interestIncome": 941000,
        "interestExpense": 30955000,
        "depreciationAndAmortization": 134198000,
        "ebitda": 99577000,
        "ebitdaratio": 0.0177099231,
        "operatingIncome": -34621000,
        "operatingIncomeRatio": -0.0061573983,
        "totalOtherIncomeExpensesNet": -8529000,
        "incomeBeforeTax": -43150000,
        "incomeBeforeTaxRatio": -0.0076742941,
        "incomeTaxExpense": -26046000,
        "netIncome": -17104000,
        "netIncomeRatio": -0.0030419728,
        "eps": -0.11,
        "epsdiluted": -0.11,
        "weightedAverageShsOut": 162721000,
        "weightedAverageShsOutDil": 162721000,
        "link": "https://www.sec.gov/Archives/edgar/data/48039/000004803922000014/0000048039-22-000014-index.htm",
        "finalLink": "https://www.sec.gov/Archives/edgar/data/48039/000004803922000014/hfc-20211231.htm"
    },
    {
        "date": "2021-09-30",
        "symbol": "HFC",
        "reportedCurrency": "USD",
        "cik": "0000048039",
        "fillingDate": "2021-11-03",
        "acceptedDate": "2021-11-03 11:51:43",
        "calendarYear": "2021",
        "period": "Q3",
        "revenue": 4685059000,
        "costOfRevenue": 3944078000,
        "grossProfit": 740981000,
        "grossProfitRatio": 0.1581583071,
        "researchAndDevelopmentExpenses": 0,
        "generalAndAdministrativeExpenses": 0,
        "sellingAndMarketingExpenses": 0,
        "sellingGeneralAndAdministrativeExpenses": 91056000,
        "otherExpenses": 352520000,
        "operatingExpenses": 443576000,
        "costAndExpenses": 4387654000,
        "interestIncome": 1018000,
        "interestExpense": 26892000,
        "depreciationAndAmortization": 121220000,
        "ebitda": 483665000,
        "ebitdaratio": 0.1032356263,
        "operatingIncome": 362445000,
        "operatingIncomeRatio": 0.0773618859,
        "totalOtherIncomeExpensesNet": -4938000,
        "incomeBeforeTax": 357507000,
        "incomeBeforeTaxRatio": 0.0763078971,
        "incomeTaxExpense": 54766000,
        "netIncome": 302741000,
        "netIncomeRatio": 0.0646183965,
        "eps": 1.86,
        "epsdiluted": 1.86,
        "weightedAverageShsOut": 162551000,
        "weightedAverageShsOutDil": 162551000,
        "link": "https://www.sec.gov/Archives/edgar/data/48039/000004803921000085/0000048039-21-000085-index.htm",
        "finalLink": "https://www.sec.gov/Archives/edgar/data/48039/000004803921000085/hfc-20210930.htm"
    },
    {
        "date": "2021-06-30",
        "symbol": "HFC",
        "reportedCurrency": "USD",
        "cik": "0000048039",
        "fillingDate": "2021-08-06",
        "acceptedDate": "2021-08-06 09:43:46",
        "calendarYear": "2021",
        "period": "Q2",
        "revenue": 4577123000,
        "costOfRevenue": 3830946000,
        "grossProfit": 746177000,
        "grossProfitRatio": 0.1630231479,
        "researchAndDevelopmentExpenses": 0,
        "generalAndAdministrativeExpenses": 0,
        "sellingAndMarketingExpenses": 0,
        "sellingGeneralAndAdministrativeExpenses": 77754000,
        "otherExpenses": 334191000,
        "operatingExpenses": 411945000,
        "costAndExpenses": 4242891000,
        "interestIncome": 1029000,
        "interestExpense": 28942000,
        "depreciationAndAmortization": 124042000,
        "ebitda": 445319000,
        "ebitdaratio": 0.0972923384,
        "operatingIncome": 321277000,
        "operatingIncomeRatio": 0.0701919088,
        "totalOtherIncomeExpensesNet": -3025000,
        "incomeBeforeTax": 318252000,
        "incomeBeforeTaxRatio": 0.0695310133,
        "incomeTaxExpense": 123485000,
        "netIncome": 194767000,
        "netIncomeRatio": 0.0425522757,
        "eps": 1.2,
        "epsdiluted": 1.2,
        "weightedAverageShsOut": 162523000,
        "weightedAverageShsOutDil": 162523000,
        "link": "https://www.sec.gov/Archives/edgar/data/48039/000004803921000060/0000048039-21-000060-index.htm",
        "finalLink": "https://www.sec.gov/Archives/edgar/data/48039/000004803921000060/hfc-20210630.htm"
    },
    {
        "date": "2021-03-31",
        "symbol": "HFC",
        "reportedCurrency": "USD",
        "cik": "0000048039",
        "fillingDate": "2021-05-05",
        "acceptedDate": "2021-05-05 12:06:53",
        "calendarYear": "2021",
        "period": "Q1",
        "revenue": 3504293000,
        "costOfRevenue": 2884347000,
        "grossProfit": 619946000,
        "grossProfitRatio": 0.1769104353,
        "researchAndDevelopmentExpenses": 0,
        "generalAndAdministrativeExpenses": 0,
        "sellingAndMarketingExpenses": 0,
        "sellingGeneralAndAdministrativeExpenses": 81975000,
        "otherExpenses": 399909000,
        "operatingExpenses": 481884000,
        "costAndExpenses": 3366231000,
        "interestIncome": 1031000,
        "interestExpense": 38386000,
        "depreciationAndAmortization": 124079000,
        "ebitda": 282375000,
        "ebitdaratio": 0.0805797346,
        "operatingIncome": 158296000,
        "operatingIncomeRatio": 0.0451720219,
        "totalOtherIncomeExpensesNet": -3753000,
        "incomeBeforeTax": 154543000,
        "incomeBeforeTaxRatio": 0.0441010498,
        "incomeTaxExpense": -28307000,
        "netIncome": 182850000,
        "netIncomeRatio": 0.052178856,
        "eps": 1.13,
        "epsdiluted": 1.13,
        "weightedAverageShsOut": 162479000,
        "weightedAverageShsOutDil": 162479000,
        "link": "https://www.sec.gov/Archives/edgar/data/48039/000004803921000032/0000048039-21-000032-index.htm",
        "finalLink": "https://www.sec.gov/Archives/edgar/data/48039/000004803921000032/hfc-20210331.htm"
    },
    {
        "date": "2020-12-31",
        "symbol": "HFC",
        "reportedCurrency": "USD",
        "cik": "0000048039",
        "fillingDate": "2021-02-24",
        "acceptedDate": "2021-02-24 11:49:05",
        "calendarYear": "2020",
        "period": "Q4",
        "revenue": 2900768000,
        "costOfRevenue": 2486512000,
        "grossProfit": 414256000,
        "grossProfitRatio": 0.1428090768,
        "researchAndDevelopmentExpenses": 0,
        "generalAndAdministrativeExpenses": 0,
        "sellingAndMarketingExpenses": 0,
        "sellingGeneralAndAdministrativeExpenses": 76041000,
        "otherExpenses": 336077000,
        "operatingExpenses": 412118000,
        "costAndExpenses": 2898630000,
        "interestIncome": 1043000,
        "interestExpense": 40604000,
        "depreciationAndAmortization": 124879000,
        "ebitda": 4093000,
        "ebitdaratio": 0.0014110056,
        "operatingIncome": -120786000,
        "operatingIncomeRatio": -0.0416393176,
        "totalOtherIncomeExpensesNet": -17408000,
        "incomeBeforeTax": -138194000,
        "incomeBeforeTaxRatio": -0.0476404869,
        "incomeTaxExpense": -43643000,
        "netIncome": -94551000,
        "netIncomeRatio": -0.032595161,
        "eps": -0.58,
        "epsdiluted": -0.58,
        "weightedAverageShsOut": 162151000,
        "weightedAverageShsOutDil": 162151000,
        "link": "https://www.sec.gov/Archives/edgar/data/48039/000004803921000012/0000048039-21-000012-index.htm",
        "finalLink": "https://www.sec.gov/Archives/edgar/data/48039/000004803921000012/hfc-20201231.htm"
    },
    {
        "date": "2020-09-30",
        "symbol": "HFC",
        "reportedCurrency": "USD",
        "cik": "0000048039",
        "fillingDate": "2020-11-05",
        "acceptedDate": "2020-11-05 08:40:41",
        "calendarYear": "2020",
        "period": "Q3",
        "revenue": 2819400000,
        "costOfRevenue": 2439669000,
        "grossProfit": 379731000,
        "grossProfitRatio": 0.1346850394,
        "researchAndDevelopmentExpenses": 0,
        "generalAndAdministrativeExpenses": 0,
        "sellingAndMarketingExpenses": 0,
        "sellingGeneralAndAdministrativeExpenses": 74453000,
        "otherExpenses": 332496000,
        "operatingExpenses": 406949000,
        "costAndExpenses": 2846618000,
        "interestIncome": 1011000,
        "interestExpense": 30589000,
        "depreciationAndAmortization": 125280000,
        "ebitda": 158041000,
        "ebitdaratio": 0.0560548344,
        "operatingIncome": 32761000,
        "operatingIncomeRatio": 0.0116198482,
        "totalOtherIncomeExpensesNet": -4843000,
        "incomeBeforeTax": 27918000,
        "incomeBeforeTaxRatio": 0.0099021068,
        "incomeTaxExpense": 4573000,
        "netIncome": 23345000,
        "netIncomeRatio": 0.0082801305,
        "eps": 0.14,
        "epsdiluted": 0.14,
        "weightedAverageShsOut": 162015000,
        "weightedAverageShsOutDil": 162015000,
        "link": "https://www.sec.gov/Archives/edgar/data/48039/000004803920000106/0000048039-20-000106-index.htm",
        "finalLink": "https://www.sec.gov/Archives/edgar/data/48039/000004803920000106/hfc-20200930.htm"
    },
    {
        "date": "2020-06-30",
        "symbol": "HFC",
        "reportedCurrency": "USD",
        "cik": "0000048039",
        "fillingDate": "2020-08-06",
        "acceptedDate": "2020-08-06 10:31:08",
        "calendarYear": "2020",
        "period": "Q2",
        "revenue": 2062930000,
        "costOfRevenue": 1437270000,
        "grossProfit": 625660000,
        "grossProfitRatio": 0.3032870723,
        "researchAndDevelopmentExpenses": 0,
        "generalAndAdministrativeExpenses": 0,
        "sellingAndMarketingExpenses": 0,
        "sellingGeneralAndAdministrativeExpenses": 75369000,
        "otherExpenses": 303359000,
        "operatingExpenses": 378728000,
        "costAndExpenses": 1815998000,
        "interestIncome": 1506000,
        "interestExpense": 32695000,
        "depreciationAndAmortization": 130178000,
        "ebitda": -44715000,
        "ebitdaratio": -0.021675481,
        "operatingIncome": -174893000,
        "operatingIncomeRatio": -0.0847789309,
        "totalOtherIncomeExpensesNet": -6425000,
        "incomeBeforeTax": -181318000,
        "incomeBeforeTaxRatio": -0.0878934331,
        "incomeTaxExpense": -30911000,
        "netIncome": -150407000,
        "netIncomeRatio": -0.0729094056,
        "eps": -0.93,
        "epsdiluted": -0.93,
        "weightedAverageShsOut": 161889000,
        "weightedAverageShsOutDil": 161889000,
        "link": "https://www.sec.gov/Archives/edgar/data/48039/000004803920000079/0000048039-20-000079-index.htm",
        "finalLink": "https://www.sec.gov/Archives/edgar/data/48039/000004803920000079/hfc6-30x202010q.htm"
    },
    {
        "date": "2020-03-31",
        "symbol": "HFC",
        "reportedCurrency": "USD",
        "cik": "0000048039",
        "fillingDate": "2020-05-07",
        "acceptedDate": "2020-05-07 11:50:57",
        "calendarYear": "2020",
        "period": "Q1",
        "revenue": 3400545000,
        "costOfRevenue": 3254190000,
        "grossProfit": 146355000,
        "grossProfitRatio": 0.0430386894,
        "researchAndDevelopmentExpenses": 0,
        "generalAndAdministrativeExpenses": 87737000,
        "sellingAndMarketingExpenses": 0,
        "sellingGeneralAndAdministrativeExpenses": 87737000,
        "otherExpenses": 468920000,
        "operatingExpenses": 556657000,
        "costAndExpenses": 3810847000,
        "interestIncome": 4073000,
        "interestExpense": 22639000,
        "depreciationAndAmortization": 140575000,
        "ebitda": -303575000,
        "ebitdaratio": -0.0892724549,
        "operatingIncome": -444150000,
        "operatingIncomeRatio": -0.1306114167,
        "totalOtherIncomeExpensesNet": -11302000,
        "incomeBeforeTax": -455452000,
        "incomeBeforeTaxRatio": -0.1339350016,
        "incomeTaxExpense": -162166000,
        "netIncome": -293286000,
        "netIncomeRatio": -0.0862467634,
        "eps": -1.81,
        "epsdiluted": -1.81,
        "weightedAverageShsOut": 161873000,
        "weightedAverageShsOutDil": 161873000,
        "link": "https://www.sec.gov/Archives/edgar/data/48039/000004803920000033/0000048039-20-000033-index.htm",
        "finalLink": "https://www.sec.gov/Archives/edgar/data/48039/000004803920000015/hfc12-31x201910k.htm"
    },
    {
        "date": "2019-12-31",
        "symbol": "HFC",
        "reportedCurrency": "USD",
        "cik": "0000048039",
        "fillingDate": "2020-02-20",
        "acceptedDate": "2020-02-20 12:31:29",
        "calendarYear": "2019",
        "period": "Q4",
        "revenue": 4381888000,
        "costOfRevenue": 3641236000,
        "grossProfit": 740652000,
        "grossProfitRatio": 0.1690257715,
        "researchAndDevelopmentExpenses": 0,
        "generalAndAdministrativeExpenses": 93259000,
        "sellingAndMarketingExpenses": 0,
        "sellingGeneralAndAdministrativeExpenses": 93259000,
        "otherExpenses": 518210000,
        "operatingExpenses": 611469000,
        "costAndExpenses": 4252705000,
        "interestIncome": 5012000,
        "interestExpense": 36383000,
        "depreciationAndAmortization": 134580000,
        "ebitda": 250858000,
        "ebitdaratio": 0.0572488389,
        "operatingIncome": 116278000,
        "operatingIncomeRatio": 0.0265360502,
        "totalOtherIncomeExpensesNet": -15919000,
        "incomeBeforeTax": 100359000,
        "incomeBeforeTaxRatio": 0.0229031413,
        "incomeTaxExpense": 19290000,
        "netIncome": 81069000,
        "netIncomeRatio": 0.0185009293,
        "eps": 0.5,
        "epsdiluted": 0.5,
        "weightedAverageShsOut": 161398000,
        "weightedAverageShsOutDil": 162898000,
        "link": "https://www.sec.gov/Archives/edgar/data/48039/000004803920000015/0000048039-20-000015-index.htm",
        "finalLink": "https://www.sec.gov/Archives/edgar/data/48039/000004803920000015/hfc12-31x201910k.htm"
    },
    {
        "date": "2019-09-30",
        "symbol": "HFC",
        "reportedCurrency": "USD",
        "cik": "0000048039",
        "fillingDate": "2019-10-31",
        "acceptedDate": "2019-10-31 11:53:58",
        "calendarYear": "2019",
        "period": "Q3",
        "revenue": 4424828000,
        "costOfRevenue": 3437829000,
        "grossProfit": 986999000,
        "grossProfitRatio": 0.2230592918,
        "researchAndDevelopmentExpenses": 0,
        "generalAndAdministrativeExpenses": 87626000,
        "sellingAndMarketingExpenses": 0,
        "sellingGeneralAndAdministrativeExpenses": 87626000,
        "otherExpenses": 472594000,
        "operatingExpenses": 560220000,
        "costAndExpenses": 3998049000,
        "interestIncome": 6164000,
        "interestExpense": 36027000,
        "depreciationAndAmortization": 127016000,
        "ebitda": 527877000,
        "ebitdaratio": 0.1192988744,
        "operatingIncome": 400861000,
        "operatingIncomeRatio": 0.0905935779,
        "totalOtherIncomeExpensesNet": 140000,
        "incomeBeforeTax": 401001000,
        "incomeBeforeTaxRatio": 0.0906252175,
        "incomeTaxExpense": 103021000,
        "netIncome": 297980000,
        "netIncomeRatio": 0.0673427306,
        "eps": 1.82,
        "epsdiluted": 1.81,
        "weightedAverageShsOut": 163676000,
        "weightedAverageShsOutDil": 165011000,
        "link": "https://www.sec.gov/Archives/edgar/data/48039/000004803919000058/0000048039-19-000058-index.htm",
        "finalLink": "https://www.sec.gov/Archives/edgar/data/48039/000004803919000058/hfc9-30x201910q.htm"
    },
    {
        "date": "2019-06-30",
        "symbol": "HFC",
        "reportedCurrency": "USD",
        "cik": "0000048039",
        "fillingDate": "2019-08-01",
        "acceptedDate": "2019-08-01 09:13:57",
        "calendarYear": "2019",
        "period": "Q2",
        "revenue": 4782615000,
        "costOfRevenue": 3752685000,
        "grossProfit": 1029930000,
        "grossProfitRatio": 0.2153487161,
        "researchAndDevelopmentExpenses": 0,
        "generalAndAdministrativeExpenses": 85317000,
        "sellingAndMarketingExpenses": 0,
        "sellingGeneralAndAdministrativeExpenses": 85317000,
        "otherExpenses": 460160000,
        "operatingExpenses": 545477000,
        "costAndExpenses": 4298162000,
        "interestIncome": 4588000,
        "interestExpense": 34264000,
        "depreciationAndAmortization": 126908000,
        "ebitda": 447423000,
        "ebitdaratio": 0.0935519585,
        "operatingIncome": 320515000,
        "operatingIncomeRatio": 0.0670166844,
        "totalOtherIncomeExpensesNet": -14362000,
        "incomeBeforeTax": 306153000,
        "incomeBeforeTaxRatio": 0.0640137247,
        "incomeTaxExpense": 89336000,
        "netIncome": 216817000,
        "netIncomeRatio": 0.0453344039,
        "eps": 1.28,
        "epsdiluted": 1.27,
        "weightedAverageShsOut": 169356000,
        "weightedAverageShsOutDil": 170547000,
        "link": "https://www.sec.gov/Archives/edgar/data/48039/000004803919000046/0000048039-19-000046-index.htm",
        "finalLink": "https://www.sec.gov/Archives/edgar/data/48039/000004803919000046/hfc6-30x201910q.htm"
    },
    {
        "date": "2019-03-31",
        "symbol": "HFC",
        "reportedCurrency": "USD",
        "cik": "0000048039",
        "fillingDate": "2019-05-02",
        "acceptedDate": "2019-05-02 13:05:16",
        "calendarYear": "2019",
        "period": "Q1",
        "revenue": 3897247000,
        "costOfRevenue": 2966859000,
        "grossProfit": 930388000,
        "grossProfitRatio": 0.2387295442,
        "researchAndDevelopmentExpenses": 0,
        "generalAndAdministrativeExpenses": 88034000,
        "sellingAndMarketingExpenses": 0,
        "sellingGeneralAndAdministrativeExpenses": 88034000,
        "otherExpenses": 453013000,
        "operatingExpenses": 541047000,
        "costAndExpenses": 3507906000,
        "interestIncome": 6375000,
        "interestExpense": 36647000,
        "depreciationAndAmortization": 121421000,
        "ebitda": 498628000,
        "ebitdaratio": 0.1279436484,
        "operatingIncome": 377207000,
        "operatingIncomeRatio": 0.096788066,
        "totalOtherIncomeExpensesNet": -13216000,
        "incomeBeforeTax": 363991000,
        "incomeBeforeTaxRatio": 0.0933969543,
        "incomeTaxExpense": 87505000,
        "netIncome": 276486000,
        "netIncomeRatio": 0.0709439253,
        "eps": 1.62,
        "epsdiluted": 1.61,
        "weightedAverageShsOut": 170851000,
        "weightedAverageShsOutDil": 172239000,
        "link": "https://www.sec.gov/Archives/edgar/data/48039/000004803919000026/0000048039-19-000026-index.htm",
        "finalLink": "https://www.sec.gov/Archives/edgar/data/48039/000004803919000012/hfc12-31x201810k.htm"
    },
    {
        "date": "2018-12-31",
        "symbol": "HFC",
        "reportedCurrency": "USD",
        "cik": "0000048039",
        "fillingDate": "2019-02-20",
        "acceptedDate": "2019-02-20 12:16:00",
        "calendarYear": "2018",
        "period": "Q4",
        "revenue": 4344204000,
        "costOfRevenue": 3574739000,
        "grossProfit": 769465000,
        "grossProfitRatio": 0.1771245089,
        "researchAndDevelopmentExpenses": 0,
        "generalAndAdministrativeExpenses": 85955000,
        "sellingAndMarketingExpenses": 0,
        "sellingGeneralAndAdministrativeExpenses": 85955000,
        "otherExpenses": 465858000,
        "operatingExpenses": 551813000,
        "costAndExpenses": 4126552000,
        "interestIncome": 6232000,
        "interestExpense": 33917000,
        "depreciationAndAmortization": 113719000,
        "ebitda": 318033000,
        "ebitdaratio": 0.0732085786,
        "operatingIncome": 204314000,
        "operatingIncomeRatio": 0.0470314009,
        "totalOtherIncomeExpensesNet": -12496000,
        "incomeBeforeTax": 191818000,
        "incomeBeforeTaxRatio": 0.0441549246,
        "incomeTaxExpense": 28501000,
        "netIncome": 163317000,
        "netIncomeRatio": 0.037594229,
        "eps": 0.95,
        "epsdiluted": 0.94,
        "weightedAverageShsOut": 172485000,
        "weightedAverageShsOutDil": 174259000,
        "link": "https://www.sec.gov/Archives/edgar/data/48039/000004803919000012/0000048039-19-000012-index.htm",
        "finalLink": "https://www.sec.gov/Archives/edgar/data/48039/000004803919000012/hfc12-31x201810k.htm"
    },
    {
        "date": "2018-09-30",
        "symbol": "HFC",
        "reportedCurrency": "USD",
        "cik": "0000048039",
        "fillingDate": "2018-10-31",
        "acceptedDate": "2018-10-31 12:29:12",
        "calendarYear": "2018",
        "period": "Q3",
        "revenue": 4770799000,
        "costOfRevenue": 3770071000,
        "grossProfit": 1000728000,
        "grossProfitRatio": 0.2097610903,
        "researchAndDevelopmentExpenses": 0,
        "generalAndAdministrativeExpenses": 71130000,
        "sellingAndMarketingExpenses": 0,
        "sellingGeneralAndAdministrativeExpenses": 71130000,
        "otherExpenses": 426081000,
        "operatingExpenses": 497211000,
        "costAndExpenses": 4267282000,
        "interestIncome": 5136000,
        "interestExpense": 32399000,
        "depreciationAndAmortization": 108885000,
        "ebitda": 600008000,
        "ebitdaratio": 0.1257667741,
        "operatingIncome": 491123000,
        "operatingIncomeRatio": 0.1029435531,
        "totalOtherIncomeExpensesNet": -12733000,
        "incomeBeforeTax": 478390000,
        "incomeBeforeTaxRatio": 0.1002746081,
        "incomeTaxExpense": 116258000,
        "netIncome": 362132000,
        "netIncomeRatio": 0.0759059436,
        "eps": 2.07,
        "epsdiluted": 2.05,
        "weightedAverageShsOut": 175097000,
        "weightedAverageShsOutDil": 176927000,
        "link": "https://www.sec.gov/Archives/edgar/data/48039/000004803918000068/0000048039-18-000068-index.htm",
        "finalLink": "https://www.sec.gov/Archives/edgar/data/48039/000004803918000068/hfc9-30x201810q.htm"
    },
    {
        "date": "2018-06-30",
        "symbol": "HFC",
        "reportedCurrency": "USD",
        "cik": "0000048039",
        "fillingDate": "2018-08-02",
        "acceptedDate": "2018-08-02 11:27:45",
        "calendarYear": "2018",
        "period": "Q2",
        "revenue": 4471236000,
        "costOfRevenue": 3488990000,
        "grossProfit": 982246000,
        "grossProfitRatio": 0.2196810904,
        "researchAndDevelopmentExpenses": 0,
        "generalAndAdministrativeExpenses": 68675000,
        "sellingAndMarketingExpenses": 0,
        "sellingGeneralAndAdministrativeExpenses": 68675000,
        "otherExpenses": 406594000,
        "operatingExpenses": 475269000,
        "costAndExpenses": 3964259000,
        "interestIncome": 2934000,
        "interestExpense": 32324000,
        "depreciationAndAmortization": 110379000,
        "ebitda": 605657000,
        "ebitdaratio": 0.135456281,
        "operatingIncome": 495278000,
        "operatingIncomeRatio": 0.1107698185,
        "totalOtherIncomeExpensesNet": -14918000,
        "incomeBeforeTax": 480360000,
        "incomeBeforeTaxRatio": 0.1074333808,
        "incomeTaxExpense": 117447000,
        "netIncome": 362913000,
        "netIncomeRatio": 0.0811661473,
        "eps": 2.06,
        "epsdiluted": 2.04,
        "weightedAverageShsOut": 175899000,
        "weightedAverageShsOutDil": 177586000,
        "link": "https://www.sec.gov/Archives/edgar/data/48039/000004803918000057/0000048039-18-000057-index.htm",
        "finalLink": "https://www.sec.gov/Archives/edgar/data/48039/000004803918000057/hfc6-30x201810q.htm"
    },
    {
        "date": "2018-03-31",
        "symbol": "HFC",
        "reportedCurrency": "USD",
        "cik": "0000048039",
        "fillingDate": "2018-05-02",
        "acceptedDate": "2018-05-02 12:05:21",
        "calendarYear": "2018",
        "period": "Q1",
        "revenue": 4128427000,
        "costOfRevenue": 3243287000,
        "grossProfit": 885140000,
        "grossProfitRatio": 0.214401272,
        "researchAndDevelopmentExpenses": 0,
        "generalAndAdministrativeExpenses": 64664000,
        "sellingAndMarketingExpenses": 0,
        "sellingGeneralAndAdministrativeExpenses": 64664000,
        "otherExpenses": 424629000,
        "operatingExpenses": 489293000,
        "costAndExpenses": 3732580000,
        "interestIncome": 2590000,
        "interestExpense": 32723000,
        "depreciationAndAmortization": 104341000,
        "ebitda": 490192000,
        "ebitdaratio": 0.11873578,
        "operatingIncome": 385851000,
        "operatingIncomeRatio": 0.0934619893,
        "totalOtherIncomeExpensesNet": -11952000,
        "incomeBeforeTax": 373899000,
        "incomeBeforeTaxRatio": 0.0905669399,
        "incomeTaxExpense": 85037000,
        "netIncome": 288862000,
        "netIncomeRatio": 0.0699690221,
        "eps": 1.64,
        "epsdiluted": 1.62,
        "weightedAverageShsOut": 176617000,
        "weightedAverageShsOutDil": 177954000,
        "link": "https://www.sec.gov/Archives/edgar/data/48039/000004803918000036/0000048039-18-000036-index.htm",
        "finalLink": "https://www.sec.gov/Archives/edgar/data/48039/000004803918000012/hfc12-31x201710k.htm"
    },
    {
        "date": "2017-12-31",
        "symbol": "HFC",
        "reportedCurrency": "USD",
        "cik": "0000048039",
        "fillingDate": "2018-02-21",
        "acceptedDate": "2018-02-21 12:30:39",
        "calendarYear": "2017",
        "period": "Q4",
        "revenue": 3992705000,
        "costOfRevenue": 3091310000,
        "grossProfit": 901395000,
        "grossProfitRatio": 0.2257604807,
        "researchAndDevelopmentExpenses": 0,
        "generalAndAdministrativeExpenses": 80215000,
        "sellingAndMarketingExpenses": 0,
        "sellingGeneralAndAdministrativeExpenses": 80215000,
        "otherExpenses": 455528000,
        "operatingExpenses": 535743000,
        "costAndExpenses": 3627053000,
        "interestIncome": 1667000,
        "interestExpense": 32063000,
        "depreciationAndAmortization": 105731000,
        "ebitda": 472904000,
        "ebitdaratio": 0.1184420086,
        "operatingIncome": 367173000,
        "operatingIncomeRatio": 0.0919609638,
        "totalOtherIncomeExpensesNet": 4089000,
        "incomeBeforeTax": 371262000,
        "incomeBeforeTaxRatio": 0.0929850815,
        "incomeTaxExpense": -185972000,
        "netIncome": 557234000,
        "netIncomeRatio": 0.1395630281,
        "eps": 3.16,
        "epsdiluted": 3.14,
        "weightedAverageShsOut": 176265000,
        "weightedAverageShsOutDil": 177457000,
        "link": "https://www.sec.gov/Archives/edgar/data/48039/000004803918000012/0000048039-18-000012-index.htm",
        "finalLink": "https://www.sec.gov/Archives/edgar/data/48039/000004803918000012/hfc12-31x201710k.htm"
    },
    {
        "date": "2017-09-30",
        "symbol": "HFC",
        "reportedCurrency": "USD",
        "cik": "0000048039",
        "fillingDate": "2017-11-02",
        "acceptedDate": "2017-11-02 08:51:32",
        "calendarYear": "2017",
        "period": "Q3",
        "revenue": 3719247000,
        "costOfRevenue": 2777402000,
        "grossProfit": 941845000,
        "grossProfitRatio": 0.2532353995,
        "researchAndDevelopmentExpenses": 0,
        "generalAndAdministrativeExpenses": 68013000,
        "sellingAndMarketingExpenses": 0,
        "sellingGeneralAndAdministrativeExpenses": 68013000,
        "otherExpenses": 424552000,
        "operatingExpenses": 492565000,
        "costAndExpenses": 3269967000,
        "interestIncome": 1074000,
        "interestExpense": 28731000,
        "depreciationAndAmortization": 102884000,
        "ebitda": 562015000,
        "ebitdaratio": 0.1511098886,
        "operatingIncome": 459131000,
        "operatingIncomeRatio": 0.1234473,
        "totalOtherIncomeExpensesNet": -13028000,
        "incomeBeforeTax": 446103000,
        "incomeBeforeTaxRatio": 0.1199444404,
        "incomeTaxExpense": 158386000,
        "netIncome": 287717000,
        "netIncomeRatio": 0.0773589385,
        "eps": 1.63,
        "epsdiluted": 1.63,
        "weightedAverageShsOut": 176149000,
        "weightedAverageShsOutDil": 176530000,
        "link": "https://www.sec.gov/Archives/edgar/data/48039/000004803917000053/0000048039-17-000053-index.htm",
        "finalLink": "https://www.sec.gov/Archives/edgar/data/48039/000004803917000053/hfc9-30x201710q.htm"
    },
    {
        "date": "2017-06-30",
        "symbol": "HFC",
        "reportedCurrency": "USD",
        "cik": "0000048039",
        "fillingDate": "2017-08-02",
        "acceptedDate": "2017-08-02 11:18:45",
        "calendarYear": "2017",
        "period": "Q2",
        "revenue": 3458864000,
        "costOfRevenue": 2837422000,
        "grossProfit": 621442000,
        "grossProfitRatio": 0.1796665032,
        "researchAndDevelopmentExpenses": 0,
        "generalAndAdministrativeExpenses": 59576000,
        "sellingAndMarketingExpenses": 0,
        "sellingGeneralAndAdministrativeExpenses": 59576000,
        "otherExpenses": 420934000,
        "operatingExpenses": 480510000,
        "costAndExpenses": 3317932000,
        "interestIncome": 176000,
        "interestExpense": 29645000,
        "depreciationAndAmortization": 105282000,
        "ebitda": 224690000,
        "ebitdaratio": 0.0649606345,
        "operatingIncome": 119408000,
        "operatingIncomeRatio": 0.0345223172,
        "totalOtherIncomeExpensesNet": -13339000,
        "incomeBeforeTax": 106069000,
        "incomeBeforeTaxRatio": 0.0306658487,
        "incomeTaxExpense": 31996000,
        "netIncome": 74073000,
        "netIncomeRatio": 0.0214154127,
        "eps": 0.42,
        "epsdiluted": 0.42,
        "weightedAverageShsOut": 176147000,
        "weightedAverageShsOutDil": 176302000,
        "link": "https://www.sec.gov/Archives/edgar/data/48039/000004803917000039/0000048039-17-000039-index.htm",
        "finalLink": "https://www.sec.gov/Archives/edgar/data/48039/000004803917000039/hfc6-30x201710q.htm"
    },
    {
        "date": "2017-03-31",
        "symbol": "HFC",
        "reportedCurrency": "USD",
        "cik": "0000048039",
        "fillingDate": "2017-05-04",
        "acceptedDate": "2017-05-04 08:11:32",
        "calendarYear": "2017",
        "period": "Q1",
        "revenue": 3080483000,
        "costOfRevenue": 2652980000,
        "grossProfit": 427503000,
        "grossProfitRatio": 0.1387779124,
        "researchAndDevelopmentExpenses": 0,
        "generalAndAdministrativeExpenses": 57070000,
        "sellingAndMarketingExpenses": 0,
        "sellingGeneralAndAdministrativeExpenses": 57070000,
        "otherExpenses": 403157000,
        "operatingExpenses": 460227000,
        "costAndExpenses": 3113207000,
        "interestIncome": 819000,
        "interestExpense": 27158000,
        "depreciationAndAmortization": 96040000,
        "ebitda": 60941000,
        "ebitdaratio": 0.0197829366,
        "operatingIncome": -35099000,
        "operatingIncomeRatio": -0.0113939924,
        "totalOtherIncomeExpensesNet": -19472000,
        "incomeBeforeTax": -54571000,
        "incomeBeforeTaxRatio": -0.0177150791,
        "incomeTaxExpense": -16789000,
        "netIncome": -37782000,
        "netIncomeRatio": -0.0122649597,
        "eps": -0.21,
        "epsdiluted": -0.21,
        "weightedAverageShsOut": 176210000,
        "weightedAverageShsOutDil": 176210000,
        "link": "https://www.sec.gov/Archives/edgar/data/48039/000004803917000026/0000048039-17-000026-index.htm",
        "finalLink": "https://www.sec.gov/Archives/edgar/data/48039/000004803917000015/hfc12-31x201610k.htm"
    },
    {
        "date": "2016-12-31",
        "symbol": "HFC",
        "reportedCurrency": "USD",
        "cik": "0000048039",
        "fillingDate": "2017-02-22",
        "acceptedDate": "2017-02-22 11:44:11",
        "calendarYear": "2016",
        "period": "Q4",
        "revenue": 2955068000,
        "costOfRevenue": 2453116000,
        "grossProfit": 501952000,
        "grossProfitRatio": 0.1698614042,
        "researchAndDevelopmentExpenses": 0,
        "generalAndAdministrativeExpenses": 37378000,
        "sellingAndMarketingExpenses": 0,
        "sellingGeneralAndAdministrativeExpenses": 37378000,
        "otherExpenses": 352282000,
        "operatingExpenses": 389660000,
        "costAndExpenses": 2842776000,
        "interestIncome": 1111000,
        "interestExpense": 26304000,
        "depreciationAndAmortization": 93594000,
        "ebitda": 186015000,
        "ebitdaratio": 0.06294779,
        "operatingIncome": 92421000,
        "operatingIncomeRatio": 0.0312754224,
        "totalOtherIncomeExpensesNet": -9005000,
        "incomeBeforeTax": 83416000,
        "incomeBeforeTaxRatio": 0.0282281152,
        "incomeTaxExpense": 12952000,
        "netIncome": 70464000,
        "netIncomeRatio": 0.0238451366,
        "eps": 0.4,
        "epsdiluted": 0.4,
        "weightedAverageShsOut": 176210000,
        "weightedAverageShsOutDil": 176210000,
        "link": "https://www.sec.gov/Archives/edgar/data/48039/000004803917000015/0000048039-17-000015-index.htm",
        "finalLink": "https://www.sec.gov/Archives/edgar/data/48039/000004803917000015/hfc12-31x201610k.htm"
    },
    {
        "date": "2016-09-30",
        "symbol": "HFC",
        "reportedCurrency": "USD",
        "cik": "0000048039",
        "fillingDate": "2016-11-03",
        "acceptedDate": "2016-11-03 13:13:38",
        "calendarYear": "2016",
        "period": "Q3",
        "revenue": 2847270000,
        "costOfRevenue": 2342149000,
        "grossProfit": 505121000,
        "grossProfitRatio": 0.1774053743,
        "researchAndDevelopmentExpenses": 0,
        "generalAndAdministrativeExpenses": 32994000,
        "sellingAndMarketingExpenses": 0,
        "sellingGeneralAndAdministrativeExpenses": 32994000,
        "otherExpenses": 347362000,
        "operatingExpenses": 380356000,
        "costAndExpenses": 2722505000,
        "interestIncome": 778000,
        "interestExpense": 19550000,
        "depreciationAndAmortization": 91130000,
        "ebitda": 207373000,
        "ebitdaratio": 0.0728322217,
        "operatingIncome": 116243000,
        "operatingIncomeRatio": 0.0408261247,
        "totalOtherIncomeExpensesNet": -6376000,
        "incomeBeforeTax": 109867000,
        "incomeBeforeTaxRatio": 0.0385867866,
        "incomeTaxExpense": 22196000,
        "netIncome": 87671000,
        "netIncomeRatio": 0.0307912492,
        "eps": 0.5,
        "epsdiluted": 0.5,
        "weightedAverageShsOut": 175871000,
        "weightedAverageShsOutDil": 175993000,
        "link": "https://www.sec.gov/Archives/edgar/data/48039/000004803916000136/0000048039-16-000136-index.htm",
        "finalLink": "https://www.sec.gov/Archives/edgar/data/48039/000004803916000136/hfc9-30x201610q.htm"
    },
    {
        "date": "2016-06-30",
        "symbol": "HFC",
        "reportedCurrency": "USD",
        "cik": "0000048039",
        "fillingDate": "2016-08-03",
        "acceptedDate": "2016-08-03 12:48:47",
        "calendarYear": "2016",
        "period": "Q2",
        "revenue": 2714638000,
        "costOfRevenue": 2109682000,
        "grossProfit": 604956000,
        "grossProfitRatio": 0.2228496028,
        "researchAndDevelopmentExpenses": 0,
        "generalAndAdministrativeExpenses": 29655000,
        "sellingAndMarketingExpenses": 0,
        "sellingGeneralAndAdministrativeExpenses": 29655000,
        "otherExpenses": 341759000,
        "operatingExpenses": 371414000,
        "costAndExpenses": 2481096000,
        "interestIncome": 527000,
        "interestExpense": 14251000,
        "depreciationAndAmortization": 90423000,
        "ebitda": -342739000,
        "ebitdaratio": -0.1262558765,
        "operatingIncome": -433162000,
        "operatingIncomeRatio": -0.1595652901,
        "totalOtherIncomeExpensesNet": 2647000,
        "incomeBeforeTax": -430515000,
        "incomeBeforeTaxRatio": -0.1585902061,
        "incomeTaxExpense": -38045000,
        "netIncome": -392470000,
        "netIncomeRatio": -0.1445754462,
        "eps": -2.23,
        "epsdiluted": -2.23,
        "weightedAverageShsOut": 175865000,
        "weightedAverageShsOutDil": 175865000,
        "link": "https://www.sec.gov/Archives/edgar/data/48039/000004803916000127/0000048039-16-000127-index.htm",
        "finalLink": "https://www.sec.gov/Archives/edgar/data/48039/000004803916000127/hfc6-30x201610q.htm"
    },
    {
        "date": "2016-03-31",
        "symbol": "HFC",
        "reportedCurrency": "USD",
        "cik": "0000048039",
        "fillingDate": "2016-05-04",
        "acceptedDate": "2016-05-04 10:23:40",
        "calendarYear": "2016",
        "period": "Q1",
        "revenue": 2018724000,
        "costOfRevenue": 1569042000,
        "grossProfit": 449682000,
        "grossProfitRatio": 0.2227555624,
        "researchAndDevelopmentExpenses": 0,
        "generalAndAdministrativeExpenses": 25621000,
        "sellingAndMarketingExpenses": 0,
        "sellingGeneralAndAdministrativeExpenses": 25621000,
        "otherExpenses": 340463000,
        "operatingExpenses": 366084000,
        "costAndExpenses": 1935126000,
        "interestIncome": 75000,
        "interestExpense": 12087000,
        "depreciationAndAmortization": 87880000,
        "ebitda": 143528000,
        "ebitdaratio": 0.071098377,
        "operatingIncome": 55648000,
        "operatingIncomeRatio": 0.0275659278,
        "totalOtherIncomeExpensesNet": 10050000,
        "incomeBeforeTax": 65698000,
        "incomeBeforeTaxRatio": 0.0325443201,
        "incomeTaxExpense": 22308000,
        "netIncome": 43390000,
        "netIncomeRatio": 0.0214937753,
        "eps": 0.25,
        "epsdiluted": 0.25,
        "weightedAverageShsOut": 176737000,
        "weightedAverageShsOutDil": 176784000,
        "link": "https://www.sec.gov/Archives/edgar/data/48039/000004803916000113/0000048039-16-000113-index.htm",
        "finalLink": "https://www.sec.gov/Archives/edgar/data/48039/000004803916000090/hfc12-31x201510k.htm"
    },
    {
        "date": "2015-12-31",
        "symbol": "HFC",
        "reportedCurrency": "USD",
        "cik": "0000048039",
        "fillingDate": "2016-02-24",
        "acceptedDate": "2016-02-24 10:48:50",
        "calendarYear": "2015",
        "period": "Q4",
        "revenue": 2943559000,
        "costOfRevenue": 2590065000,
        "grossProfit": 353494000,
        "grossProfitRatio": 0.1200906793,
        "researchAndDevelopmentExpenses": 0,
        "generalAndAdministrativeExpenses": 34414000,
        "sellingAndMarketingExpenses": 0,
        "sellingGeneralAndAdministrativeExpenses": 34414000,
        "otherExpenses": 375786000,
        "operatingExpenses": 410200000,
        "costAndExpenses": 3000265000,
        "interestIncome": 988000,
        "interestExpense": 11657000,
        "depreciationAndAmortization": 90572000,
        "ebitda": 17584000,
        "ebitdaratio": 0.0059737209,
        "operatingIncome": -72988000,
        "operatingIncomeRatio": -0.0247958339,
        "totalOtherIncomeExpensesNet": 8317000,
        "incomeBeforeTax": -64671000,
        "incomeBeforeTaxRatio": -0.0219703427,
        "incomeTaxExpense": -40724000,
        "netIncome": -23947000,
        "netIncomeRatio": -0.0081353898,
        "eps": -0.13,
        "epsdiluted": -0.13,
        "weightedAverageShsOut": 181460000,
        "weightedAverageShsOutDil": 181460000,
        "link": "https://www.sec.gov/Archives/edgar/data/48039/000004803916000090/0000048039-16-000090-index.htm",
        "finalLink": "https://www.sec.gov/Archives/edgar/data/48039/000004803916000090/hfc12-31x201510k.htm"
    },
    {
        "date": "2015-09-30",
        "symbol": "HFC",
        "reportedCurrency": "USD",
        "cik": "0000048039",
        "fillingDate": "2015-11-05",
        "acceptedDate": "2015-11-05 07:50:47",
        "calendarYear": "2015",
        "period": "Q3",
        "revenue": 3585823000,
        "costOfRevenue": 2879310000,
        "grossProfit": 706513000,
        "grossProfitRatio": 0.1970295243,
        "researchAndDevelopmentExpenses": 0,
        "generalAndAdministrativeExpenses": 30746000,
        "sellingAndMarketingExpenses": 0,
        "sellingGeneralAndAdministrativeExpenses": 30746000,
        "otherExpenses": 353162000,
        "operatingExpenses": 383908000,
        "costAndExpenses": 3263218000,
        "interestIncome": 673000,
        "interestExpense": 11102000,
        "depreciationAndAmortization": 87764000,
        "ebitda": 405254000,
        "ebitdaratio": 0.1130156173,
        "operatingIncome": 317490000,
        "operatingIncomeRatio": 0.0885403435,
        "totalOtherIncomeExpensesNet": 3183000,
        "incomeBeforeTax": 320673000,
        "incomeBeforeTaxRatio": 0.0894280058,
        "incomeTaxExpense": 110066000,
        "netIncome": 210607000,
        "netIncomeRatio": 0.0587332392,
        "eps": 1.12,
        "epsdiluted": 1.12,
        "weightedAverageShsOut": 187208000,
        "weightedAverageShsOutDil": 187344000,
        "link": "https://www.sec.gov/Archives/edgar/data/48039/000004803915000069/0000048039-15-000069-index.htm",
        "finalLink": "https://www.sec.gov/Archives/edgar/data/48039/000004803915000069/hfc9-30x201510q.htm"
    },
    {
        "date": "2015-06-30",
        "symbol": "HFC",
        "reportedCurrency": "USD",
        "cik": "0000048039",
        "fillingDate": "2015-08-05",
        "acceptedDate": "2015-08-05 07:29:36",
        "calendarYear": "2015",
        "period": "Q2",
        "revenue": 3701912000,
        "costOfRevenue": 2751995000,
        "grossProfit": 949917000,
        "grossProfitRatio": 0.2566017236,
        "researchAndDevelopmentExpenses": 0,
        "generalAndAdministrativeExpenses": 26117000,
        "sellingAndMarketingExpenses": 0,
        "sellingGeneralAndAdministrativeExpenses": 26117000,
        "otherExpenses": 333968000,
        "operatingExpenses": 360085000,
        "costAndExpenses": 3112080000,
        "interestIncome": 768000,
        "interestExpense": 10559000,
        "depreciationAndAmortization": 87803000,
        "ebitda": 666176000,
        "ebitdaratio": 0.1799545748,
        "operatingIncome": 578373000,
        "operatingIncomeRatio": 0.1562362909,
        "totalOtherIncomeExpensesNet": 1804000,
        "incomeBeforeTax": 580177000,
        "incomeBeforeTaxRatio": 0.1567236066,
        "incomeTaxExpense": 206990000,
        "netIncome": 373187000,
        "netIncomeRatio": 0.1008092575,
        "eps": 1.95,
        "epsdiluted": 1.95,
        "weightedAverageShsOut": 191355000,
        "weightedAverageShsOutDil": 191454000,
        "link": "https://www.sec.gov/Archives/edgar/data/48039/000004803915000055/0000048039-15-000055-index.htm",
        "finalLink": "https://www.sec.gov/Archives/edgar/data/48039/000004803915000055/hfc6-30x201510q.htm"
    },
    {
        "date": "2015-03-31",
        "symbol": "HFC",
        "reportedCurrency": "USD",
        "cik": "0000048039",
        "fillingDate": "2015-05-06",
        "acceptedDate": "2015-05-06 10:50:28",
        "calendarYear": "2015",
        "period": "Q1",
        "revenue": 3006626000,
        "costOfRevenue": 2244827000,
        "grossProfit": 761799000,
        "grossProfitRatio": 0.2533733827,
        "researchAndDevelopmentExpenses": 0,
        "generalAndAdministrativeExpenses": 29569000,
        "sellingAndMarketingExpenses": 0,
        "sellingGeneralAndAdministrativeExpenses": 29569000,
        "otherExpenses": 343608000,
        "operatingExpenses": 373177000,
        "costAndExpenses": 2618004000,
        "interestIncome": 962000,
        "interestExpense": 10154000,
        "depreciationAndAmortization": 80012000,
        "ebitda": 446770000,
        "ebitdaratio": 0.1485951362,
        "operatingIncome": 366758000,
        "operatingIncomeRatio": 0.1219832463,
        "totalOtherIncomeExpensesNet": 5631000,
        "incomeBeforeTax": 372389000,
        "incomeBeforeTaxRatio": 0.1238561098,
        "incomeTaxExpense": 129728000,
        "netIncome": 242661000,
        "netIncomeRatio": 0.0807087413,
        "eps": 1.24,
        "epsdiluted": 1.24,
        "weightedAverageShsOut": 195069000,
        "weightedAverageShsOutDil": 195121000,
        "link": "https://www.sec.gov/Archives/edgar/data/48039/000004803915000032/0000048039-15-000032-index.htm",
        "finalLink": "https://www.sec.gov/Archives/edgar/data/48039/000004803915000014/hfc12-31x201410k.htm"
    },
    {
        "date": "2014-12-31",
        "symbol": "HFC",
        "reportedCurrency": "USD",
        "cik": "0000048039",
        "fillingDate": "2015-02-25",
        "acceptedDate": "2015-02-25 07:56:17",
        "calendarYear": "2014",
        "period": "Q4",
        "revenue": 4283119000,
        "costOfRevenue": 4186504000,
        "grossProfit": 96615000,
        "grossProfitRatio": 0.0225571599,
        "researchAndDevelopmentExpenses": 0,
        "generalAndAdministrativeExpenses": 32172000,
        "sellingAndMarketingExpenses": 0,
        "sellingGeneralAndAdministrativeExpenses": 32172000,
        "otherExpenses": 418861000,
        "operatingExpenses": 451033000,
        "costAndExpenses": 4637537000,
        "interestIncome": 837000,
        "interestExpense": 10125000,
        "depreciationAndAmortization": 100498000,
        "ebitda": -262571000,
        "ebitdaratio": -0.0613036901,
        "operatingIncome": -363069000,
        "operatingIncomeRatio": -0.0847674323,
        "totalOtherIncomeExpensesNet": 1734000,
        "incomeBeforeTax": -361335000,
        "incomeBeforeTaxRatio": -0.0843625872,
        "incomeTaxExpense": -150990000,
        "netIncome": -210345000,
        "netIncomeRatio": -0.0491102395,
        "eps": -1.08,
        "epsdiluted": -1.08,
        "weightedAverageShsOut": 195310000,
        "weightedAverageShsOutDil": 195310000,
        "link": "https://www.sec.gov/Archives/edgar/data/48039/000004803915000014/0000048039-15-000014-index.htm",
        "finalLink": "https://www.sec.gov/Archives/edgar/data/48039/000004803915000014/hfc12-31x201410k.htm"
    },
    {
        "date": "2014-09-30",
        "symbol": "HFC",
        "reportedCurrency": "USD",
        "cik": "0000048039",
        "fillingDate": "2014-11-05",
        "acceptedDate": "2014-11-05 06:17:57",
        "calendarYear": "2014",
        "period": "Q3",
        "revenue": 5317555000,
        "costOfRevenue": 4625893000,
        "grossProfit": 691662000,
        "grossProfitRatio": 0.1300714332,
        "researchAndDevelopmentExpenses": 0,
        "generalAndAdministrativeExpenses": 27149000,
        "sellingAndMarketingExpenses": 0,
        "sellingGeneralAndAdministrativeExpenses": 27149000,
        "otherExpenses": 361902000,
        "operatingExpenses": 389051000,
        "costAndExpenses": 5014944000,
        "interestIncome": 1004000,
        "interestExpense": 11038000,
        "depreciationAndAmortization": 80945000,
        "ebitda": 370205000,
        "ebitdaratio": 0.0696194022,
        "operatingIncome": 289260000,
        "operatingIncomeRatio": 0.0543971807,
        "totalOtherIncomeExpensesNet": 1514000,
        "incomeBeforeTax": 290774000,
        "incomeBeforeTaxRatio": 0.054681898,
        "incomeTaxExpense": 103216000,
        "netIncome": 187558000,
        "netIncomeRatio": 0.0352714734,
        "eps": 0.95,
        "epsdiluted": 0.95,
        "weightedAverageShsOut": 197261000,
        "weightedAverageShsOutDil": 197535000,
        "link": "https://www.sec.gov/Archives/edgar/data/48039/000004803914000067/0000048039-14-000067-index.htm",
        "finalLink": "https://www.sec.gov/Archives/edgar/data/48039/000004803914000067/hfc9-30x201410q.htm"
    },
    {
        "date": "2014-06-30",
        "symbol": "HFC",
        "reportedCurrency": "USD",
        "cik": "0000048039",
        "fillingDate": "2014-08-06",
        "acceptedDate": "2014-08-06 08:04:47",
        "calendarYear": "2014",
        "period": "Q2",
        "revenue": 5372600000,
        "costOfRevenue": 4674846000,
        "grossProfit": 697754000,
        "grossProfitRatio": 0.1298726873,
        "researchAndDevelopmentExpenses": 0,
        "generalAndAdministrativeExpenses": 28365000,
        "sellingAndMarketingExpenses": 0,
        "sellingGeneralAndAdministrativeExpenses": 28365000,
        "otherExpenses": 373044000,
        "operatingExpenses": 401409000,
        "costAndExpenses": 5076255000,
        "interestIncome": 1184000,
        "interestExpense": 10136000,
        "depreciationAndAmortization": 101390000,
        "ebitda": 389287000,
        "ebitdaratio": 0.0724578416,
        "operatingIncome": 287897000,
        "operatingIncomeRatio": 0.0535861594,
        "totalOtherIncomeExpensesNet": -1412000,
        "incomeBeforeTax": 286485000,
        "incomeBeforeTaxRatio": 0.0533233444,
        "incomeTaxExpense": 101332000,
        "netIncome": 185153000,
        "netIncomeRatio": 0.0344624577,
        "eps": 0.93,
        "epsdiluted": 0.93,
        "weightedAverageShsOut": 198139000,
        "weightedAverageShsOutDil": 198380000,
        "link": "https://www.sec.gov/Archives/edgar/data/48039/000004803914000052/0000048039-14-000052-index.htm",
        "finalLink": "https://www.sec.gov/Archives/edgar/data/48039/000004803914000052/hfc6-30x201410q.htm"
    },
    {
        "date": "2014-03-31",
        "symbol": "HFC",
        "reportedCurrency": "USD",
        "cik": "0000048039",
        "fillingDate": "2014-05-06",
        "acceptedDate": "2014-05-06 07:18:00",
        "calendarYear": "2014",
        "period": "Q1",
        "revenue": 4791053000,
        "costOfRevenue": 4138620000,
        "grossProfit": 652433000,
        "grossProfitRatio": 0.1361773706,
        "researchAndDevelopmentExpenses": 0,
        "generalAndAdministrativeExpenses": 26923000,
        "sellingAndMarketingExpenses": 0,
        "sellingGeneralAndAdministrativeExpenses": 26923000,
        "otherExpenses": 354514000,
        "operatingExpenses": 381437000,
        "costAndExpenses": 4520057000,
        "interestIncome": 1405000,
        "interestExpense": 12347000,
        "depreciationAndAmortization": 80548000,
        "ebitda": 332570000,
        "ebitdaratio": 0.069414803,
        "operatingIncome": 252022000,
        "operatingIncomeRatio": 0.0526026324,
        "totalOtherIncomeExpensesNet": -446000,
        "incomeBeforeTax": 251576000,
        "incomeBeforeTaxRatio": 0.0525095423,
        "incomeTaxExpense": 87614000,
        "netIncome": 163962000,
        "netIncomeRatio": 0.0342225394,
        "eps": 0.83,
        "epsdiluted": 0.82,
        "weightedAverageShsOut": 198297000,
        "weightedAverageShsOutDil": 198924000,
        "link": "https://www.sec.gov/Archives/edgar/data/48039/000004803914000030/0000048039-14-000030-index.htm",
        "finalLink": "https://www.sec.gov/Archives/edgar/data/48039/000004803914000017/hfc12-31x201310k.htm"
    },
    {
        "date": "2013-12-31",
        "symbol": "HFC",
        "reportedCurrency": "USD",
        "cik": "0000048039",
        "fillingDate": "2014-02-26",
        "acceptedDate": "2014-02-25 12:38:12",
        "calendarYear": "2013",
        "period": "Q4",
        "revenue": 4826801000,
        "costOfRevenue": 4332894000,
        "grossProfit": 493907000,
        "grossProfitRatio": 0.1023259505,
        "researchAndDevelopmentExpenses": 0,
        "generalAndAdministrativeExpenses": 35828000,
        "sellingAndMarketingExpenses": 0,
        "sellingGeneralAndAdministrativeExpenses": 35828000,
        "otherExpenses": 370956000,
        "operatingExpenses": 406784000,
        "costAndExpenses": 4739678000,
        "interestIncome": 1765000,
        "interestExpense": 12982000,
        "depreciationAndAmortization": 79065000,
        "ebitda": 159860000,
        "ebitdaratio": 0.033119244,
        "operatingIncome": 80795000,
        "operatingIncomeRatio": 0.0167388297,
        "totalOtherIncomeExpensesNet": -6090000,
        "incomeBeforeTax": 74705000,
        "incomeBeforeTaxRatio": 0.0154771245,
        "incomeTaxExpense": 4911000,
        "netIncome": 69794000,
        "netIncomeRatio": 0.0144596804,
        "eps": 0.35,
        "epsdiluted": 0.35,
        "weightedAverageShsOut": 198371000,
        "weightedAverageShsOutDil": 199311000,
        "link": "https://www.sec.gov/Archives/edgar/data/48039/000004803914000017/0000048039-14-000017-index.htm",
        "finalLink": "https://www.sec.gov/Archives/edgar/data/48039/000004803914000017/hfc12-31x201310k.htm"
    },
    {
        "date": "2013-09-30",
        "symbol": "HFC",
        "reportedCurrency": "USD",
        "cik": "0000048039",
        "fillingDate": "2013-11-07",
        "acceptedDate": "2013-11-07 07:35:06",
        "calendarYear": "2013",
        "period": "Q3",
        "revenue": 5327122000,
        "costOfRevenue": 4809990000,
        "grossProfit": 517132000,
        "grossProfitRatio": 0.0970753063,
        "researchAndDevelopmentExpenses": 0,
        "generalAndAdministrativeExpenses": 28937000,
        "sellingAndMarketingExpenses": 0,
        "sellingGeneralAndAdministrativeExpenses": 28937000,
        "otherExpenses": 338445000,
        "operatingExpenses": 367382000,
        "costAndExpenses": 5177372000,
        "interestIncome": 1482000,
        "interestExpense": 13954000,
        "depreciationAndAmortization": 82127000,
        "ebitda": 226899000,
        "ebitdaratio": 0.0425931676,
        "operatingIncome": 144772000,
        "operatingIncomeRatio": 0.0271764003,
        "totalOtherIncomeExpensesNet": -7335000,
        "incomeBeforeTax": 137437000,
        "incomeBeforeTaxRatio": 0.0257994842,
        "incomeTaxExpense": 48528000,
        "netIncome": 88909000,
        "netIncomeRatio": 0.0166898749,
        "eps": 0.45,
        "epsdiluted": 0.45,
        "weightedAverageShsOut": 199098000,
        "weightedAverageShsOutDil": 199509000,
        "link": "https://www.sec.gov/Archives/edgar/data/48039/000004803913000065/0000048039-13-000065-index.htm",
        "finalLink": "https://www.sec.gov/Archives/edgar/data/48039/000004803913000065/hfc9-30x201310q.htm"
    },
    {
        "date": "2013-06-30",
        "symbol": "HFC",
        "reportedCurrency": "USD",
        "cik": "0000048039",
        "fillingDate": "2013-08-08",
        "acceptedDate": "2013-08-08 06:40:16",
        "calendarYear": "2013",
        "period": "Q2",
        "revenue": 5298848000,
        "costOfRevenue": 4456808000,
        "grossProfit": 842040000,
        "grossProfitRatio": 0.1589100121,
        "researchAndDevelopmentExpenses": 0,
        "generalAndAdministrativeExpenses": 34000000,
        "sellingAndMarketingExpenses": 0,
        "sellingGeneralAndAdministrativeExpenses": 34000000,
        "otherExpenses": 348034000,
        "operatingExpenses": 382034000,
        "costAndExpenses": 4838842000,
        "interestIncome": 778000,
        "interestExpense": 19794000,
        "depreciationAndAmortization": 70492000,
        "ebitda": 499310000,
        "ebitdaratio": 0.0942299156,
        "operatingIncome": 428818000,
        "operatingIncomeRatio": 0.0809266467,
        "totalOtherIncomeExpensesNet": -11026000,
        "incomeBeforeTax": 417792000,
        "incomeBeforeTaxRatio": 0.0788458171,
        "incomeTaxExpense": 152043000,
        "netIncome": 265749000,
        "netIncomeRatio": 0.0501522218,
        "eps": 1.32,
        "epsdiluted": 1.32,
        "weightedAverageShsOut": 201543000,
        "weightedAverageShsOutDil": 201905000,
        "link": "https://www.sec.gov/Archives/edgar/data/48039/000004803913000054/0000048039-13-000054-index.htm",
        "finalLink": "https://www.sec.gov/Archives/edgar/data/48039/000004803913000054/hfc6-30x201310q.htm"
    },
    {
        "date": "2013-03-31",
        "symbol": "HFC",
        "reportedCurrency": "USD",
        "cik": "0000048039",
        "fillingDate": "2013-05-08",
        "acceptedDate": "2013-05-08 09:57:00",
        "calendarYear": "2013",
        "period": "Q1",
        "revenue": 4707789000,
        "costOfRevenue": 3792535000,
        "grossProfit": 915254000,
        "grossProfitRatio": 0.1944127063,
        "researchAndDevelopmentExpenses": 0,
        "generalAndAdministrativeExpenses": 29198000,
        "sellingAndMarketingExpenses": 0,
        "sellingGeneralAndAdministrativeExpenses": 29198000,
        "otherExpenses": 336861000,
        "operatingExpenses": 366059000,
        "costAndExpenses": 4158594000,
        "interestIncome": 1531000,
        "interestExpense": 21320000,
        "depreciationAndAmortization": 71762000,
        "ebitda": 612845000,
        "ebitdaratio": 0.1301768197,
        "operatingIncome": 541083000,
        "operatingIncomeRatio": 0.1149335707,
        "totalOtherIncomeExpensesNet": -11618000,
        "incomeBeforeTax": 529465000,
        "incomeBeforeTaxRatio": 0.1124657456,
        "incomeTaxExpense": 186094000,
        "netIncome": 343371000,
        "netIncomeRatio": 0.0729367862,
        "eps": 1.69,
        "epsdiluted": 1.68,
        "weightedAverageShsOut": 203515000,
        "weightedAverageShsOutDil": 204217000,
        "link": "https://www.sec.gov/Archives/edgar/data/48039/000004803913000024/0000048039-13-000024-index.htm",
        "finalLink": "https://www.sec.gov/Archives/edgar/data/48039/000004803913000010/hfc12-31x201210k.htm"
    },
    {
        "date": "2012-12-31",
        "symbol": "HFC",
        "reportedCurrency": "USD",
        "cik": "0000048039",
        "fillingDate": "2013-02-28",
        "acceptedDate": "2013-02-27 16:48:14",
        "calendarYear": "2012",
        "period": "Q4",
        "revenue": 5147507000,
        "costOfRevenue": 3375014000,
        "grossProfit": 1772493000,
        "grossProfitRatio": 0.3443400854,
        "researchAndDevelopmentExpenses": 0,
        "generalAndAdministrativeExpenses": 39680000,
        "sellingAndMarketingExpenses": 0,
        "sellingGeneralAndAdministrativeExpenses": 39680000,
        "otherExpenses": 1059672000,
        "operatingExpenses": 1099352000,
        "costAndExpenses": 4474366000,
        "interestIncome": 1426000,
        "interestExpense": 22826000,
        "depreciationAndAmortization": 64706000,
        "ebitda": 731352000,
        "ebitdaratio": 0.1420788743,
        "operatingIncome": 666646000,
        "operatingIncomeRatio": 0.1295085174,
        "totalOtherIncomeExpensesNet": -14437000,
        "incomeBeforeTax": 652209000,
        "incomeBeforeTaxRatio": 0.1267038588,
        "incomeTaxExpense": 252216000,
        "netIncome": 399993000,
        "netIncomeRatio": 0.0777061595,
        "eps": 1.97,
        "epsdiluted": 1.96,
        "weightedAverageShsOut": 203458000,
        "weightedAverageShsOutDil": 204453000,
        "link": "https://www.sec.gov/Archives/edgar/data/48039/000004803913000010/0000048039-13-000010-index.htm",
        "finalLink": "https://www.sec.gov/Archives/edgar/data/48039/000004803913000010/hfc12-31x201210k.htm"
    },
    {
        "date": "2012-09-30",
        "symbol": "HFC",
        "reportedCurrency": "USD",
        "cik": "0000048039",
        "fillingDate": "2012-11-08",
        "acceptedDate": "2012-11-07 13:49:45",
        "calendarYear": "2012",
        "period": "Q3",
        "revenue": 5204798000,
        "costOfRevenue": 4132595000,
        "grossProfit": 1072203000,
        "grossProfitRatio": 0.2060028074,
        "researchAndDevelopmentExpenses": 0,
        "generalAndAdministrativeExpenses": 28787000,
        "sellingAndMarketingExpenses": 0,
        "sellingGeneralAndAdministrativeExpenses": 28787000,
        "otherExpenses": 65112000,
        "operatingExpenses": 93899000,
        "costAndExpenses": 4226494000,
        "interestIncome": 2219000,
        "interestExpense": 21103000,
        "depreciationAndAmortization": 65112000,
        "ebitda": 1036210000,
        "ebitdaratio": 0.1990874574,
        "operatingIncome": 971098000,
        "operatingIncomeRatio": 0.1865774618,
        "totalOtherIncomeExpensesNet": -10826000,
        "incomeBeforeTax": 960272000,
        "incomeBeforeTaxRatio": 0.1844974579,
        "incomeTaxExpense": 349622000,
        "netIncome": 610650000,
        "netIncomeRatio": 0.117324438,
        "eps": 3,
        "epsdiluted": 2.99,
        "weightedAverageShsOut": 203557000,
        "weightedAverageShsOutDil": 204434000,
        "link": "https://www.sec.gov/Archives/edgar/data/48039/000004803912000062/0000048039-12-000062-index.htm",
        "finalLink": "https://www.sec.gov/Archives/edgar/data/48039/000004803912000062/hfc9-30x201210q.htm"
    },
    {
        "date": "2012-06-30",
        "symbol": "HFC",
        "reportedCurrency": "USD",
        "cik": "0000048039",
        "fillingDate": "2012-08-09",
        "acceptedDate": "2012-08-08 14:49:27",
        "calendarYear": "2012",
        "period": "Q2",
        "revenue": 4806681000,
        "costOfRevenue": 3904490000,
        "grossProfit": 902191000,
        "grossProfitRatio": 0.1876952101,
        "researchAndDevelopmentExpenses": 0,
        "generalAndAdministrativeExpenses": 32106000,
        "sellingAndMarketingExpenses": 0,
        "sellingGeneralAndAdministrativeExpenses": 32106000,
        "otherExpenses": 56948000,
        "operatingExpenses": 89054000,
        "costAndExpenses": 3993544000,
        "interestIncome": 681000,
        "interestExpense": 26942000,
        "depreciationAndAmortization": 56948000,
        "ebitda": 863107000,
        "ebitdaratio": 0.1795640277,
        "operatingIncome": 806159000,
        "operatingIncomeRatio": 0.1677163515,
        "totalOtherIncomeExpensesNet": -18071000,
        "incomeBeforeTax": 788088000,
        "incomeBeforeTaxRatio": 0.1639567926,
        "incomeTaxExpense": 285718000,
        "netIncome": 502370000,
        "netIncomeRatio": 0.1045149449,
        "eps": 2.44,
        "epsdiluted": 2.43,
        "weightedAverageShsOut": 205727000,
        "weightedAverageShsOutDil": 206481000,
        "link": "https://www.sec.gov/Archives/edgar/data/48039/000004803912000044/0000048039-12-000044-index.htm",
        "finalLink": "https://www.sec.gov/Archives/edgar/data/48039/000004803912000044/hfc6-30x201210q.htm"
    },
    {
        "date": "2012-03-31",
        "symbol": "HFC",
        "reportedCurrency": "USD",
        "cik": "0000048039",
        "fillingDate": "2012-05-08",
        "acceptedDate": "2012-05-07 14:05:56",
        "calendarYear": "2012",
        "period": "Q1",
        "revenue": 4931738000,
        "costOfRevenue": 4428544000,
        "grossProfit": 503194000,
        "grossProfitRatio": 0.1020317787,
        "researchAndDevelopmentExpenses": 0,
        "generalAndAdministrativeExpenses": 27528000,
        "sellingAndMarketingExpenses": 0,
        "sellingGeneralAndAdministrativeExpenses": 27528000,
        "otherExpenses": 56102000,
        "operatingExpenses": 83630000,
        "costAndExpenses": 4512174000,
        "interestIncome": 460000,
        "interestExpense": 33315000,
        "depreciationAndAmortization": 56102000,
        "ebitda": 471519000,
        "ebitdaratio": 0.0956090936,
        "operatingIncome": 415417000,
        "operatingIncomeRatio": 0.0842333879,
        "totalOtherIncomeExpensesNet": -27991000,
        "incomeBeforeTax": 387426000,
        "incomeBeforeTaxRatio": 0.0785577012,
        "incomeTaxExpense": 140406000,
        "netIncome": 247020000,
        "netIncomeRatio": 0.0500878189,
        "eps": 1.18,
        "epsdiluted": 1.18,
        "weightedAverageShsOut": 208531000,
        "weightedAverageShsOutDil": 209138000,
        "link": "https://www.sec.gov/Archives/edgar/data/48039/000004803912000012/0000048039-12-000012-index.htm",
        "finalLink": "https://www.sec.gov/Archives/edgar/data/48039/000119312512086106/d269091d10k.htm"
    },
    {
        "date": "2011-12-31",
        "symbol": "HFC",
        "reportedCurrency": "USD",
        "cik": "0000048039",
        "fillingDate": "2012-02-29",
        "acceptedDate": "2012-02-28 13:45:08",
        "calendarYear": "2011",
        "period": "Q4",
        "revenue": 4972412000,
        "costOfRevenue": 4504549000,
        "grossProfit": 467863000,
        "grossProfitRatio": 0.0940917607,
        "researchAndDevelopmentExpenses": 0,
        "generalAndAdministrativeExpenses": 41473000,
        "sellingAndMarketingExpenses": 0,
        "sellingGeneralAndAdministrativeExpenses": 41473000,
        "otherExpenses": 53327000,
        "operatingExpenses": 94800000,
        "costAndExpenses": 4599349000,
        "interestIncome": 338000,
        "interestExpense": 21852000,
        "depreciationAndAmortization": 53327000,
        "ebitda": 414820000,
        "ebitdaratio": 0.0834243019,
        "operatingIncome": 361493000,
        "operatingIncomeRatio": 0.072699728,
        "totalOtherIncomeExpensesNet": -9383000,
        "incomeBeforeTax": 352110000,
        "incomeBeforeTaxRatio": 0.0708127162,
        "incomeTaxExpense": 116261000,
        "netIncome": 235849000,
        "netIncomeRatio": 0.0474315081,
        "eps": 1.13,
        "epsdiluted": 1.13,
        "weightedAverageShsOut": 208531000,
        "weightedAverageShsOutDil": 208531000,
        "link": "https://www.sec.gov/Archives/edgar/data/48039/000119312512086106/0001193125-12-086106-index.htm",
        "finalLink": "https://www.sec.gov/Archives/edgar/data/48039/000119312512086106/d269091d10k.htm"
    },
    {
        "date": "2011-09-30",
        "symbol": "HFC",
        "reportedCurrency": "USD",
        "cik": "0000048039",
        "fillingDate": "2011-11-08",
        "acceptedDate": "2011-11-08 10:31:54",
        "calendarYear": "2011",
        "period": "Q3",
        "revenue": 5173398000,
        "costOfRevenue": 4217810000,
        "grossProfit": 955588000,
        "grossProfitRatio": 0.1847118664,
        "researchAndDevelopmentExpenses": 0,
        "generalAndAdministrativeExpenses": 43141000,
        "sellingAndMarketingExpenses": 0,
        "sellingGeneralAndAdministrativeExpenses": 43141000,
        "otherExpenses": 43240000,
        "operatingExpenses": 86381000,
        "costAndExpenses": 4304191000,
        "interestIncome": 204000,
        "interestExpense": 25074000,
        "depreciationAndAmortization": 43240000,
        "ebitda": 896160000,
        "ebitdaratio": 0.1732246388,
        "operatingIncome": 852920000,
        "operatingIncomeRatio": 0.1648664959,
        "totalOtherIncomeExpensesNet": -17151000,
        "incomeBeforeTax": 835769000,
        "incomeBeforeTaxRatio": 0.1615512667,
        "incomeTaxExpense": 304758000,
        "netIncome": 531011000,
        "netIncomeRatio": 0.1026425958,
        "eps": 2.53,
        "epsdiluted": 2.52,
        "weightedAverageShsOut": 209583000,
        "weightedAverageShsOutDil": 210579000,
        "link": "https://www.sec.gov/Archives/edgar/data/48039/000119312511301996/0001193125-11-301996-index.htm",
        "finalLink": "https://www.sec.gov/Archives/edgar/data/48039/000119312511301996/d242147d10q.htm"
    },
    {
        "date": "2011-06-30",
        "symbol": "HFC",
        "reportedCurrency": "USD",
        "cik": "0000048039",
        "fillingDate": "2011-08-08",
        "acceptedDate": "2011-08-08 10:24:53",
        "calendarYear": "2011",
        "period": "Q2",
        "revenue": 2967133000,
        "costOfRevenue": 2586440000,
        "grossProfit": 380693000,
        "grossProfitRatio": 0.128303315,
        "researchAndDevelopmentExpenses": 0,
        "generalAndAdministrativeExpenses": 18682000,
        "sellingAndMarketingExpenses": 0,
        "sellingGeneralAndAdministrativeExpenses": 18682000,
        "otherExpenses": 31832000,
        "operatingExpenses": 50514000,
        "costAndExpenses": 2636954000,
        "interestIncome": 657000,
        "interestExpense": 15193000,
        "depreciationAndAmortization": 31832000,
        "ebitda": 351221000,
        "ebitdaratio": 0.1183704943,
        "operatingIncome": 319389000,
        "operatingIncomeRatio": 0.1076422931,
        "totalOtherIncomeExpensesNet": -5595000,
        "incomeBeforeTax": 313794000,
        "incomeBeforeTaxRatio": 0.1057566344,
        "incomeTaxExpense": 111961000,
        "netIncome": 201833000,
        "netIncomeRatio": 0.0680229029,
        "eps": 1.89,
        "epsdiluted": 1.88,
        "weightedAverageShsOut": 106730000,
        "weightedAverageShsOutDil": 107340000,
        "link": "https://www.sec.gov/Archives/edgar/data/48039/000119312511213969/0001193125-11-213969-index.htm",
        "finalLink": "https://www.sec.gov/Archives/edgar/data/48039/000119312511213969/d10q.htm"
    },
    {
        "date": "2011-03-31",
        "symbol": "HFC",
        "reportedCurrency": "USD",
        "cik": "0000048039",
        "fillingDate": "2011-05-09",
        "acceptedDate": "2011-05-06 14:16:37",
        "calendarYear": "2011",
        "period": "Q1",
        "revenue": 2326585000,
        "costOfRevenue": 2119360000,
        "grossProfit": 207225000,
        "grossProfitRatio": 0.0890683126,
        "researchAndDevelopmentExpenses": 0,
        "generalAndAdministrativeExpenses": 16818000,
        "sellingAndMarketingExpenses": 0,
        "sellingGeneralAndAdministrativeExpenses": 16818000,
        "otherExpenses": 31308000,
        "operatingExpenses": 48126000,
        "costAndExpenses": 2167486000,
        "interestIncome": 85000,
        "interestExpense": 16204000,
        "depreciationAndAmortization": 31308000,
        "ebitda": 181217000,
        "ebitdaratio": 0.0778896967,
        "operatingIncome": 149909000,
        "operatingIncomeRatio": 0.0644330639,
        "totalOtherIncomeExpensesNet": -9887000,
        "incomeBeforeTax": 140022000,
        "incomeBeforeTaxRatio": 0.0601834878,
        "incomeTaxExpense": 49011000,
        "netIncome": 91011000,
        "netIncomeRatio": 0.0391178487,
        "eps": 0.85,
        "epsdiluted": 0.85,
        "weightedAverageShsOut": 106614000,
        "weightedAverageShsOutDil": 107266000,
        "link": "https://www.sec.gov/Archives/edgar/data/48039/000095012311046792/0000950123-11-046792-index.htm",
        "finalLink": "https://www.sec.gov/Archives/edgar/data/48039/000095012311018524/d78694e10vk.htm"
    },
    {
        "date": "2010-12-31",
        "symbol": "HFC",
        "reportedCurrency": "USD",
        "cik": "0000048039",
        "fillingDate": "2011-02-25",
        "acceptedDate": "2011-02-25 09:23:53",
        "calendarYear": "2010",
        "period": "Q4",
        "revenue": 2211791000,
        "costOfRevenue": 2113805000,
        "grossProfit": 97986000,
        "grossProfitRatio": 0.0443016542,
        "researchAndDevelopmentExpenses": 0,
        "generalAndAdministrativeExpenses": 20216000,
        "sellingAndMarketingExpenses": 0,
        "sellingGeneralAndAdministrativeExpenses": 20216000,
        "otherExpenses": 31810000,
        "operatingExpenses": 52026000,
        "costAndExpenses": 2165831000,
        "interestIncome": 410000,
        "interestExpense": 18083000,
        "depreciationAndAmortization": 31810000,
        "ebitda": 69448000,
        "ebitdaratio": 0.0313989884,
        "operatingIncome": 37638000,
        "operatingIncomeRatio": 0.0170169785,
        "totalOtherIncomeExpensesNet": -8553000,
        "incomeBeforeTax": 29085000,
        "incomeBeforeTaxRatio": 0.0131499766,
        "incomeTaxExpense": 4836000,
        "netIncome": 24249000,
        "netIncomeRatio": 0.0109635133,
        "eps": 0.23,
        "epsdiluted": 0.23,
        "weightedAverageShsOut": 106614000,
        "weightedAverageShsOutDil": 106614000,
        "link": "https://www.sec.gov/Archives/edgar/data/48039/000095012311018524/0000950123-11-018524-index.htm",
        "finalLink": "https://www.sec.gov/Archives/edgar/data/48039/000095012311018524/d78694e10vk.htm"
    },
    {
        "date": "2010-09-30",
        "symbol": "HFC",
        "reportedCurrency": "USD",
        "cik": "0000048039",
        "fillingDate": "2010-11-05",
        "acceptedDate": "2010-11-05 08:10:33",
        "calendarYear": "2010",
        "period": "Q3",
        "revenue": 2090988000,
        "costOfRevenue": 1937307000,
        "grossProfit": 153681000,
        "grossProfitRatio": 0.073496835,
        "researchAndDevelopmentExpenses": 0,
        "generalAndAdministrativeExpenses": 16925000,
        "sellingAndMarketingExpenses": 0,
        "sellingGeneralAndAdministrativeExpenses": 16925000,
        "otherExpenses": 29138000,
        "operatingExpenses": 46063000,
        "costAndExpenses": 1983370000,
        "interestIncome": 64000,
        "interestExpense": 17368000,
        "depreciationAndAmortization": 29138000,
        "ebitda": 129177000,
        "ebitdaratio": 0.0617779729,
        "operatingIncome": 100039000,
        "operatingIncomeRatio": 0.0478429336,
        "totalOtherIncomeExpensesNet": -9155000,
        "incomeBeforeTax": 90884000,
        "incomeBeforeTaxRatio": 0.0434646206,
        "incomeTaxExpense": 31494000,
        "netIncome": 59390000,
        "netIncomeRatio": 0.0284028411,
        "eps": 0.56,
        "epsdiluted": 0.55,
        "weightedAverageShsOut": 106420000,
        "weightedAverageShsOutDil": 107134000,
        "link": "https://www.sec.gov/Archives/edgar/data/48039/000095012310101471/0000950123-10-101471-index.htm",
        "finalLink": "https://www.sec.gov/Archives/edgar/data/48039/000095012310101471/d76880e10vq.htm"
    },
    {
        "date": "2010-06-30",
        "symbol": "HFC",
        "reportedCurrency": "USD",
        "cik": "0000048039",
        "fillingDate": "2010-08-06",
        "acceptedDate": "2010-08-06 09:05:18",
        "calendarYear": "2010",
        "period": "Q2",
        "revenue": 2145860000,
        "costOfRevenue": 1969043000,
        "grossProfit": 176817000,
        "grossProfitRatio": 0.0823991314,
        "researchAndDevelopmentExpenses": 0,
        "generalAndAdministrativeExpenses": 15829000,
        "sellingAndMarketingExpenses": 0,
        "sellingGeneralAndAdministrativeExpenses": 15829000,
        "otherExpenses": 28824000,
        "operatingExpenses": 44653000,
        "costAndExpenses": 2013696000,
        "interestIncome": 635000,
        "interestExpense": 21023000,
        "depreciationAndAmortization": 28824000,
        "ebitda": 155663000,
        "ebitdaratio": 0.0725410791,
        "operatingIncome": 126839000,
        "operatingIncomeRatio": 0.0591087023,
        "totalOtherIncomeExpensesNet": -14519000,
        "incomeBeforeTax": 112320000,
        "incomeBeforeTaxRatio": 0.0523426505,
        "incomeTaxExpense": 39654000,
        "netIncome": 72666000,
        "netIncomeRatio": 0.0338633462,
        "eps": 0.68,
        "epsdiluted": 0.68,
        "weightedAverageShsOut": 106412000,
        "weightedAverageShsOutDil": 106816000,
        "link": "https://www.sec.gov/Archives/edgar/data/48039/000095012310074049/0000950123-10-074049-index.htm",
        "finalLink": "https://www.sec.gov/Archives/edgar/data/48039/000095012310074049/d74327e10vq.htm"
    },
    {
        "date": "2010-03-31",
        "symbol": "HFC",
        "reportedCurrency": "USD",
        "cik": "0000048039",
        "fillingDate": "2010-05-07",
        "acceptedDate": "2010-05-07 10:17:20",
        "calendarYear": "2010",
        "period": "Q1",
        "revenue": 1874290000,
        "costOfRevenue": 1851408000,
        "grossProfit": 22882000,
        "grossProfitRatio": 0.0122083562,
        "researchAndDevelopmentExpenses": 0,
        "generalAndAdministrativeExpenses": 17869000,
        "sellingAndMarketingExpenses": 0,
        "sellingGeneralAndAdministrativeExpenses": 17869000,
        "otherExpenses": 27757000,
        "operatingExpenses": 45626000,
        "costAndExpenses": 1897034000,
        "interestIncome": 59000,
        "interestExpense": 17722000,
        "depreciationAndAmortization": 27757000,
        "ebitda": 713000,
        "ebitdaratio": 0.0003804107,
        "operatingIncome": -27044000,
        "operatingIncomeRatio": -0.0144289304,
        "totalOtherIncomeExpensesNet": -12882000,
        "incomeBeforeTax": -39926000,
        "incomeBeforeTaxRatio": -0.021301933,
        "incomeTaxExpense": -16672000,
        "netIncome": -23254000,
        "netIncomeRatio": -0.0124068314,
        "eps": -0.22,
        "epsdiluted": -0.22,
        "weightedAverageShsOut": 106188000,
        "weightedAverageShsOutDil": 106464000,
        "link": "https://www.sec.gov/Archives/edgar/data/48039/000095012310046235/0000950123-10-046235-index.htm",
        "finalLink": "https://www.sec.gov/Archives/edgar/data/48039/000095012310018263/c96998e10vk.htm"
    },
    {
        "date": "2009-12-31",
        "symbol": "HFC",
        "reportedCurrency": "USD",
        "cik": "0000048039",
        "fillingDate": "2010-02-26",
        "acceptedDate": "2010-02-26 11:58:32",
        "calendarYear": "2009",
        "period": "Q4",
        "revenue": 1654635000,
        "costOfRevenue": 1308217000,
        "grossProfit": 346418000,
        "grossProfitRatio": 0.2093621856,
        "researchAndDevelopmentExpenses": 0,
        "generalAndAdministrativeExpenses": 16760000,
        "sellingAndMarketingExpenses": 0,
        "sellingGeneralAndAdministrativeExpenses": 16760000,
        "otherExpenses": 385518000,
        "operatingExpenses": 402278000,
        "costAndExpenses": 1710495000,
        "interestIncome": 2484000,
        "interestExpense": 14497000,
        "depreciationAndAmortization": 29545000,
        "ebitda": -24385000,
        "ebitdaratio": -0.0147373892,
        "operatingIncome": -53930000,
        "operatingIncomeRatio": -0.032593291,
        "totalOtherIncomeExpensesNet": -14471000,
        "incomeBeforeTax": -68401000,
        "incomeBeforeTaxRatio": -0.0413390264,
        "incomeTaxExpense": -27926000,
        "netIncome": -40475000,
        "netIncomeRatio": -0.0244615882,
        "eps": -0.38,
        "epsdiluted": -0.38,
        "weightedAverageShsOut": 106188000,
        "weightedAverageShsOutDil": 106188000,
        "link": "https://www.sec.gov/Archives/edgar/data/48039/000095012310018263/0000950123-10-018263-index.htm",
        "finalLink": "https://www.sec.gov/Archives/edgar/data/48039/000095012310018263/c96998e10vk.htm"
    },
    {
        "date": "2009-09-30",
        "symbol": "HFC",
        "reportedCurrency": "USD",
        "cik": "0000048039",
        "fillingDate": "2009-11-06",
        "acceptedDate": "2009-11-06 11:10:39",
        "calendarYear": "2009",
        "period": "Q3",
        "revenue": 1490429000,
        "costOfRevenue": 1392501000,
        "grossProfit": 97928000,
        "grossProfitRatio": 0.0657045723,
        "researchAndDevelopmentExpenses": 0,
        "generalAndAdministrativeExpenses": 16728000,
        "sellingAndMarketingExpenses": 0,
        "sellingGeneralAndAdministrativeExpenses": 16728000,
        "otherExpenses": 24267000,
        "operatingExpenses": 40995000,
        "costAndExpenses": 1433496000,
        "interestIncome": 231000,
        "interestExpense": 12405000,
        "depreciationAndAmortization": 24267000,
        "ebitda": 73836000,
        "ebitdaratio": 0.0495400989,
        "operatingIncome": 49569000,
        "operatingIncomeRatio": 0.0332582095,
        "totalOtherIncomeExpensesNet": -4542000,
        "incomeBeforeTax": 45027000,
        "incomeBeforeTaxRatio": 0.0302107648,
        "incomeTaxExpense": 13680000,
        "netIncome": 31347000,
        "netIncomeRatio": 0.0210321995,
        "eps": 0.31,
        "epsdiluted": 0.31,
        "weightedAverageShsOut": 100488000,
        "weightedAverageShsOutDil": 100654000,
        "link": "https://www.sec.gov/Archives/edgar/data/48039/000095012309059312/0000950123-09-059312-index.htm",
        "finalLink": "https://www.sec.gov/Archives/edgar/data/48039/000095012309059312/d70004e10vq.htm"
    },
    {
        "date": "2009-06-30",
        "symbol": "HFC",
        "reportedCurrency": "USD",
        "cik": "0000048039",
        "fillingDate": "2009-08-10",
        "acceptedDate": "2009-08-10 12:12:23",
        "calendarYear": "2009",
        "period": "Q2",
        "revenue": 1038381000,
        "costOfRevenue": 958434000,
        "grossProfit": 79947000,
        "grossProfitRatio": 0.0769919712,
        "researchAndDevelopmentExpenses": 0,
        "generalAndAdministrativeExpenses": 15108000,
        "sellingAndMarketingExpenses": 0,
        "sellingGeneralAndAdministrativeExpenses": 15108000,
        "otherExpenses": 25500000,
        "operatingExpenses": 40608000,
        "costAndExpenses": 999042000,
        "interestIncome": 134000,
        "interestExpense": 7205000,
        "depreciationAndAmortization": 25500000,
        "ebitda": 56885000,
        "ebitdaratio": 0.0547823968,
        "operatingIncome": 31385000,
        "operatingIncomeRatio": 0.0302249367,
        "totalOtherIncomeExpensesNet": -239000,
        "incomeBeforeTax": 31146000,
        "incomeBeforeTaxRatio": 0.0299947707,
        "incomeTaxExpense": 9575000,
        "netIncome": 21571000,
        "netIncomeRatio": 0.0207736852,
        "eps": 0.21,
        "epsdiluted": 0.21,
        "weightedAverageShsOut": 100340000,
        "weightedAverageShsOutDil": 100452000,
        "link": "https://www.sec.gov/Archives/edgar/data/48039/000095012309032886/0000950123-09-032886-index.htm",
        "finalLink": "https://www.sec.gov/Archives/edgar/data/48039/000095012309032886/d68746e10vq.htm"
    },
    {
        "date": "2009-03-31",
        "symbol": "HFC",
        "reportedCurrency": "USD",
        "cik": "0000048039",
        "fillingDate": "2009-05-08",
        "acceptedDate": "2009-05-08 13:19:07",
        "calendarYear": "2009",
        "period": "Q1",
        "revenue": 650823000,
        "costOfRevenue": 578856000,
        "grossProfit": 71967000,
        "grossProfitRatio": 0.1105784522,
        "researchAndDevelopmentExpenses": 0,
        "generalAndAdministrativeExpenses": 11747000,
        "sellingAndMarketingExpenses": 0,
        "sellingGeneralAndAdministrativeExpenses": 11747000,
        "otherExpenses": 20321000,
        "operatingExpenses": 32068000,
        "costAndExpenses": 610924000,
        "interestIncome": 2196000,
        "interestExpense": 6239000,
        "depreciationAndAmortization": 20321000,
        "ebitda": 60636000,
        "ebitdaratio": 0.0931681886,
        "operatingIncome": 40315000,
        "operatingIncomeRatio": 0.0619446455,
        "totalOtherIncomeExpensesNet": -4284000,
        "incomeBeforeTax": 36031000,
        "incomeBeforeTaxRatio": 0.0553622106,
        "incomeTaxExpense": 12131000,
        "netIncome": 23900000,
        "netIncomeRatio": 0.0367227341,
        "eps": 0.24,
        "epsdiluted": 0.24,
        "weightedAverageShsOut": 100084000,
        "weightedAverageShsOutDil": 100342000,
        "link": "https://www.sec.gov/Archives/edgar/data/48039/000095013409010155/0000950134-09-010155-index.htm",
        "finalLink": "https://www.sec.gov/Archives/edgar/data/48039/000095013409004038/d66595e10vk.htm"
    },
    {
        "date": "2008-12-31",
        "symbol": "HFC",
        "reportedCurrency": "USD",
        "cik": "0000048039",
        "fillingDate": "2009-02-27",
        "acceptedDate": "2009-02-27 12:02:07",
        "calendarYear": "2008",
        "period": "Q4",
        "revenue": 923942000,
        "costOfRevenue": 803521000,
        "grossProfit": 120421000,
        "grossProfitRatio": 0.1303339387,
        "researchAndDevelopmentExpenses": 0,
        "generalAndAdministrativeExpenses": 15073000,
        "sellingAndMarketingExpenses": 0,
        "sellingGeneralAndAdministrativeExpenses": 15073000,
        "otherExpenses": 17811000,
        "operatingExpenses": 32884000,
        "costAndExpenses": 836405000,
        "interestIncome": 0,
        "interestExpense": 0,
        "depreciationAndAmortization": 17811000,
        "ebitda": 96894000,
        "ebitdaratio": 0.1048702191,
        "operatingIncome": 79083000,
        "operatingIncomeRatio": 0.0855930351,
        "totalOtherIncomeExpensesNet": 0,
        "incomeBeforeTax": 79083000,
        "incomeBeforeTaxRatio": 0.0855930351,
        "incomeTaxExpense": 28525000,
        "netIncome": 50558000,
        "netIncomeRatio": 0.054719885,
        "eps": 0.51,
        "epsdiluted": 0.51,
        "weightedAverageShsOut": 100084000,
        "weightedAverageShsOutDil": 100084000,
        "link": "https://www.sec.gov/Archives/edgar/data/48039/000095013409004038/0000950134-09-004038-index.htm",
        "finalLink": "https://www.sec.gov/Archives/edgar/data/48039/000095013409004038/d66595e10vk.htm"
    },
    {
        "date": "2008-09-30",
        "symbol": "HFC",
        "reportedCurrency": "USD",
        "cik": "0000048039",
        "fillingDate": "2008-11-07",
        "acceptedDate": "2008-11-07 10:50:21",
        "calendarYear": "2008",
        "period": "Q3",
        "revenue": 1719920000,
        "costOfRevenue": 1606035000,
        "grossProfit": 113885000,
        "grossProfitRatio": 0.0662152891,
        "researchAndDevelopmentExpenses": 0,
        "generalAndAdministrativeExpenses": 14169000,
        "sellingAndMarketingExpenses": 0,
        "sellingGeneralAndAdministrativeExpenses": 14169000,
        "otherExpenses": 16740000,
        "operatingExpenses": 30909000,
        "costAndExpenses": 1636944000,
        "interestIncome": 0,
        "interestExpense": 0,
        "depreciationAndAmortization": 16740000,
        "ebitda": 92389000,
        "ebitdaratio": 0.0537170334,
        "operatingIncome": 75649000,
        "operatingIncomeRatio": 0.0439840225,
        "totalOtherIncomeExpensesNet": 0,
        "incomeBeforeTax": 75649000,
        "incomeBeforeTaxRatio": 0.0439840225,
        "incomeTaxExpense": 25750000,
        "netIncome": 49899000,
        "netIncomeRatio": 0.0290123959,
        "eps": 0.5,
        "epsdiluted": 0.5,
        "weightedAverageShsOut": 99434000,
        "weightedAverageShsOutDil": 100064000,
        "link": "https://www.sec.gov/Archives/edgar/data/48039/000095013408019850/0000950134-08-019850-index.htm",
        "finalLink": "https://www.sec.gov/Archives/edgar/data/48039/000095013408019850/d65049e10vq.htm"
    },
    {
        "date": "2008-06-30",
        "symbol": "HFC",
        "reportedCurrency": "USD",
        "cik": "0000048039",
        "fillingDate": "2008-08-08",
        "acceptedDate": "2008-08-08 12:34:42",
        "calendarYear": "2008",
        "period": "Q2",
        "revenue": 1743822000,
        "costOfRevenue": 1694835000,
        "grossProfit": 48987000,
        "grossProfitRatio": 0.0280917433,
        "researchAndDevelopmentExpenses": 0,
        "generalAndAdministrativeExpenses": 12832000,
        "sellingAndMarketingExpenses": 0,
        "sellingGeneralAndAdministrativeExpenses": 12832000,
        "otherExpenses": 15929000,
        "operatingExpenses": 28761000,
        "costAndExpenses": 1723596000,
        "interestIncome": 0,
        "interestExpense": 0,
        "depreciationAndAmortization": 15929000,
        "ebitda": 33237000,
        "ebitdaratio": 0.0190598582,
        "operatingIncome": 17308000,
        "operatingIncomeRatio": 0.0099253249,
        "totalOtherIncomeExpensesNet": 0,
        "incomeBeforeTax": 17308000,
        "incomeBeforeTaxRatio": 0.0099253249,
        "incomeTaxExpense": 5856000,
        "netIncome": 11452000,
        "netIncomeRatio": 0.006567184,
        "eps": 0.11,
        "epsdiluted": 0.11,
        "weightedAverageShsOut": 100316000,
        "weightedAverageShsOutDil": 101030000,
        "link": "https://www.sec.gov/Archives/edgar/data/48039/000095013408014755/0000950134-08-014755-index.htm",
        "finalLink": "https://www.sec.gov/Archives/edgar/data/48039/000095013408014755/d59380e10vq.htm"
    },
    {
        "date": "2008-03-31",
        "symbol": "HFC",
        "reportedCurrency": "USD",
        "cik": "0000048039",
        "fillingDate": "2008-05-12",
        "acceptedDate": "2008-05-12 11:33:22",
        "calendarYear": "2008",
        "period": "Q1",
        "revenue": 1479984000,
        "costOfRevenue": 1444250000,
        "grossProfit": 35734000,
        "grossProfitRatio": 0.0241448556,
        "researchAndDevelopmentExpenses": 0,
        "generalAndAdministrativeExpenses": 12832000,
        "sellingAndMarketingExpenses": 0,
        "sellingGeneralAndAdministrativeExpenses": 12832000,
        "otherExpenses": 13309000,
        "operatingExpenses": 26141000,
        "costAndExpenses": 1470391000,
        "interestIncome": 0,
        "interestExpense": 0,
        "depreciationAndAmortization": 13309000,
        "ebitda": 26653000,
        "ebitdaratio": 0.0180089785,
        "operatingIncome": 13344000,
        "operatingIncomeRatio": 0.0090163137,
        "totalOtherIncomeExpensesNet": 0,
        "incomeBeforeTax": 13344000,
        "incomeBeforeTaxRatio": 0.0090163137,
        "incomeTaxExpense": 4695000,
        "netIncome": 8649000,
        "netIncomeRatio": 0.0058439821,
        "eps": 0.0845,
        "epsdiluted": 0.0839,
        "weightedAverageShsOut": 102330000,
        "weightedAverageShsOutDil": 103030000,
        "link": "https://www.sec.gov/Archives/edgar/data/48039/000095013408009251/0000950134-08-009251-index.htm",
        "finalLink": "https://www.sec.gov/Archives/edgar/data/48039/000095013408003740/d54405e10vk.htm"
    },
    {
        "date": "2007-12-31",
        "symbol": "HFC",
        "reportedCurrency": "USD",
        "cik": "0000048039",
        "fillingDate": "2008-02-29",
        "acceptedDate": "2008-02-28 15:29:26",
        "calendarYear": "2007",
        "period": "Q4",
        "revenue": 1440207000,
        "costOfRevenue": 1351018000,
        "grossProfit": 89189000,
        "grossProfitRatio": 0.0619279034,
        "researchAndDevelopmentExpenses": 0,
        "generalAndAdministrativeExpenses": 12780000,
        "sellingAndMarketingExpenses": 0,
        "sellingGeneralAndAdministrativeExpenses": 12780000,
        "otherExpenses": 10833000,
        "operatingExpenses": 23613000,
        "costAndExpenses": 1374631000,
        "interestIncome": 0,
        "interestExpense": 0,
        "depreciationAndAmortization": 10833000,
        "ebitda": 86019000,
        "ebitdaratio": 0.0597268309,
        "operatingIncome": 75186000,
        "operatingIncomeRatio": 0.0522049955,
        "totalOtherIncomeExpensesNet": 0,
        "incomeBeforeTax": 75186000,
        "incomeBeforeTaxRatio": 0.0522049955,
        "incomeTaxExpense": 25353000,
        "netIncome": 49833000,
        "netIncomeRatio": 0.0346012761,
        "eps": 0.49,
        "epsdiluted": 0.49,
        "weightedAverageShsOut": 102330000,
        "weightedAverageShsOutDil": 102330000,
        "link": "https://www.sec.gov/Archives/edgar/data/48039/000095013408003740/0000950134-08-003740-index.htm",
        "finalLink": "https://www.sec.gov/Archives/edgar/data/48039/000095013408003740/d54405e10vk.htm"
    },
    {
        "date": "2007-09-30",
        "symbol": "HFC",
        "reportedCurrency": "USD",
        "cik": "0000048039",
        "fillingDate": "2007-11-09",
        "acceptedDate": "2007-11-08 13:07:09",
        "calendarYear": "2007",
        "period": "Q3",
        "revenue": 1208671000,
        "costOfRevenue": 1111710000,
        "grossProfit": 96961000,
        "grossProfitRatio": 0.0802211685,
        "researchAndDevelopmentExpenses": 0,
        "generalAndAdministrativeExpenses": 18798000,
        "sellingAndMarketingExpenses": 0,
        "sellingGeneralAndAdministrativeExpenses": 18798000,
        "otherExpenses": 10531000,
        "operatingExpenses": 29329000,
        "costAndExpenses": 1141039000,
        "interestIncome": 0,
        "interestExpense": 0,
        "depreciationAndAmortization": 10531000,
        "ebitda": 87798000,
        "ebitdaratio": 0.0726401146,
        "operatingIncome": 77267000,
        "operatingIncomeRatio": 0.0639272391,
        "totalOtherIncomeExpensesNet": 0,
        "incomeBeforeTax": 77267000,
        "incomeBeforeTaxRatio": 0.0639272391,
        "incomeTaxExpense": 19141000,
        "netIncome": 58126000,
        "netIncomeRatio": 0.048090837,
        "eps": 0.53,
        "epsdiluted": 0.52,
        "weightedAverageShsOut": 109638000,
        "weightedAverageShsOutDil": 111706000,
        "link": "https://www.sec.gov/Archives/edgar/data/48039/000095013407023380/0000950134-07-023380-index.htm",
        "finalLink": "https://www.sec.gov/Archives/edgar/data/48039/000095013407023380/d51322e10vq.htm"
    },
    {
        "date": "2007-06-30",
        "symbol": "HFC",
        "reportedCurrency": "USD",
        "cik": "0000048039",
        "fillingDate": "2007-08-09",
        "acceptedDate": "2007-08-09 12:51:27",
        "calendarYear": "2007",
        "period": "Q2",
        "revenue": 1216997000,
        "costOfRevenue": 948458000,
        "grossProfit": 268539000,
        "grossProfitRatio": 0.2206570764,
        "researchAndDevelopmentExpenses": 0,
        "generalAndAdministrativeExpenses": 21348000,
        "sellingAndMarketingExpenses": 0,
        "sellingGeneralAndAdministrativeExpenses": 21348000,
        "otherExpenses": 10641000,
        "operatingExpenses": 31989000,
        "costAndExpenses": 980447000,
        "interestIncome": 0,
        "interestExpense": 0,
        "depreciationAndAmortization": 10641000,
        "ebitda": 255404000,
        "ebitdaratio": 0.2098641163,
        "operatingIncome": 244763000,
        "operatingIncomeRatio": 0.2011204629,
        "totalOtherIncomeExpensesNet": 0,
        "incomeBeforeTax": 244763000,
        "incomeBeforeTaxRatio": 0.2011204629,
        "incomeTaxExpense": 86136000,
        "netIncome": 158627000,
        "netIncomeRatio": 0.1303429672,
        "eps": 1.44,
        "epsdiluted": 1.42,
        "weightedAverageShsOut": 109918000,
        "weightedAverageShsOutDil": 111906000,
        "link": "https://www.sec.gov/Archives/edgar/data/48039/000095013407017559/0000950134-07-017559-index.htm",
        "finalLink": "https://www.sec.gov/Archives/edgar/data/48039/000095013407017559/d48960e10vq.htm"
    },
    {
        "date": "2007-03-31",
        "symbol": "HFC",
        "reportedCurrency": "USD",
        "cik": "0000048039",
        "fillingDate": "2007-05-10",
        "acceptedDate": "2007-05-09 13:42:40",
        "calendarYear": "2007",
        "period": "Q1",
        "revenue": 925867000,
        "costOfRevenue": 801995000,
        "grossProfit": 123872000,
        "grossProfitRatio": 0.1337902744,
        "researchAndDevelopmentExpenses": 0,
        "generalAndAdministrativeExpenses": 15847000,
        "sellingAndMarketingExpenses": 0,
        "sellingGeneralAndAdministrativeExpenses": 15847000,
        "otherExpenses": 11451000,
        "operatingExpenses": 27298000,
        "costAndExpenses": 829293000,
        "interestIncome": 0,
        "interestExpense": 0,
        "depreciationAndAmortization": 11451000,
        "ebitda": 113679000,
        "ebitdaratio": 0.1227811338,
        "operatingIncome": 102228000,
        "operatingIncomeRatio": 0.1104132667,
        "totalOtherIncomeExpensesNet": 0,
        "incomeBeforeTax": 102228000,
        "incomeBeforeTaxRatio": 0.1104132667,
        "incomeTaxExpense": 34686000,
        "netIncome": 67542000,
        "netIncomeRatio": 0.0729500025,
        "eps": 0.61,
        "epsdiluted": 0.6,
        "weightedAverageShsOut": 110378000,
        "weightedAverageShsOutDil": 112636000,
        "link": "https://www.sec.gov/Archives/edgar/data/48039/000095013407010924/0000950134-07-010924-index.htm",
        "finalLink": "https://www.sec.gov/Archives/edgar/data/48039/000095013407004555/d44106e10vk.htm"
    },
    {
        "date": "2006-12-31",
        "symbol": "HFC",
        "reportedCurrency": "USD",
        "cik": "0000048039",
        "fillingDate": "2007-03-01",
        "acceptedDate": "2007-03-01 09:59:22",
        "calendarYear": "2006",
        "period": "Q4",
        "revenue": 938090000,
        "costOfRevenue": 839513000,
        "grossProfit": 98577000,
        "grossProfitRatio": 0.105082668,
        "researchAndDevelopmentExpenses": 0,
        "generalAndAdministrativeExpenses": 18442000,
        "sellingAndMarketingExpenses": 0,
        "sellingGeneralAndAdministrativeExpenses": 18442000,
        "otherExpenses": 11534000,
        "operatingExpenses": 29976000,
        "costAndExpenses": 869489000,
        "interestIncome": 0,
        "interestExpense": 0,
        "depreciationAndAmortization": 11533000,
        "ebitda": 86196000,
        "ebitdaratio": 0.091884574,
        "operatingIncome": 74663000,
        "operatingIncomeRatio": 0.0795904444,
        "totalOtherIncomeExpensesNet": 1149000,
        "incomeBeforeTax": 75812000,
        "incomeBeforeTaxRatio": 0.0808152736,
        "incomeTaxExpense": 27004000,
        "netIncome": 48808000,
        "netIncomeRatio": 0.052029123,
        "eps": 0.44,
        "epsdiluted": 0.44,
        "weightedAverageShsOut": 110378000,
        "weightedAverageShsOutDil": 110378000,
        "link": "https://www.sec.gov/Archives/edgar/data/48039/000095013407004555/0000950134-07-004555-index.htm",
        "finalLink": "https://www.sec.gov/Archives/edgar/data/48039/000095013407004555/d44106e10vk.htm"
    },
    {
        "date": "2006-09-30",
        "symbol": "HFC",
        "reportedCurrency": "USD",
        "cik": "0000048039",
        "fillingDate": "2006-11-06",
        "acceptedDate": "2006-11-06 12:27:55",
        "calendarYear": "2006",
        "period": "Q3",
        "revenue": 1172693000,
        "costOfRevenue": 1033557000,
        "grossProfit": 139136000,
        "grossProfitRatio": 0.1186465682,
        "researchAndDevelopmentExpenses": 0,
        "generalAndAdministrativeExpenses": 12566000,
        "sellingAndMarketingExpenses": 0,
        "sellingGeneralAndAdministrativeExpenses": 12566000,
        "otherExpenses": 9480000,
        "operatingExpenses": 22046000,
        "costAndExpenses": 1055603000,
        "interestIncome": 0,
        "interestExpense": 0,
        "depreciationAndAmortization": 9480000,
        "ebitda": 132446000,
        "ebitdaratio": 0.1129417503,
        "operatingIncome": 122966000,
        "operatingIncomeRatio": 0.1048577931,
        "totalOtherIncomeExpensesNet": 199000,
        "incomeBeforeTax": 123165000,
        "incomeBeforeTaxRatio": 0.105027488,
        "incomeTaxExpense": 43964000,
        "netIncome": 79201000,
        "netIncomeRatio": 0.0675377102,
        "eps": 0.7,
        "epsdiluted": 0.69,
        "weightedAverageShsOut": 113110000,
        "weightedAverageShsOutDil": 115566000,
        "link": "https://www.sec.gov/Archives/edgar/data/48039/000095013406020604/0000950134-06-020604-index.htm",
        "finalLink": "https://www.sec.gov/Archives/edgar/data/48039/000095013406020604/d40935e10vq.htm"
    },
    {
        "date": "2006-06-30",
        "symbol": "HFC",
        "reportedCurrency": "USD",
        "cik": "0000048039",
        "fillingDate": "2006-08-07",
        "acceptedDate": "2006-08-07 12:25:19",
        "calendarYear": "2006",
        "period": "Q2",
        "revenue": 1120840000,
        "costOfRevenue": 957201000,
        "grossProfit": 163639000,
        "grossProfitRatio": 0.1459967524,
        "researchAndDevelopmentExpenses": 0,
        "generalAndAdministrativeExpenses": 18731000,
        "sellingAndMarketingExpenses": 0,
        "sellingGeneralAndAdministrativeExpenses": 18731000,
        "otherExpenses": 10683000,
        "operatingExpenses": 29414000,
        "costAndExpenses": 986615000,
        "interestIncome": 0,
        "interestExpense": 0,
        "depreciationAndAmortization": 10683000,
        "ebitda": 153932000,
        "ebitdaratio": 0.1373362835,
        "operatingIncome": 143249000,
        "operatingIncomeRatio": 0.1278050391,
        "totalOtherIncomeExpensesNet": -5372000,
        "incomeBeforeTax": 137877000,
        "incomeBeforeTaxRatio": 0.1230122051,
        "incomeTaxExpense": 50148000,
        "netIncome": 87729000,
        "netIncomeRatio": 0.0782707612,
        "eps": 0.77,
        "epsdiluted": 0.75,
        "weightedAverageShsOut": 114372000,
        "weightedAverageShsOutDil": 116726000,
        "link": "https://www.sec.gov/Archives/edgar/data/48039/000095013406015043/0000950134-06-015043-index.htm",
        "finalLink": "https://www.sec.gov/Archives/edgar/data/48039/000095013406015043/d38504e10vq.htm"
    },
    {
        "date": "2006-03-31",
        "symbol": "HFC",
        "reportedCurrency": "USD",
        "cik": "0000048039",
        "fillingDate": "2006-05-08",
        "acceptedDate": "2006-05-08 13:14:47",
        "calendarYear": "2006",
        "period": "Q1",
        "revenue": 791594000,
        "costOfRevenue": 728079000,
        "grossProfit": 63515000,
        "grossProfitRatio": 0.0802368386,
        "researchAndDevelopmentExpenses": 0,
        "generalAndAdministrativeExpenses": 13516000,
        "sellingAndMarketingExpenses": 0,
        "sellingGeneralAndAdministrativeExpenses": 13516000,
        "otherExpenses": 8024000,
        "operatingExpenses": 21540000,
        "costAndExpenses": 749619000,
        "interestIncome": 0,
        "interestExpense": 0,
        "depreciationAndAmortization": 8574000,
        "ebitda": 70865000,
        "ebitdaratio": 0.0895219014,
        "operatingIncome": 62291000,
        "operatingIncomeRatio": 0.0786905914,
        "totalOtherIncomeExpensesNet": -15644000,
        "incomeBeforeTax": 46647000,
        "incomeBeforeTaxRatio": 0.0589279353,
        "incomeTaxExpense": 15487000,
        "netIncome": 31160000,
        "netIncomeRatio": 0.0393636132,
        "eps": 0.27,
        "epsdiluted": 0.26,
        "weightedAverageShsOut": 116916000,
        "weightedAverageShsOutDil": 120056000,
        "link": "https://www.sec.gov/Archives/edgar/data/48039/000095013406009061/0000950134-06-009061-index.htm",
        "finalLink": "https://www.sec.gov/Archives/edgar/data/48039/000095013406004428/d33650e10vk.htm"
    },
    {
        "date": "2005-12-31",
        "symbol": "HFC",
        "reportedCurrency": "USD",
        "cik": "0000048039",
        "fillingDate": "2006-03-07",
        "acceptedDate": "2006-03-07 12:22:59",
        "calendarYear": "2005",
        "period": "Q4",
        "revenue": 854445000,
        "costOfRevenue": 702858000,
        "grossProfit": 151587000,
        "grossProfitRatio": 0.1774098977,
        "researchAndDevelopmentExpenses": 0,
        "generalAndAdministrativeExpenses": 82629000,
        "sellingAndMarketingExpenses": 0,
        "sellingGeneralAndAdministrativeExpenses": 82629000,
        "otherExpenses": 9481000,
        "operatingExpenses": 92110000,
        "costAndExpenses": 794968000,
        "interestIncome": 0,
        "interestExpense": 0,
        "depreciationAndAmortization": 9481000,
        "ebitda": 74230000,
        "ebitdaratio": 0.0868751061,
        "operatingIncome": 64749000,
        "operatingIncomeRatio": 0.0757790144,
        "totalOtherIncomeExpensesNet": 0,
        "incomeBeforeTax": 64749000,
        "incomeBeforeTaxRatio": 0.0757790144,
        "incomeTaxExpense": 24868000,
        "netIncome": 39881000,
        "netIncomeRatio": 0.0466747421,
        "eps": 0.34,
        "epsdiluted": 0.34,
        "weightedAverageShsOut": 116916000,
        "weightedAverageShsOutDil": 116916000,
        "link": "https://www.sec.gov/Archives/edgar/data/48039/000095013406004428/0000950134-06-004428-index.htm",
        "finalLink": "https://www.sec.gov/Archives/edgar/data/48039/000095013406004428/d33650e10vk.htm"
    },
    {
        "date": "2005-09-30",
        "symbol": "HFC",
        "reportedCurrency": "USD",
        "cik": "0000048039",
        "fillingDate": "2005-11-07",
        "acceptedDate": "2005-11-07 11:38:36",
        "calendarYear": "2005",
        "period": "Q3",
        "revenue": 935279000,
        "costOfRevenue": 772956000,
        "grossProfit": 162323000,
        "grossProfitRatio": 0.1735556984,
        "researchAndDevelopmentExpenses": 0,
        "generalAndAdministrativeExpenses": 59563000,
        "sellingAndMarketingExpenses": 0,
        "sellingGeneralAndAdministrativeExpenses": 59563000,
        "otherExpenses": 9390000,
        "operatingExpenses": 68953000,
        "costAndExpenses": 841909000,
        "interestIncome": 0,
        "interestExpense": 0,
        "depreciationAndAmortization": 9390000,
        "ebitda": 107426000,
        "ebitdaratio": 0.114859844,
        "operatingIncome": 98036000,
        "operatingIncomeRatio": 0.104820059,
        "totalOtherIncomeExpensesNet": -669000,
        "incomeBeforeTax": 97367000,
        "incomeBeforeTaxRatio": 0.1041047645,
        "incomeTaxExpense": 36317000,
        "netIncome": 61050000,
        "netIncomeRatio": 0.06527464,
        "eps": 0.5,
        "epsdiluted": 0.49,
        "weightedAverageShsOut": 122472000,
        "weightedAverageShsOutDil": 125544000,
        "link": "https://www.sec.gov/Archives/edgar/data/48039/000095013405020732/0000950134-05-020732-index.htm",
        "finalLink": "https://www.sec.gov/Archives/edgar/data/48039/000095013405020732/d30044e10vq.htm"
    },
    {
        "date": "2005-06-30",
        "symbol": "HFC",
        "reportedCurrency": "USD",
        "cik": "0000048039",
        "fillingDate": "2005-08-08",
        "acceptedDate": "2005-08-08 11:14:17",
        "calendarYear": "2005",
        "period": "Q2",
        "revenue": 771296000,
        "costOfRevenue": 655321000,
        "grossProfit": 115975000,
        "grossProfitRatio": 0.1503638033,
        "researchAndDevelopmentExpenses": 0,
        "generalAndAdministrativeExpenses": 15678000,
        "sellingAndMarketingExpenses": 0,
        "sellingGeneralAndAdministrativeExpenses": 15678000,
        "otherExpenses": 13127000,
        "operatingExpenses": 28805000,
        "costAndExpenses": 684126000,
        "interestIncome": 0,
        "interestExpense": 0,
        "depreciationAndAmortization": 13127000,
        "ebitda": 96601000,
        "ebitdaratio": 0.1252450421,
        "operatingIncome": 83474000,
        "operatingIncomeRatio": 0.1082256358,
        "totalOtherIncomeExpensesNet": 0,
        "incomeBeforeTax": 83474000,
        "incomeBeforeTaxRatio": 0.1082256358,
        "incomeTaxExpense": 31446000,
        "netIncome": 52028000,
        "netIncomeRatio": 0.067455296,
        "eps": 0.41,
        "epsdiluted": 0.4,
        "weightedAverageShsOut": 126548000,
        "weightedAverageShsOutDil": 129532000,
        "link": "https://www.sec.gov/Archives/edgar/data/48039/000095013405015146/0000950134-05-015146-index.htm",
        "finalLink": "https://www.sec.gov/Archives/edgar/data/48039/000095013405015146/d27776e10vq.htm"
    },
    {
        "date": "2005-03-31",
        "symbol": "HFC",
        "reportedCurrency": "USD",
        "cik": "0000048039",
        "fillingDate": "2005-05-10",
        "acceptedDate": "2005-05-09 14:36:56",
        "calendarYear": "2005",
        "period": "Q1",
        "revenue": 651725000,
        "costOfRevenue": 600899000,
        "grossProfit": 50826000,
        "grossProfitRatio": 0.077986881,
        "researchAndDevelopmentExpenses": 0,
        "generalAndAdministrativeExpenses": 13098000,
        "sellingAndMarketingExpenses": 0,
        "sellingGeneralAndAdministrativeExpenses": 13098000,
        "otherExpenses": 11819000,
        "operatingExpenses": 24917000,
        "costAndExpenses": 625816000,
        "interestIncome": 0,
        "interestExpense": 0,
        "depreciationAndAmortization": 11819000,
        "ebitda": 33065000,
        "ebitdaratio": 0.050734589,
        "operatingIncome": 21246000,
        "operatingIncomeRatio": 0.0325996394,
        "totalOtherIncomeExpensesNet": 0,
        "incomeBeforeTax": 21246000,
        "incomeBeforeTaxRatio": 0.0325996394,
        "incomeTaxExpense": 8180000,
        "netIncome": 13066000,
        "netIncomeRatio": 0.0200483333,
        "eps": 0.1,
        "epsdiluted": 0.1,
        "weightedAverageShsOut": 126056000,
        "weightedAverageShsOutDil": 129008000,
        "link": "https://www.sec.gov/Archives/edgar/data/48039/000095013405009488/0000950134-05-009488-index.htm",
        "finalLink": "https://www.sec.gov/Archives/edgar/data/48039/000095013405004765/d23336e10vk.htm"
    },
    {
        "date": "2004-12-31",
        "symbol": "HFC",
        "reportedCurrency": "USD",
        "cik": "0000048039",
        "fillingDate": "2005-03-11",
        "acceptedDate": "2005-03-11 12:10:07",
        "calendarYear": "2004",
        "period": "Q4",
        "revenue": 617133000,
        "costOfRevenue": 527957000,
        "grossProfit": 89176000,
        "grossProfitRatio": 0.1445004561,
        "researchAndDevelopmentExpenses": 0,
        "generalAndAdministrativeExpenses": 60251000,
        "sellingAndMarketingExpenses": 0,
        "sellingGeneralAndAdministrativeExpenses": 60251000,
        "otherExpenses": 10641000,
        "operatingExpenses": 70892000,
        "costAndExpenses": 598849000,
        "interestIncome": 0,
        "interestExpense": 0,
        "depreciationAndAmortization": 10641000,
        "ebitda": 24591000,
        "ebitdaratio": 0.0398471642,
        "operatingIncome": 13950000,
        "operatingIncomeRatio": 0.0226045277,
        "totalOtherIncomeExpensesNet": 0,
        "incomeBeforeTax": 13950000,
        "incomeBeforeTaxRatio": 0.0226045277,
        "incomeTaxExpense": 6565000,
        "netIncome": 7385000,
        "netIncomeRatio": 0.0119666263,
        "eps": 0.0586,
        "epsdiluted": 0.0586,
        "weightedAverageShsOut": 126056000,
        "weightedAverageShsOutDil": 126056000,
        "link": "https://www.sec.gov/Archives/edgar/data/48039/000095013405004765/0000950134-05-004765-index.htm",
        "finalLink": "https://www.sec.gov/Archives/edgar/data/48039/000095013405004765/d23336e10vk.htm"
    },
    {
        "date": "2004-09-30",
        "symbol": "HFC",
        "reportedCurrency": "USD",
        "cik": "0000048039",
        "fillingDate": "2004-11-09",
        "acceptedDate": "2004-11-08 14:06:02",
        "calendarYear": "2004",
        "period": "Q3",
        "revenue": 597448000,
        "costOfRevenue": 507752000,
        "grossProfit": 89696000,
        "grossProfitRatio": 0.1501318943,
        "researchAndDevelopmentExpenses": 0,
        "generalAndAdministrativeExpenses": 58763000,
        "sellingAndMarketingExpenses": 0,
        "sellingGeneralAndAdministrativeExpenses": 58763000,
        "otherExpenses": 9985000,
        "operatingExpenses": 68748000,
        "costAndExpenses": 576500000,
        "interestIncome": 0,
        "interestExpense": 0,
        "depreciationAndAmortization": 9985000,
        "ebitda": 28588000,
        "ebitdaratio": 0.0478501895,
        "operatingIncome": 18603000,
        "operatingIncomeRatio": 0.0311374379,
        "totalOtherIncomeExpensesNet": 0,
        "incomeBeforeTax": 18603000,
        "incomeBeforeTaxRatio": 0.0311374379,
        "incomeTaxExpense": 7078000,
        "netIncome": 11525000,
        "netIncomeRatio": 0.0192903818,
        "eps": 0.0914,
        "epsdiluted": 0.0889,
        "weightedAverageShsOut": 126052000,
        "weightedAverageShsOutDil": 129680000,
        "link": "https://www.sec.gov/Archives/edgar/data/48039/000095013404016785/0000950134-04-016785-index.htm",
        "finalLink": "https://www.sec.gov/Archives/edgar/data/48039/000095013404016785/d19940e10vq.htm"
    },
    {
        "date": "2004-06-30",
        "symbol": "HFC",
        "reportedCurrency": "USD",
        "cik": "0000048039",
        "fillingDate": "2004-08-06",
        "acceptedDate": "2004-08-06 10:52:23",
        "calendarYear": "2004",
        "period": "Q2",
        "revenue": 568735000,
        "costOfRevenue": 425959000,
        "grossProfit": 142776000,
        "grossProfitRatio": 0.2510413461,
        "researchAndDevelopmentExpenses": 0,
        "generalAndAdministrativeExpenses": 51629000,
        "sellingAndMarketingExpenses": 0,
        "sellingGeneralAndAdministrativeExpenses": 51629000,
        "otherExpenses": 9931000,
        "operatingExpenses": 61560000,
        "costAndExpenses": 487519000,
        "interestIncome": 0,
        "interestExpense": 0,
        "depreciationAndAmortization": 9931000,
        "ebitda": 93003000,
        "ebitdaratio": 0.163526071,
        "operatingIncome": 83072000,
        "operatingIncomeRatio": 0.1460645116,
        "totalOtherIncomeExpensesNet": 0,
        "incomeBeforeTax": 83072000,
        "incomeBeforeTaxRatio": 0.1460645116,
        "incomeTaxExpense": 32065000,
        "netIncome": 51007000,
        "netIncomeRatio": 0.0896850027,
        "eps": 0.4,
        "epsdiluted": 0.39,
        "weightedAverageShsOut": 126424000,
        "weightedAverageShsOutDil": 130416000,
        "link": "https://www.sec.gov/Archives/edgar/data/48039/000095013404011585/0000950134-04-011585-index.htm",
        "finalLink": "https://www.sec.gov/Archives/edgar/data/48039/000095013404011585/d17349e10vq.htm"
    },
    {
        "date": "2004-03-31",
        "symbol": "HFC",
        "reportedCurrency": "USD",
        "cik": "0000048039",
        "fillingDate": "2004-05-07",
        "acceptedDate": "2004-05-07 08:04:17",
        "calendarYear": "2004",
        "period": "Q1",
        "revenue": 463057000,
        "costOfRevenue": 374895000,
        "grossProfit": 88162000,
        "grossProfitRatio": 0.1903912477,
        "researchAndDevelopmentExpenses": 0,
        "generalAndAdministrativeExpenses": 53172000,
        "sellingAndMarketingExpenses": 0,
        "sellingGeneralAndAdministrativeExpenses": 53172000,
        "otherExpenses": 9924000,
        "operatingExpenses": 63096000,
        "costAndExpenses": 437991000,
        "interestIncome": 0,
        "interestExpense": 0,
        "depreciationAndAmortization": 9924000,
        "ebitda": 32768000,
        "ebitdaratio": 0.0707645063,
        "operatingIncome": 22844000,
        "operatingIncomeRatio": 0.0493330195,
        "totalOtherIncomeExpensesNet": 0,
        "incomeBeforeTax": 22844000,
        "incomeBeforeTaxRatio": 0.0493330195,
        "incomeTaxExpense": 8882000,
        "netIncome": 13962000,
        "netIncomeRatio": 0.0301517956,
        "eps": 0.11,
        "epsdiluted": 0.11,
        "weightedAverageShsOut": 124848000,
        "weightedAverageShsOutDil": 128720000,
        "link": "https://www.sec.gov/Archives/edgar/data/48039/000095013404006912/0000950134-04-006912-index.htm",
        "finalLink": "https://www.sec.gov/Archives/edgar/data/48039/000095013404006912/d15203e10vq.htm"
    },
    {
        "date": "2003-12-31",
        "symbol": "HFC",
        "reportedCurrency": "USD",
        "cik": "0000048039",
        "fillingDate": "2003-12-31",
        "acceptedDate": "2003-12-30 19:00:00",
        "calendarYear": "2003",
        "period": "Q4",
        "revenue": 352893000,
        "costOfRevenue": 329303000,
        "grossProfit": 23590000,
        "grossProfitRatio": 0.066847458,
        "researchAndDevelopmentExpenses": 0,
        "generalAndAdministrativeExpenses": 0,
        "sellingAndMarketingExpenses": 0,
        "sellingGeneralAndAdministrativeExpenses": 12447000,
        "otherExpenses": 11277000,
        "operatingExpenses": 23724000,
        "costAndExpenses": 353027000,
        "interestIncome": 0,
        "interestExpense": 0,
        "depreciationAndAmortization": 10246000,
        "ebitda": 8128000,
        "ebitdaratio": 0.0230324773,
        "operatingIncome": -2118000,
        "operatingIncomeRatio": -0.0060018192,
        "totalOtherIncomeExpensesNet": 0,
        "incomeBeforeTax": -2118000,
        "incomeBeforeTaxRatio": -0.0060018192,
        "incomeTaxExpense": -1037000,
        "netIncome": -1081000,
        "netIncomeRatio": -0.0030632515,
        "eps": -0.0087,
        "epsdiluted": -0.0087,
        "weightedAverageShsOut": 124048000,
        "weightedAverageShsOutDil": 124048000,
        "link": "",
        "finalLink": ""
    },
    {
        "date": "2003-09-30",
        "symbol": "HFC",
        "reportedCurrency": "USD",
        "cik": "0000048039",
        "fillingDate": "2003-09-30",
        "acceptedDate": "2003-09-29 20:00:00",
        "calendarYear": "2003",
        "period": "Q3",
        "revenue": 412152000,
        "costOfRevenue": 365269000,
        "grossProfit": 46883000,
        "grossProfitRatio": 0.1137517227,
        "researchAndDevelopmentExpenses": 0,
        "generalAndAdministrativeExpenses": 0,
        "sellingAndMarketingExpenses": 0,
        "sellingGeneralAndAdministrativeExpenses": 10023000,
        "otherExpenses": 9497000,
        "operatingExpenses": 19520000,
        "costAndExpenses": 384789000,
        "interestIncome": 0,
        "interestExpense": 0,
        "depreciationAndAmortization": 9104000,
        "ebitda": 37758000,
        "ebitdaratio": 0.0916118325,
        "operatingIncome": 28654000,
        "operatingIncomeRatio": 0.0695228945,
        "totalOtherIncomeExpensesNet": 0,
        "incomeBeforeTax": 28654000,
        "incomeBeforeTaxRatio": 0.0695228945,
        "incomeTaxExpense": 11104000,
        "netIncome": 17550000,
        "netIncomeRatio": 0.0425813777,
        "eps": 0.14,
        "epsdiluted": 0.14,
        "weightedAverageShsOut": 124048000,
        "weightedAverageShsOutDil": 128232000,
        "link": "",
        "finalLink": ""
    },
    {
        "date": "2003-04-30",
        "symbol": "HFC",
        "reportedCurrency": "USD",
        "cik": "0000048039",
        "fillingDate": "2003-04-30",
        "acceptedDate": "2003-04-29 20:00:00",
        "calendarYear": "2003",
        "period": "Q1",
        "revenue": 312180000,
        "costOfRevenue": 284048000,
        "grossProfit": 28132000,
        "grossProfitRatio": 0.0901146774,
        "researchAndDevelopmentExpenses": 0,
        "generalAndAdministrativeExpenses": 0,
        "sellingAndMarketingExpenses": 0,
        "sellingGeneralAndAdministrativeExpenses": 7057000,
        "otherExpenses": 8979000,
        "operatingExpenses": 16036000,
        "costAndExpenses": 300084000,
        "interestIncome": 0,
        "interestExpense": 0,
        "depreciationAndAmortization": 8979000,
        "ebitda": 52095000,
        "ebitdaratio": 0.1668748799,
        "operatingIncome": 43116000,
        "operatingIncomeRatio": 0.1381126273,
        "totalOtherIncomeExpensesNet": 0,
        "incomeBeforeTax": 43116000,
        "incomeBeforeTaxRatio": 0.1381126273,
        "incomeTaxExpense": 16415000,
        "netIncome": 26701000,
        "netIncomeRatio": 0.0855307835,
        "eps": 0.22,
        "epsdiluted": 0.21,
        "weightedAverageShsOut": 123944000,
        "weightedAverageShsOutDil": 127888000,
        "link": "",
        "finalLink": ""
    },
    {
        "date": "2003-01-31",
        "symbol": "HFC",
        "reportedCurrency": "USD",
        "cik": "0000048039",
        "fillingDate": "2003-01-31",
        "acceptedDate": "2003-01-30 19:00:00",
        "calendarYear": "2002",
        "period": "Q4",
        "revenue": 270360000,
        "costOfRevenue": 258879000,
        "grossProfit": 11481000,
        "grossProfitRatio": 0.0424656014,
        "researchAndDevelopmentExpenses": 0,
        "generalAndAdministrativeExpenses": 0,
        "sellingAndMarketingExpenses": 0,
        "sellingGeneralAndAdministrativeExpenses": 5337000,
        "otherExpenses": 7161000,
        "operatingExpenses": 12498000,
        "costAndExpenses": 271377000,
        "interestIncome": 0,
        "interestExpense": 0,
        "depreciationAndAmortization": 7161000,
        "ebitda": 4573000,
        "ebitdaratio": 0.0169144844,
        "operatingIncome": -2588000,
        "operatingIncomeRatio": -0.009572422,
        "totalOtherIncomeExpensesNet": 0,
        "incomeBeforeTax": -2588000,
        "incomeBeforeTaxRatio": -0.009572422,
        "incomeTaxExpense": -992000,
        "netIncome": -1596000,
        "netIncomeRatio": -0.0059032401,
        "eps": -0.0129,
        "epsdiluted": -0.0129,
        "weightedAverageShsOut": 124104000,
        "weightedAverageShsOutDil": 124104000,
        "link": "",
        "finalLink": ""
    },
    {
        "date": "2002-10-31",
        "symbol": "HFC",
        "reportedCurrency": "USD",
        "cik": "0000048039",
        "fillingDate": "2002-10-31",
        "acceptedDate": "2002-10-30 19:00:00",
        "calendarYear": "2002",
        "period": "Q3",
        "revenue": 275658000,
        "costOfRevenue": 256316000,
        "grossProfit": 19342000,
        "grossProfitRatio": 0.0701666558,
        "researchAndDevelopmentExpenses": 0,
        "generalAndAdministrativeExpenses": 0,
        "sellingAndMarketingExpenses": 0,
        "sellingGeneralAndAdministrativeExpenses": 5203000,
        "otherExpenses": 7196000,
        "operatingExpenses": 12399000,
        "costAndExpenses": 268715000,
        "interestIncome": 0,
        "interestExpense": 0,
        "depreciationAndAmortization": 7196000,
        "ebitda": 15702000,
        "ebitdaratio": 0.0569618876,
        "operatingIncome": 8506000,
        "operatingIncomeRatio": 0.0308570765,
        "totalOtherIncomeExpensesNet": 0,
        "incomeBeforeTax": 8506000,
        "incomeBeforeTaxRatio": 0.0308570765,
        "incomeTaxExpense": 3259000,
        "netIncome": 5247000,
        "netIncomeRatio": 0.0190344557,
        "eps": 0.0423,
        "epsdiluted": 0.0413,
        "weightedAverageShsOut": 124176000,
        "weightedAverageShsOutDil": 127016000,
        "link": "",
        "finalLink": ""
    },
    {
        "date": "2002-07-31",
        "symbol": "HFC",
        "reportedCurrency": "USD",
        "cik": "0000048039",
        "fillingDate": "2002-07-31",
        "acceptedDate": "2002-07-30 20:00:00",
        "calendarYear": "2002",
        "period": "Q2",
        "revenue": 253878000,
        "costOfRevenue": 135715000,
        "grossProfit": 118163000,
        "grossProfitRatio": 0.4654322155,
        "researchAndDevelopmentExpenses": 0,
        "generalAndAdministrativeExpenses": 0,
        "sellingAndMarketingExpenses": 0,
        "sellingGeneralAndAdministrativeExpenses": 102427000,
        "otherExpenses": 7670000,
        "operatingExpenses": 110097000,
        "costAndExpenses": 245812000,
        "interestIncome": 0,
        "interestExpense": 0,
        "depreciationAndAmortization": 7670000,
        "ebitda": 16481000,
        "ebitdaratio": 0.0649170074,
        "operatingIncome": 8811000,
        "operatingIncomeRatio": 0.034705646,
        "totalOtherIncomeExpensesNet": 0,
        "incomeBeforeTax": 8811000,
        "incomeBeforeTaxRatio": 0.034705646,
        "incomeTaxExpense": 2718000,
        "netIncome": 6093000,
        "netIncomeRatio": 0.0239997164,
        "eps": 0.0489,
        "epsdiluted": 0.0489,
        "weightedAverageShsOut": 124648000,
        "weightedAverageShsOutDil": 124648000,
        "link": "",
        "finalLink": ""
    },
    {
        "date": "2002-04-30",
        "symbol": "HFC",
        "reportedCurrency": "USD",
        "cik": "0000048039",
        "fillingDate": "2002-04-30",
        "acceptedDate": "2002-04-29 20:00:00",
        "calendarYear": "2002",
        "period": "Q1",
        "revenue": 210327000,
        "costOfRevenue": 189349000,
        "grossProfit": 20978000,
        "grossProfitRatio": 0.0997399288,
        "researchAndDevelopmentExpenses": 0,
        "generalAndAdministrativeExpenses": 0,
        "sellingAndMarketingExpenses": 0,
        "sellingGeneralAndAdministrativeExpenses": 5452000,
        "otherExpenses": 6884000,
        "operatingExpenses": 12336000,
        "costAndExpenses": 201685000,
        "interestIncome": 0,
        "interestExpense": 0,
        "depreciationAndAmortization": 6884000,
        "ebitda": 16692000,
        "ebitdaratio": 0.0793621361,
        "operatingIncome": 9808000,
        "operatingIncomeRatio": 0.046632149,
        "totalOtherIncomeExpensesNet": 0,
        "incomeBeforeTax": 9808000,
        "incomeBeforeTaxRatio": 0.046632149,
        "incomeTaxExpense": 3609000,
        "netIncome": 6199000,
        "netIncomeRatio": 0.0294731537,
        "eps": 0.0497,
        "epsdiluted": 0.0484,
        "weightedAverageShsOut": 124648000,
        "weightedAverageShsOutDil": 128128000,
        "link": "",
        "finalLink": ""
    },
    {
        "date": "2002-01-31",
        "symbol": "HFC",
        "reportedCurrency": "USD",
        "cik": "0000048039",
        "fillingDate": "2002-01-31",
        "acceptedDate": "2002-01-30 19:00:00",
        "calendarYear": "2001",
        "period": "Q4",
        "revenue": 166754000,
        "costOfRevenue": 157531000,
        "grossProfit": 9223000,
        "grossProfitRatio": 0.0553090181,
        "researchAndDevelopmentExpenses": 0,
        "generalAndAdministrativeExpenses": 0,
        "sellingAndMarketingExpenses": 0,
        "sellingGeneralAndAdministrativeExpenses": 5228000,
        "otherExpenses": 6714000,
        "operatingExpenses": 11942000,
        "costAndExpenses": 169473000,
        "interestIncome": 0,
        "interestExpense": 0,
        "depreciationAndAmortization": 6714000,
        "ebitda": 5922000,
        "ebitdaratio": 0.035513391,
        "operatingIncome": -792000,
        "operatingIncomeRatio": -0.0047495113,
        "totalOtherIncomeExpensesNet": 0,
        "incomeBeforeTax": -792000,
        "incomeBeforeTaxRatio": -0.0047495113,
        "incomeTaxExpense": -307000,
        "netIncome": -485000,
        "netIncomeRatio": -0.002908476,
        "eps": -0.0039,
        "epsdiluted": -0.0038,
        "weightedAverageShsOut": 124472000,
        "weightedAverageShsOutDil": 127968000,
        "link": "",
        "finalLink": ""
    },
    {
        "date": "2001-10-31",
        "symbol": "HFC",
        "reportedCurrency": "USD",
        "cik": "0000048039",
        "fillingDate": "2001-10-31",
        "acceptedDate": "2001-10-30 19:00:00",
        "calendarYear": "2001",
        "period": "Q3",
        "revenue": 257947000,
        "costOfRevenue": 217029000,
        "grossProfit": 40918000,
        "grossProfitRatio": 0.1586294859,
        "researchAndDevelopmentExpenses": 0,
        "generalAndAdministrativeExpenses": 0,
        "sellingAndMarketingExpenses": 0,
        "sellingGeneralAndAdministrativeExpenses": 5430000,
        "otherExpenses": 6431000,
        "operatingExpenses": 11861000,
        "costAndExpenses": 228890000,
        "interestIncome": 0,
        "interestExpense": 0,
        "depreciationAndAmortization": 6431000,
        "ebitda": 39500000,
        "ebitdaratio": 0.1531322326,
        "operatingIncome": 33069000,
        "operatingIncomeRatio": 0.1282007544,
        "totalOtherIncomeExpensesNet": 0,
        "incomeBeforeTax": 33069000,
        "incomeBeforeTaxRatio": 0.1282007544,
        "incomeTaxExpense": 12847000,
        "netIncome": 20222000,
        "netIncomeRatio": 0.0783959496,
        "eps": 0.16,
        "epsdiluted": 0.16,
        "weightedAverageShsOut": 124064000,
        "weightedAverageShsOutDil": 127552000,
        "link": "",
        "finalLink": ""
    },
    {
        "date": "2001-07-31",
        "symbol": "HFC",
        "reportedCurrency": "USD",
        "cik": "0000048039",
        "fillingDate": "2001-07-31",
        "acceptedDate": "2001-07-30 20:00:00",
        "calendarYear": "2001",
        "period": "Q2",
        "revenue": 264837000,
        "costOfRevenue": 121501000,
        "grossProfit": 143336000,
        "grossProfitRatio": 0.5412234695,
        "researchAndDevelopmentExpenses": 0,
        "generalAndAdministrativeExpenses": 106050000,
        "sellingAndMarketingExpenses": 0,
        "sellingGeneralAndAdministrativeExpenses": 106050000,
        "otherExpenses": -67891000,
        "operatingExpenses": 38159000,
        "costAndExpenses": 159660000,
        "interestIncome": 0,
        "interestExpense": 0,
        "depreciationAndAmortization": 7736000,
        "ebitda": 40487000,
        "ebitdaratio": 0.1528751647,
        "operatingIncome": 32751000,
        "operatingIncomeRatio": 0.1236647447,
        "totalOtherIncomeExpensesNet": 0,
        "incomeBeforeTax": 32751000,
        "incomeBeforeTaxRatio": 0.1236647447,
        "incomeTaxExpense": 13144000,
        "netIncome": 19607000,
        "netIncomeRatio": 0.0740342173,
        "eps": 0.16,
        "epsdiluted": 0.16,
        "weightedAverageShsOut": 124064000,
        "weightedAverageShsOutDil": 124064000,
        "link": "",
        "finalLink": ""
    },
    {
        "date": "2001-04-30",
        "symbol": "HFC",
        "reportedCurrency": "USD",
        "cik": "0000048039",
        "fillingDate": "2001-06-08",
        "acceptedDate": "2001-06-07 20:00:00",
        "calendarYear": "2001",
        "period": "Q1",
        "revenue": 268190000,
        "costOfRevenue": 221844000,
        "grossProfit": 46346000,
        "grossProfitRatio": 0.172810321,
        "researchAndDevelopmentExpenses": 0,
        "generalAndAdministrativeExpenses": 5320000,
        "sellingAndMarketingExpenses": 0,
        "sellingGeneralAndAdministrativeExpenses": 5320000,
        "otherExpenses": 31237000,
        "operatingExpenses": 36557000,
        "costAndExpenses": 258401000,
        "interestIncome": 0,
        "interestExpense": 0,
        "depreciationAndAmortization": 6632000,
        "ebitda": 41217000,
        "ebitdaratio": 0.1536858198,
        "operatingIncome": 34585000,
        "operatingIncomeRatio": 0.1289570827,
        "totalOtherIncomeExpensesNet": 0,
        "incomeBeforeTax": 34585000,
        "incomeBeforeTaxRatio": 0.1289570827,
        "incomeTaxExpense": 13696000,
        "netIncome": 20889000,
        "netIncomeRatio": 0.0778888102,
        "eps": 0.17,
        "epsdiluted": 0.17,
        "weightedAverageShsOut": 120992000,
        "weightedAverageShsOutDil": 122672000,
        "link": "https://www.sec.gov/Archives/edgar/data/48039/000095013401502971/0000950134-01-502971-index.html",
        "finalLink": "https://www.sec.gov/Archives/edgar/data/48039/000095013401502971/d88196e10-q.txt"
    },
    {
        "date": "2001-01-31",
        "symbol": "HFC",
        "reportedCurrency": "USD",
        "cik": "0000048039",
        "fillingDate": "2001-03-09",
        "acceptedDate": "2001-03-08 19:00:00",
        "calendarYear": "2000",
        "period": "Q4",
        "revenue": 283140000,
        "costOfRevenue": 251167000,
        "grossProfit": 31973000,
        "grossProfitRatio": 0.1129229357,
        "researchAndDevelopmentExpenses": 0,
        "generalAndAdministrativeExpenses": 5190000,
        "sellingAndMarketingExpenses": 0,
        "sellingGeneralAndAdministrativeExpenses": 5190000,
        "otherExpenses": 6407000,
        "operatingExpenses": 11597000,
        "costAndExpenses": 262764000,
        "interestIncome": 0,
        "interestExpense": 0,
        "depreciationAndAmortization": 6407000,
        "ebitda": 27172000,
        "ebitdaratio": 0.0959666596,
        "operatingIncome": 20765000,
        "operatingIncomeRatio": 0.0733382779,
        "totalOtherIncomeExpensesNet": 0,
        "incomeBeforeTax": 20765000,
        "incomeBeforeTaxRatio": 0.0733382779,
        "incomeTaxExpense": 8223000,
        "netIncome": 12542000,
        "netIncomeRatio": 0.0442961079,
        "eps": 0.1,
        "epsdiluted": 0.1,
        "weightedAverageShsOut": 120816000,
        "weightedAverageShsOutDil": 120816000,
        "link": "https://www.sec.gov/Archives/edgar/data/48039/000095013401002027/0000950134-01-002027-index.html",
        "finalLink": "https://www.sec.gov/Archives/edgar/data/48039/000095013401002027/d84881e10-q.txt"
    },
    {
        "date": "2000-10-31",
        "symbol": "HFC",
        "reportedCurrency": "USD",
        "cik": "0000048039",
        "fillingDate": "2000-12-15",
        "acceptedDate": "2000-12-14 19:00:00",
        "calendarYear": "2000",
        "period": "Q3",
        "revenue": 325963000,
        "costOfRevenue": 278851000,
        "grossProfit": 47112000,
        "grossProfitRatio": 0.1445317413,
        "researchAndDevelopmentExpenses": 0,
        "generalAndAdministrativeExpenses": 6973000,
        "sellingAndMarketingExpenses": 0,
        "sellingGeneralAndAdministrativeExpenses": 6973000,
        "otherExpenses": 6552000,
        "operatingExpenses": 13525000,
        "costAndExpenses": 292376000,
        "interestIncome": 0,
        "interestExpense": 0,
        "depreciationAndAmortization": 6552000,
        "ebitda": 40346000,
        "ebitdaratio": 0.1237747843,
        "operatingIncome": 33794000,
        "operatingIncomeRatio": 0.1036743434,
        "totalOtherIncomeExpensesNet": 0,
        "incomeBeforeTax": 33794000,
        "incomeBeforeTaxRatio": 0.1036743434,
        "incomeTaxExpense": 13382000,
        "netIncome": 20412000,
        "netIncomeRatio": 0.0626206042,
        "eps": 0.17,
        "epsdiluted": 0.17,
        "weightedAverageShsOut": 120816000,
        "weightedAverageShsOutDil": 120816000,
        "link": "https://www.sec.gov/Archives/edgar/data/48039/000095013400010526/0000950134-00-010526-index.html",
        "finalLink": "https://www.sec.gov/Archives/edgar/data/48039/000095013400010526/d82686e10-q.txt"
    },
    {
        "date": "2000-07-31",
        "symbol": "HFC",
        "reportedCurrency": "USD",
        "cik": "0000048039",
        "fillingDate": "2000-07-31",
        "acceptedDate": "2000-07-30 20:00:00",
        "calendarYear": "2000",
        "period": "Q2",
        "revenue": 289951000,
        "costOfRevenue": 176294000,
        "grossProfit": 113657000,
        "grossProfitRatio": 0.3919869219,
        "researchAndDevelopmentExpenses": 0,
        "generalAndAdministrativeExpenses": 92999000,
        "sellingAndMarketingExpenses": 0,
        "sellingGeneralAndAdministrativeExpenses": 92999000,
        "otherExpenses": 7515000,
        "operatingExpenses": 100514000,
        "costAndExpenses": 276808000,
        "interestIncome": 0,
        "interestExpense": 0,
        "depreciationAndAmortization": 7515000,
        "ebitda": 15463000,
        "ebitdaratio": 0.0533297005,
        "operatingIncome": 7948000,
        "operatingIncomeRatio": 0.0274115282,
        "totalOtherIncomeExpensesNet": 0,
        "incomeBeforeTax": 7948000,
        "incomeBeforeTaxRatio": 0.0274115282,
        "incomeTaxExpense": 2997000,
        "netIncome": 4951000,
        "netIncomeRatio": 0.0170752989,
        "eps": 0.041,
        "epsdiluted": 0.041,
        "weightedAverageShsOut": 120816000,
        "weightedAverageShsOutDil": 120816000,
        "link": "",
        "finalLink": ""
    },
    {
        "date": "2000-04-30",
        "symbol": "HFC",
        "reportedCurrency": "USD",
        "cik": "0000048039",
        "fillingDate": "2000-06-14",
        "acceptedDate": "2000-06-13 20:00:00",
        "calendarYear": "2000",
        "period": "Q1",
        "revenue": 256940000,
        "costOfRevenue": 229850000,
        "grossProfit": 27090000,
        "grossProfitRatio": 0.1054331751,
        "researchAndDevelopmentExpenses": 0,
        "generalAndAdministrativeExpenses": 6120000,
        "sellingAndMarketingExpenses": 0,
        "sellingGeneralAndAdministrativeExpenses": 6120000,
        "otherExpenses": 6608000,
        "operatingExpenses": 12728000,
        "costAndExpenses": 242578000,
        "interestIncome": 0,
        "interestExpense": 0,
        "depreciationAndAmortization": 6581000,
        "ebitda": 20026000,
        "ebitdaratio": 0.0779403752,
        "operatingIncome": 13445000,
        "operatingIncomeRatio": 0.0523273916,
        "totalOtherIncomeExpensesNet": 0,
        "incomeBeforeTax": 13445000,
        "incomeBeforeTaxRatio": 0.0523273916,
        "incomeTaxExpense": 5274000,
        "netIncome": 8171000,
        "netIncomeRatio": 0.0318011987,
        "eps": 0.0622,
        "epsdiluted": 0.0622,
        "weightedAverageShsOut": 131312000,
        "weightedAverageShsOutDil": 131312000,
        "link": "https://www.sec.gov/Archives/edgar/data/48039/000095012900003092/0000950129-00-003092-index.html",
        "finalLink": "https://www.sec.gov/Archives/edgar/data/48039/000095012900003092/0000950129-00-003092-0001.txt"
    },
    {
        "date": "2000-01-31",
        "symbol": "HFC",
        "reportedCurrency": "USD",
        "cik": "0000048039",
        "fillingDate": "2000-01-31",
        "acceptedDate": "2000-01-30 19:00:00",
        "calendarYear": "1999",
        "period": "Q4",
        "revenue": 218400000,
        "costOfRevenue": 212900000,
        "grossProfit": 5500000,
        "grossProfitRatio": 0.0251831502,
        "researchAndDevelopmentExpenses": 0,
        "generalAndAdministrativeExpenses": 5300000,
        "sellingAndMarketingExpenses": 0,
        "sellingGeneralAndAdministrativeExpenses": 5300000,
        "otherExpenses": 7000000,
        "operatingExpenses": 12300000,
        "costAndExpenses": 225200000,
        "interestIncome": 0,
        "interestExpense": 0,
        "depreciationAndAmortization": 7000000,
        "ebitda": -1100000,
        "ebitdaratio": -0.00503663,
        "operatingIncome": -8100000,
        "operatingIncomeRatio": -0.0370879121,
        "totalOtherIncomeExpensesNet": 0,
        "incomeBeforeTax": -8100000,
        "incomeBeforeTaxRatio": -0.0370879121,
        "incomeTaxExpense": -3200000,
        "netIncome": -4900000,
        "netIncomeRatio": -0.0224358974,
        "eps": -0.0371,
        "epsdiluted": -0.0371,
        "weightedAverageShsOut": 132064000,
        "weightedAverageShsOutDil": 132064000,
        "link": "",
        "finalLink": ""
    },
    {
        "date": "1999-10-31",
        "symbol": "HFC",
        "reportedCurrency": "USD",
        "cik": "0000048039",
        "fillingDate": "1999-12-14",
        "acceptedDate": "1999-12-13 19:00:00",
        "calendarYear": "1999",
        "period": "Q3",
        "revenue": 200600000,
        "costOfRevenue": 160100000,
        "grossProfit": 40500000,
        "grossProfitRatio": 0.201894317,
        "researchAndDevelopmentExpenses": 0,
        "generalAndAdministrativeExpenses": 28100000,
        "sellingAndMarketingExpenses": 0,
        "sellingGeneralAndAdministrativeExpenses": 28100000,
        "otherExpenses": 6400000,
        "operatingExpenses": 34500000,
        "costAndExpenses": 194600000,
        "interestIncome": 0,
        "interestExpense": 0,
        "depreciationAndAmortization": 6400000,
        "ebitda": 11700000,
        "ebitdaratio": 0.0583250249,
        "operatingIncome": 5300000,
        "operatingIncomeRatio": 0.0264207378,
        "totalOtherIncomeExpensesNet": 0,
        "incomeBeforeTax": 5300000,
        "incomeBeforeTaxRatio": 0.0264207378,
        "incomeTaxExpense": 2100000,
        "netIncome": 3200000,
        "netIncomeRatio": 0.0159521436,
        "eps": 0.0244,
        "epsdiluted": 0.0244,
        "weightedAverageShsOut": 131282051,
        "weightedAverageShsOutDil": 131282051,
        "link": "https://www.sec.gov/Archives/edgar/data/48039/000095013499011029/0000950134-99-011029-index.html",
        "finalLink": "https://www.sec.gov/Archives/edgar/data/48039/0000950134-99-011029.txt"
    },
    {
        "date": "1999-07-31",
        "symbol": "HFC",
        "reportedCurrency": "USD",
        "cik": "0000048039",
        "fillingDate": "1999-07-31",
        "acceptedDate": "1999-07-30 20:00:00",
        "calendarYear": "1999",
        "period": "Q2",
        "revenue": 196700000,
        "costOfRevenue": 85400000,
        "grossProfit": 111300000,
        "grossProfitRatio": 0.5658362989,
        "researchAndDevelopmentExpenses": 0,
        "generalAndAdministrativeExpenses": 86100000,
        "sellingAndMarketingExpenses": 0,
        "sellingGeneralAndAdministrativeExpenses": 86100000,
        "otherExpenses": 6700000,
        "operatingExpenses": 92800000,
        "costAndExpenses": 178200000,
        "interestIncome": 0,
        "interestExpense": 0,
        "depreciationAndAmortization": 6700000,
        "ebitda": 23800000,
        "ebitdaratio": 0.1209964413,
        "operatingIncome": 17100000,
        "operatingIncomeRatio": 0.0869344179,
        "totalOtherIncomeExpensesNet": 0,
        "incomeBeforeTax": 17100000,
        "incomeBeforeTaxRatio": 0.0869344179,
        "incomeTaxExpense": 6800000,
        "netIncome": 10300000,
        "netIncomeRatio": 0.0523640061,
        "eps": 0.0785,
        "epsdiluted": 0.0785,
        "weightedAverageShsOut": 131282051,
        "weightedAverageShsOutDil": 131282051,
        "link": "",
        "finalLink": ""
    },
    {
        "date": "1999-04-30",
        "symbol": "HFC",
        "reportedCurrency": "USD",
        "cik": "0000048039",
        "fillingDate": "1999-06-11",
        "acceptedDate": "1999-06-10 20:00:00",
        "calendarYear": "1999",
        "period": "Q1",
        "revenue": 141500000,
        "costOfRevenue": 117300000,
        "grossProfit": 24200000,
        "grossProfitRatio": 0.171024735,
        "researchAndDevelopmentExpenses": 0,
        "generalAndAdministrativeExpenses": 6500000,
        "sellingAndMarketingExpenses": 0,
        "sellingGeneralAndAdministrativeExpenses": 6500000,
        "otherExpenses": 7000000,
        "operatingExpenses": 13500000,
        "costAndExpenses": 130800000,
        "interestIncome": 0,
        "interestExpense": 0,
        "depreciationAndAmortization": 7100000,
        "ebitda": 21800000,
        "ebitdaratio": 0.1540636042,
        "operatingIncome": 14700000,
        "operatingIncomeRatio": 0.1038869258,
        "totalOtherIncomeExpensesNet": 0,
        "incomeBeforeTax": 14700000,
        "incomeBeforeTaxRatio": 0.1038869258,
        "incomeTaxExpense": 5900000,
        "netIncome": 8800000,
        "netIncomeRatio": 0.0621908127,
        "eps": 0.0656,
        "epsdiluted": 0.0656,
        "weightedAverageShsOut": 134095238,
        "weightedAverageShsOutDil": 134095238,
        "link": "https://www.sec.gov/Archives/edgar/data/48039/000095013499005433/0000950134-99-005433-index.html",
        "finalLink": "https://www.sec.gov/Archives/edgar/data/48039/0000950134-99-005433.txt"
    },
    {
        "date": "1999-01-31",
        "symbol": "HFC",
        "reportedCurrency": "USD",
        "cik": "0000048039",
        "fillingDate": "1999-01-31",
        "acceptedDate": "1999-01-30 19:00:00",
        "calendarYear": "1998",
        "period": "Q4",
        "revenue": 118800000,
        "costOfRevenue": 103600000,
        "grossProfit": 15200000,
        "grossProfitRatio": 0.1279461279,
        "researchAndDevelopmentExpenses": 0,
        "generalAndAdministrativeExpenses": 5900000,
        "sellingAndMarketingExpenses": 0,
        "sellingGeneralAndAdministrativeExpenses": 5900000,
        "otherExpenses": 6600000,
        "operatingExpenses": 12500000,
        "costAndExpenses": 116100000,
        "interestIncome": 0,
        "interestExpense": 0,
        "depreciationAndAmortization": 6600000,
        "ebitda": 3600000,
        "ebitdaratio": 0.0303030303,
        "operatingIncome": -3000000,
        "operatingIncomeRatio": -0.0252525253,
        "totalOtherIncomeExpensesNet": 0,
        "incomeBeforeTax": -3000000,
        "incomeBeforeTaxRatio": -0.0252525253,
        "incomeTaxExpense": -1200000,
        "netIncome": -1800000,
        "netIncomeRatio": -0.0151515152,
        "eps": -0.0137,
        "epsdiluted": -0.0137,
        "weightedAverageShsOut": 130909091,
        "weightedAverageShsOutDil": 130909091,
        "link": "",
        "finalLink": ""
    },
    {
        "date": "1998-10-31",
        "symbol": "HFC",
        "reportedCurrency": "USD",
        "cik": "0000048039",
        "fillingDate": "1998-12-15",
        "acceptedDate": "1998-12-14 19:00:00",
        "calendarYear": "1998",
        "period": "Q3",
        "revenue": 141000000,
        "costOfRevenue": 124900000,
        "grossProfit": 16100000,
        "grossProfitRatio": 0.1141843972,
        "researchAndDevelopmentExpenses": 0,
        "generalAndAdministrativeExpenses": 4300000,
        "sellingAndMarketingExpenses": 0,
        "sellingGeneralAndAdministrativeExpenses": 4300000,
        "otherExpenses": 6000000,
        "operatingExpenses": 10300000,
        "costAndExpenses": 135200000,
        "interestIncome": 0,
        "interestExpense": 0,
        "depreciationAndAmortization": 6000000,
        "ebitda": 10300000,
        "ebitdaratio": 0.0730496454,
        "operatingIncome": 4300000,
        "operatingIncomeRatio": 0.0304964539,
        "totalOtherIncomeExpensesNet": 0,
        "incomeBeforeTax": 4300000,
        "incomeBeforeTaxRatio": 0.0304964539,
        "incomeTaxExpense": 1700000,
        "netIncome": 2600000,
        "netIncomeRatio": 0.0184397163,
        "eps": 0.02,
        "epsdiluted": 0.02,
        "weightedAverageShsOut": 130000000,
        "weightedAverageShsOutDil": 130000000,
        "link": "https://www.sec.gov/Archives/edgar/data/48039/000095013498009668/0000950134-98-009668-index.html",
        "finalLink": "https://www.sec.gov/Archives/edgar/data/48039/0000950134-98-009668.txt"
    },
    {
        "date": "1998-07-31",
        "symbol": "HFC",
        "reportedCurrency": "USD",
        "cik": "0000048039",
        "fillingDate": "1998-10-28",
        "acceptedDate": "1998-10-27 19:00:00",
        "calendarYear": "1998",
        "period": "Q2",
        "revenue": 149700000,
        "costOfRevenue": 124700000,
        "grossProfit": 25000000,
        "grossProfitRatio": 0.167000668,
        "researchAndDevelopmentExpenses": 0,
        "generalAndAdministrativeExpenses": 3300000,
        "sellingAndMarketingExpenses": 0,
        "sellingGeneralAndAdministrativeExpenses": 3300000,
        "otherExpenses": 6500000,
        "operatingExpenses": 9800000,
        "costAndExpenses": 134500000,
        "interestIncome": 0,
        "interestExpense": 0,
        "depreciationAndAmortization": 6500000,
        "ebitda": 19100000,
        "ebitdaratio": 0.1275885104,
        "operatingIncome": 12600000,
        "operatingIncomeRatio": 0.0841683367,
        "totalOtherIncomeExpensesNet": 0,
        "incomeBeforeTax": 12600000,
        "incomeBeforeTaxRatio": 0.0841683367,
        "incomeTaxExpense": 4600000,
        "netIncome": 8000000,
        "netIncomeRatio": 0.0534402138,
        "eps": 0.0615,
        "epsdiluted": 0.0615,
        "weightedAverageShsOut": 130000000,
        "weightedAverageShsOutDil": 130000000,
        "link": "https://www.sec.gov/Archives/edgar/data/48039/0000950134-98-008326-index.html",
        "finalLink": "https://www.sec.gov/Archives/edgar/data/48039/"
    },
    {
        "date": "1998-04-30",
        "symbol": "HFC",
        "reportedCurrency": "USD",
        "cik": "0000048039",
        "fillingDate": "1998-06-12",
        "acceptedDate": "1998-06-11 20:00:00",
        "calendarYear": "1998",
        "period": "Q1",
        "revenue": 134200000,
        "costOfRevenue": 116200000,
        "grossProfit": 18000000,
        "grossProfitRatio": 0.1341281669,
        "researchAndDevelopmentExpenses": 0,
        "generalAndAdministrativeExpenses": 3700000,
        "sellingAndMarketingExpenses": 0,
        "sellingGeneralAndAdministrativeExpenses": 3700000,
        "otherExpenses": 6700000,
        "operatingExpenses": 10400000,
        "costAndExpenses": 126600000,
        "interestIncome": 0,
        "interestExpense": 0,
        "depreciationAndAmortization": 6700000,
        "ebitda": 12000000,
        "ebitdaratio": 0.0894187779,
        "operatingIncome": 5300000,
        "operatingIncomeRatio": 0.0394932936,
        "totalOtherIncomeExpensesNet": 0,
        "incomeBeforeTax": 5300000,
        "incomeBeforeTaxRatio": 0.0394932936,
        "incomeTaxExpense": 2300000,
        "netIncome": 3000000,
        "netIncomeRatio": 0.0223546945,
        "eps": 0.0225,
        "epsdiluted": 0.0225,
        "weightedAverageShsOut": 133333333,
        "weightedAverageShsOutDil": 133333333,
        "link": "https://www.sec.gov/Archives/edgar/data/48039/000095013498005216/0000950134-98-005216-index.html",
        "finalLink": "https://www.sec.gov/Archives/edgar/data/48039/0000950134-98-005216.txt"
    },
    {
        "date": "1998-01-31",
        "symbol": "HFC",
        "reportedCurrency": "USD",
        "cik": "0000048039",
        "fillingDate": "1998-03-06",
        "acceptedDate": "1998-03-05 19:00:00",
        "calendarYear": "1997",
        "period": "Q4",
        "revenue": 136800000,
        "costOfRevenue": 127300000,
        "grossProfit": 9500000,
        "grossProfitRatio": 0.0694444444,
        "researchAndDevelopmentExpenses": 0,
        "generalAndAdministrativeExpenses": 3600000,
        "sellingAndMarketingExpenses": 0,
        "sellingGeneralAndAdministrativeExpenses": 3600000,
        "otherExpenses": 6100000,
        "operatingExpenses": 9700000,
        "costAndExpenses": 137000000,
        "interestIncome": 0,
        "interestExpense": 0,
        "depreciationAndAmortization": 6000000,
        "ebitda": 4300000,
        "ebitdaratio": 0.0314327485,
        "operatingIncome": -1700000,
        "operatingIncomeRatio": -0.0124269006,
        "totalOtherIncomeExpensesNet": 0,
        "incomeBeforeTax": -1700000,
        "incomeBeforeTaxRatio": -0.0124269006,
        "incomeTaxExpense": -700000,
        "netIncome": -1000000,
        "netIncomeRatio": -0.0073099415,
        "eps": -0.0075,
        "epsdiluted": -0.0075,
        "weightedAverageShsOut": 133333333,
        "weightedAverageShsOutDil": 133333333,
        "link": "https://www.sec.gov/Archives/edgar/data/48039/0000950134-98-001801-index.html",
        "finalLink": "https://www.sec.gov/Archives/edgar/data/48039/"
    },
    {
        "date": "1997-10-31",
        "symbol": "HFC",
        "reportedCurrency": "USD",
        "cik": "0000048039",
        "fillingDate": "1997-12-15",
        "acceptedDate": "1997-12-14 19:00:00",
        "calendarYear": "1997",
        "period": "Q3",
        "revenue": 168900000,
        "costOfRevenue": 150500000,
        "grossProfit": 18400000,
        "grossProfitRatio": 0.1089402013,
        "researchAndDevelopmentExpenses": 0,
        "generalAndAdministrativeExpenses": 3200000,
        "sellingAndMarketingExpenses": 0,
        "sellingGeneralAndAdministrativeExpenses": 3200000,
        "otherExpenses": 5200000,
        "operatingExpenses": 8400000,
        "costAndExpenses": 158900000,
        "interestIncome": 0,
        "interestExpense": 0,
        "depreciationAndAmortization": 5200000,
        "ebitda": 13900000,
        "ebitdaratio": 0.0822972173,
        "operatingIncome": 8700000,
        "operatingIncomeRatio": 0.0515097691,
        "totalOtherIncomeExpensesNet": 0,
        "incomeBeforeTax": 8700000,
        "incomeBeforeTaxRatio": 0.0515097691,
        "incomeTaxExpense": 3500000,
        "netIncome": 5200000,
        "netIncomeRatio": 0.0307874482,
        "eps": 0.0388,
        "epsdiluted": 0.0388,
        "weightedAverageShsOut": 134193548,
        "weightedAverageShsOutDil": 134193548,
        "link": "https://www.sec.gov/Archives/edgar/data/48039/000095013497009321/0000950134-97-009321-index.html",
        "finalLink": "https://www.sec.gov/Archives/edgar/data/48039/0000950134-97-009321.txt"
    },
    {
        "date": "1997-07-31",
        "symbol": "HFC",
        "reportedCurrency": "USD",
        "cik": "0000048039",
        "fillingDate": "1997-10-29",
        "acceptedDate": "1997-10-28 19:00:00",
        "calendarYear": "1997",
        "period": "Q2",
        "revenue": 170400000,
        "costOfRevenue": 152600000,
        "grossProfit": 17800000,
        "grossProfitRatio": 0.1044600939,
        "researchAndDevelopmentExpenses": 0,
        "generalAndAdministrativeExpenses": 4900000,
        "sellingAndMarketingExpenses": 0,
        "sellingGeneralAndAdministrativeExpenses": 4900000,
        "otherExpenses": 5700000,
        "operatingExpenses": 10600000,
        "costAndExpenses": 163200000,
        "interestIncome": 0,
        "interestExpense": 0,
        "depreciationAndAmortization": 5700000,
        "ebitda": 11600000,
        "ebitdaratio": 0.0680751174,
        "operatingIncome": 5900000,
        "operatingIncomeRatio": 0.0346244131,
        "totalOtherIncomeExpensesNet": 0,
        "incomeBeforeTax": 5900000,
        "incomeBeforeTaxRatio": 0.0346244131,
        "incomeTaxExpense": 2300000,
        "netIncome": 3600000,
        "netIncomeRatio": 0.0211267606,
        "eps": 0.0268,
        "epsdiluted": 0.0268,
        "weightedAverageShsOut": 134193548,
        "weightedAverageShsOutDil": 134193548,
        "link": "https://www.sec.gov/Archives/edgar/data/48039/0000950134-97-007757-index.html",
        "finalLink": "https://www.sec.gov/Archives/edgar/data/48039/"
    },
    {
        "date": "1997-04-30",
        "symbol": "HFC",
        "reportedCurrency": "USD",
        "cik": "0000048039",
        "fillingDate": "1997-06-06",
        "acceptedDate": "1997-06-05 20:00:00",
        "calendarYear": "1997",
        "period": "Q1",
        "revenue": 180100000,
        "costOfRevenue": 156900000,
        "grossProfit": 23200000,
        "grossProfitRatio": 0.1288173237,
        "researchAndDevelopmentExpenses": 0,
        "generalAndAdministrativeExpenses": 4100000,
        "sellingAndMarketingExpenses": 0,
        "sellingGeneralAndAdministrativeExpenses": 4100000,
        "otherExpenses": 4600000,
        "operatingExpenses": 8700000,
        "costAndExpenses": 165600000,
        "interestIncome": 0,
        "interestExpense": 0,
        "depreciationAndAmortization": 4600000,
        "ebitda": 17800000,
        "ebitdaratio": 0.0988339811,
        "operatingIncome": 13200000,
        "operatingIncomeRatio": 0.0732926152,
        "totalOtherIncomeExpensesNet": 0,
        "incomeBeforeTax": 13200000,
        "incomeBeforeTaxRatio": 0.0732926152,
        "incomeTaxExpense": 5300000,
        "netIncome": 7900000,
        "netIncomeRatio": 0.0438645197,
        "eps": 0.0588,
        "epsdiluted": 0.0588,
        "weightedAverageShsOut": 134468085,
        "weightedAverageShsOutDil": 134468085,
        "link": "https://www.sec.gov/Archives/edgar/data/48039/000095013497004479/0000950134-97-004479-index.html",
        "finalLink": "https://www.sec.gov/Archives/edgar/data/48039/0000950134-97-004479.txt"
    },
    {
        "date": "1997-01-31",
        "symbol": "HFC",
        "reportedCurrency": "USD",
        "cik": "0000048039",
        "fillingDate": "1997-03-07",
        "acceptedDate": "1997-03-06 19:00:00",
        "calendarYear": "1996",
        "period": "Q4",
        "revenue": 183900000,
        "costOfRevenue": 176200000,
        "grossProfit": 7700000,
        "grossProfitRatio": 0.0418705818,
        "researchAndDevelopmentExpenses": 0,
        "generalAndAdministrativeExpenses": 3900000,
        "sellingAndMarketingExpenses": 0,
        "sellingGeneralAndAdministrativeExpenses": 3900000,
        "otherExpenses": 4800000,
        "operatingExpenses": 8700000,
        "costAndExpenses": 184900000,
        "interestIncome": 0,
        "interestExpense": 0,
        "depreciationAndAmortization": 4800000,
        "ebitda": 2300000,
        "ebitdaratio": 0.0125067972,
        "operatingIncome": -2500000,
        "operatingIncomeRatio": -0.0135943448,
        "totalOtherIncomeExpensesNet": 0,
        "incomeBeforeTax": -2500000,
        "incomeBeforeTaxRatio": -0.0135943448,
        "incomeTaxExpense": -1000000,
        "netIncome": -1500000,
        "netIncomeRatio": -0.0081566069,
        "eps": -0.0113,
        "epsdiluted": -0.0113,
        "weightedAverageShsOut": 133333333,
        "weightedAverageShsOutDil": 133333333,
        "link": "https://www.sec.gov/Archives/edgar/data/48039/000095013497001584/0000950134-97-001584-index.html",
        "finalLink": "https://www.sec.gov/Archives/edgar/data/48039/0000950134-97-001584.txt"
    },
    {
        "date": "1996-10-31",
        "symbol": "HFC",
        "reportedCurrency": "USD",
        "cik": "0000048039",
        "fillingDate": "1996-12-13",
        "acceptedDate": "1996-12-12 19:00:00",
        "calendarYear": "1996",
        "period": "Q3",
        "revenue": 186800000,
        "costOfRevenue": 170900000,
        "grossProfit": 15900000,
        "grossProfitRatio": 0.085117773,
        "researchAndDevelopmentExpenses": 0,
        "generalAndAdministrativeExpenses": 4300000,
        "sellingAndMarketingExpenses": 0,
        "sellingGeneralAndAdministrativeExpenses": 4300000,
        "otherExpenses": 5100000,
        "operatingExpenses": 9400000,
        "costAndExpenses": 180300000,
        "interestIncome": 0,
        "interestExpense": 0,
        "depreciationAndAmortization": 5100000,
        "ebitda": 10500000,
        "ebitdaratio": 0.0562098501,
        "operatingIncome": 5400000,
        "operatingIncomeRatio": 0.0289079229,
        "totalOtherIncomeExpensesNet": 0,
        "incomeBeforeTax": 5400000,
        "incomeBeforeTaxRatio": 0.0289079229,
        "incomeTaxExpense": 2200000,
        "netIncome": 3200000,
        "netIncomeRatio": 0.017130621,
        "eps": 0.0244,
        "epsdiluted": 0.0244,
        "weightedAverageShsOut": 131282051,
        "weightedAverageShsOutDil": 131282051,
        "link": "https://www.sec.gov/Archives/edgar/data/48039/000095013496006842/0000950134-96-006842-index.html",
        "finalLink": "https://www.sec.gov/Archives/edgar/data/48039/0000950134-96-006842.txt"
    },
    {
        "date": "1996-07-31",
        "symbol": "HFC",
        "reportedCurrency": "USD",
        "cik": "0000048039",
        "fillingDate": "1996-10-29",
        "acceptedDate": "1996-10-28 19:00:00",
        "calendarYear": "1996",
        "period": "Q2",
        "revenue": 191200000,
        "costOfRevenue": 165100000,
        "grossProfit": 26100000,
        "grossProfitRatio": 0.1365062762,
        "researchAndDevelopmentExpenses": 0,
        "generalAndAdministrativeExpenses": 5300000,
        "sellingAndMarketingExpenses": 0,
        "sellingGeneralAndAdministrativeExpenses": 5300000,
        "otherExpenses": 5900000,
        "operatingExpenses": 11200000,
        "costAndExpenses": 176300000,
        "interestIncome": 0,
        "interestExpense": 0,
        "depreciationAndAmortization": 5900000,
        "ebitda": 19300000,
        "ebitdaratio": 0.1009414226,
        "operatingIncome": 13400000,
        "operatingIncomeRatio": 0.070083682,
        "totalOtherIncomeExpensesNet": 0,
        "incomeBeforeTax": 13400000,
        "incomeBeforeTaxRatio": 0.070083682,
        "incomeTaxExpense": 5200000,
        "netIncome": 8200000,
        "netIncomeRatio": 0.0428870293,
        "eps": 0.0625,
        "epsdiluted": 0.0625,
        "weightedAverageShsOut": 131282051,
        "weightedAverageShsOutDil": 131282051,
        "link": "https://www.sec.gov/Archives/edgar/data/48039/000095013496005678/0000950134-96-005678-index.html",
        "finalLink": "https://www.sec.gov/Archives/edgar/data/48039/0000950134-96-005678.txt"
    },
    {
        "date": "1996-04-30",
        "symbol": "HFC",
        "reportedCurrency": "USD",
        "cik": "0000048039",
        "fillingDate": "1996-06-11",
        "acceptedDate": "1996-06-10 20:00:00",
        "calendarYear": "1996",
        "period": "Q1",
        "revenue": 168500000,
        "costOfRevenue": 151400000,
        "grossProfit": 17100000,
        "grossProfitRatio": 0.1014836795,
        "researchAndDevelopmentExpenses": 0,
        "generalAndAdministrativeExpenses": 4500000,
        "sellingAndMarketingExpenses": 0,
        "sellingGeneralAndAdministrativeExpenses": 4500000,
        "otherExpenses": 4900000,
        "operatingExpenses": 9400000,
        "costAndExpenses": 160800000,
        "interestIncome": 0,
        "interestExpense": 0,
        "depreciationAndAmortization": 4900000,
        "ebitda": 10700000,
        "ebitdaratio": 0.0635014837,
        "operatingIncome": 5800000,
        "operatingIncomeRatio": 0.034421365,
        "totalOtherIncomeExpensesNet": 0,
        "incomeBeforeTax": 5800000,
        "incomeBeforeTaxRatio": 0.034421365,
        "incomeTaxExpense": 2300000,
        "netIncome": 3500000,
        "netIncomeRatio": 0.0207715134,
        "eps": 0.0263,
        "epsdiluted": 0.0263,
        "weightedAverageShsOut": 133333333,
        "weightedAverageShsOutDil": 133333333,
        "link": "https://www.sec.gov/Archives/edgar/data/48039/000095013496002792/0000950134-96-002792-index.html",
        "finalLink": "https://www.sec.gov/Archives/edgar/data/48039/0000950134-96-002792.txt"
    },
    {
        "date": "1996-01-31",
        "symbol": "HFC",
        "reportedCurrency": "USD",
        "cik": "0000048039",
        "fillingDate": "1996-03-11",
        "acceptedDate": "1996-03-10 19:00:00",
        "calendarYear": "1995",
        "period": "Q4",
        "revenue": 151800000,
        "costOfRevenue": 139000000,
        "grossProfit": 12800000,
        "grossProfitRatio": 0.0843214756,
        "researchAndDevelopmentExpenses": 0,
        "generalAndAdministrativeExpenses": 4300000,
        "sellingAndMarketingExpenses": 0,
        "sellingGeneralAndAdministrativeExpenses": 4300000,
        "otherExpenses": 4500000,
        "operatingExpenses": 8800000,
        "costAndExpenses": 147800000,
        "interestIncome": 0,
        "interestExpense": 0,
        "depreciationAndAmortization": 4500000,
        "ebitda": 6800000,
        "ebitdaratio": 0.0447957839,
        "operatingIncome": 2300000,
        "operatingIncomeRatio": 0.0151515152,
        "totalOtherIncomeExpensesNet": 0,
        "incomeBeforeTax": 2300000,
        "incomeBeforeTaxRatio": 0.0151515152,
        "incomeTaxExpense": 900000,
        "netIncome": 1400000,
        "netIncomeRatio": 0.0092226614,
        "eps": 0.0106,
        "epsdiluted": 0.0106,
        "weightedAverageShsOut": 131764706,
        "weightedAverageShsOutDil": 131764706,
        "link": "https://www.sec.gov/Archives/edgar/data/48039/000095013496000670/0000950134-96-000670-index.html",
        "finalLink": "https://www.sec.gov/Archives/edgar/data/48039/0000950134-96-000670.txt"
    },
    {
        "date": "1995-10-31",
        "symbol": "HFC",
        "reportedCurrency": "USD",
        "cik": "0000048039",
        "fillingDate": "1995-12-14",
        "acceptedDate": "1995-12-13 19:00:00",
        "calendarYear": "1995",
        "period": "Q3",
        "revenue": 164800000,
        "costOfRevenue": 145000000,
        "grossProfit": 19800000,
        "grossProfitRatio": 0.1201456311,
        "researchAndDevelopmentExpenses": 0,
        "generalAndAdministrativeExpenses": 4100000,
        "sellingAndMarketingExpenses": 0,
        "sellingGeneralAndAdministrativeExpenses": 4100000,
        "otherExpenses": 4000000,
        "operatingExpenses": 8100000,
        "costAndExpenses": 153100000,
        "interestIncome": 0,
        "interestExpense": 0,
        "depreciationAndAmortization": 4000000,
        "ebitda": 14200000,
        "ebitdaratio": 0.0861650485,
        "operatingIncome": 10200000,
        "operatingIncomeRatio": 0.0618932039,
        "totalOtherIncomeExpensesNet": 0,
        "incomeBeforeTax": 10200000,
        "incomeBeforeTaxRatio": 0.0618932039,
        "incomeTaxExpense": 4100000,
        "netIncome": 6100000,
        "netIncomeRatio": 0.0370145631,
        "eps": 0.0456,
        "epsdiluted": 0.0456,
        "weightedAverageShsOut": 133698630,
        "weightedAverageShsOutDil": 133698630,
        "link": "https://www.sec.gov/Archives/edgar/data/48039/000095013495003319/0000950134-95-003319-index.html",
        "finalLink": "https://www.sec.gov/Archives/edgar/data/48039/0000950134-95-003319.txt"
    },
    {
        "date": "1995-07-31",
        "symbol": "HFC",
        "reportedCurrency": "USD",
        "cik": "0000048039",
        "fillingDate": "1995-10-26",
        "acceptedDate": "1995-10-25 20:00:00",
        "calendarYear": "1995",
        "period": "Q2",
        "revenue": 160100000,
        "costOfRevenue": 141800000,
        "grossProfit": 18300000,
        "grossProfitRatio": 0.1143035603,
        "researchAndDevelopmentExpenses": 0,
        "generalAndAdministrativeExpenses": 5300000,
        "sellingAndMarketingExpenses": 0,
        "sellingGeneralAndAdministrativeExpenses": 5300000,
        "otherExpenses": 4100000,
        "operatingExpenses": 9400000,
        "costAndExpenses": 151200000,
        "interestIncome": 0,
        "interestExpense": 0,
        "depreciationAndAmortization": 4100000,
        "ebitda": 11300000,
        "ebitdaratio": 0.0705808869,
        "operatingIncome": 7200000,
        "operatingIncomeRatio": 0.0449718926,
        "totalOtherIncomeExpensesNet": 0,
        "incomeBeforeTax": 7200000,
        "incomeBeforeTaxRatio": 0.0449718926,
        "incomeTaxExpense": 2700000,
        "netIncome": 4500000,
        "netIncomeRatio": 0.0281074329,
        "eps": 0.0337,
        "epsdiluted": 0.0337,
        "weightedAverageShsOut": 133698630,
        "weightedAverageShsOutDil": 133698630,
        "link": "https://www.sec.gov/Archives/edgar/data/48039/000095013495002566/0000950134-95-002566-index.html",
        "finalLink": "https://www.sec.gov/Archives/edgar/data/48039/0000950134-95-002566.txt"
    },
    {
        "date": "1995-04-30",
        "symbol": "HFC",
        "reportedCurrency": "USD",
        "cik": "0000048039",
        "fillingDate": "1995-06-07",
        "acceptedDate": "1995-06-06 20:00:00",
        "calendarYear": "1995",
        "period": "Q1",
        "revenue": 147000000,
        "costOfRevenue": 137700000,
        "grossProfit": 9300000,
        "grossProfitRatio": 0.0632653061,
        "researchAndDevelopmentExpenses": 0,
        "generalAndAdministrativeExpenses": 4200000,
        "sellingAndMarketingExpenses": 0,
        "sellingGeneralAndAdministrativeExpenses": 4200000,
        "otherExpenses": 4300000,
        "operatingExpenses": 8500000,
        "costAndExpenses": 146200000,
        "interestIncome": 0,
        "interestExpense": 0,
        "depreciationAndAmortization": 4300000,
        "ebitda": 3300000,
        "ebitdaratio": 0.0224489796,
        "operatingIncome": -1000000,
        "operatingIncomeRatio": -0.0068027211,
        "totalOtherIncomeExpensesNet": 0,
        "incomeBeforeTax": -1000000,
        "incomeBeforeTaxRatio": -0.0068027211,
        "incomeTaxExpense": -600000,
        "netIncome": -400000,
        "netIncomeRatio": -0.0027210884,
        "eps": -0.0031,
        "epsdiluted": -0.0031,
        "weightedAverageShsOut": 128000000,
        "weightedAverageShsOutDil": 128000000,
        "link": "https://www.sec.gov/Archives/edgar/data/48039/000095013495001321/0000950134-95-001321-index.html",
        "finalLink": "https://www.sec.gov/Archives/edgar/data/48039/0000950134-95-001321.txt"
    },
    {
        "date": "1995-01-31",
        "symbol": "HFC",
        "reportedCurrency": "USD",
        "cik": "0000048039",
        "fillingDate": "1995-03-17",
        "acceptedDate": "1995-03-16 19:00:00",
        "calendarYear": "1994",
        "period": "Q4",
        "revenue": 147000000,
        "costOfRevenue": 135400000,
        "grossProfit": 11600000,
        "grossProfitRatio": 0.0789115646,
        "researchAndDevelopmentExpenses": 0,
        "generalAndAdministrativeExpenses": 4200000,
        "sellingAndMarketingExpenses": 0,
        "sellingGeneralAndAdministrativeExpenses": 4200000,
        "otherExpenses": 3900000,
        "operatingExpenses": 8100000,
        "costAndExpenses": 143500000,
        "interestIncome": 0,
        "interestExpense": 0,
        "depreciationAndAmortization": 3900000,
        "ebitda": 5600000,
        "ebitdaratio": 0.0380952381,
        "operatingIncome": 1700000,
        "operatingIncomeRatio": 0.0115646259,
        "totalOtherIncomeExpensesNet": 0,
        "incomeBeforeTax": 1700000,
        "incomeBeforeTaxRatio": 0.0115646259,
        "incomeTaxExpense": 700000,
        "netIncome": 1000000,
        "netIncomeRatio": 0.0068027211,
        "eps": 0.0075,
        "epsdiluted": 0.0075,
        "weightedAverageShsOut": 133333333,
        "weightedAverageShsOutDil": 133333333,
        "link": "https://www.sec.gov/Archives/edgar/data/48039/000095013495000387/0000950134-95-000387-index.html",
        "finalLink": "https://www.sec.gov/Archives/edgar/data/48039/0000950134-95-000387.txt"
    },
    {
        "date": "1994-10-31",
        "symbol": "HFC",
        "reportedCurrency": "USD",
        "cik": "0000048039",
        "fillingDate": "1994-12-14",
        "acceptedDate": "1994-12-13 19:00:00",
        "calendarYear": "1994",
        "period": "Q3",
        "revenue": 160700000,
        "costOfRevenue": 139200000,
        "grossProfit": 21500000,
        "grossProfitRatio": 0.1337896702,
        "researchAndDevelopmentExpenses": 0,
        "generalAndAdministrativeExpenses": 3800000,
        "sellingAndMarketingExpenses": 0,
        "sellingGeneralAndAdministrativeExpenses": 3800000,
        "otherExpenses": 3500000,
        "operatingExpenses": 7300000,
        "costAndExpenses": 146500000,
        "interestIncome": 0,
        "interestExpense": 0,
        "depreciationAndAmortization": 3500000,
        "ebitda": 21400000,
        "ebitdaratio": 0.1331673927,
        "operatingIncome": 17900000,
        "operatingIncomeRatio": 0.1113876789,
        "totalOtherIncomeExpensesNet": -5700000,
        "incomeBeforeTax": 12200000,
        "incomeBeforeTaxRatio": 0.0759178594,
        "incomeTaxExpense": 4900000,
        "netIncome": 7300000,
        "netIncomeRatio": 0.0454262601,
        "eps": 0.0544,
        "epsdiluted": 0.0544,
        "weightedAverageShsOut": 134193548,
        "weightedAverageShsOutDil": 134193548,
        "link": "https://www.sec.gov/Archives/edgar/data/48039/000095013494001510/0000950134-94-001510-index.html",
        "finalLink": "https://www.sec.gov/Archives/edgar/data/48039/0000950134-94-001510.txt"
    },
    {
        "date": "1994-07-31",
        "symbol": "HFC",
        "reportedCurrency": "USD",
        "cik": "0000048039",
        "fillingDate": "1994-10-28",
        "acceptedDate": "1994-10-27 20:00:00",
        "calendarYear": "1994",
        "period": "Q2",
        "revenue": 152200000,
        "costOfRevenue": 147600000,
        "grossProfit": 4600000,
        "grossProfitRatio": 0.0302233903,
        "researchAndDevelopmentExpenses": 0,
        "generalAndAdministrativeExpenses": 500000,
        "sellingAndMarketingExpenses": 0,
        "sellingGeneralAndAdministrativeExpenses": 500000,
        "otherExpenses": 2800000,
        "operatingExpenses": 3300000,
        "costAndExpenses": 150900000,
        "interestIncome": 0,
        "interestExpense": 0,
        "depreciationAndAmortization": 2800000,
        "ebitda": 2200000,
        "ebitdaratio": 0.0144546649,
        "operatingIncome": -600000,
        "operatingIncomeRatio": -0.0039421813,
        "totalOtherIncomeExpensesNet": 0,
        "incomeBeforeTax": -600000,
        "incomeBeforeTaxRatio": -0.0039421813,
        "incomeTaxExpense": 0,
        "netIncome": -600000,
        "netIncomeRatio": -0.0039421813,
        "eps": -0.0045,
        "epsdiluted": -0.0045,
        "weightedAverageShsOut": 134193548,
        "weightedAverageShsOutDil": 134193548,
        "link": "https://www.sec.gov/Archives/edgar/data/48039/000095013494001235/0000950134-94-001235-index.html",
        "finalLink": "https://www.sec.gov/Archives/edgar/data/48039/0000950134-94-001235.txt"
    },
    {
        "date": "1994-04-30",
        "symbol": "HFC",
        "reportedCurrency": "USD",
        "cik": "0000048039",
        "fillingDate": "1994-06-14",
        "acceptedDate": "1994-06-13 20:00:00",
        "calendarYear": "1994",
        "period": "Q1",
        "revenue": 143900000,
        "costOfRevenue": 120400000,
        "grossProfit": 23500000,
        "grossProfitRatio": 0.1633078527,
        "researchAndDevelopmentExpenses": 0,
        "generalAndAdministrativeExpenses": 4100000,
        "sellingAndMarketingExpenses": 0,
        "sellingGeneralAndAdministrativeExpenses": 4100000,
        "otherExpenses": 2700000,
        "operatingExpenses": 6800000,
        "costAndExpenses": 127200000,
        "interestIncome": 0,
        "interestExpense": 0,
        "depreciationAndAmortization": 2700000,
        "ebitda": 17300000,
        "ebitdaratio": 0.1202223767,
        "operatingIncome": 14600000,
        "operatingIncomeRatio": 0.1014593468,
        "totalOtherIncomeExpensesNet": 0,
        "incomeBeforeTax": 14600000,
        "incomeBeforeTaxRatio": 0.1014593468,
        "incomeTaxExpense": 5900000,
        "netIncome": 8700000,
        "netIncomeRatio": 0.0604586518,
        "eps": 0.0656,
        "epsdiluted": 0.0656,
        "weightedAverageShsOut": 132571429,
        "weightedAverageShsOutDil": 132571429,
        "link": "https://www.sec.gov/Archives/edgar/data/48039/000095013494000691/0000950134-94-000691-index.html",
        "finalLink": "https://www.sec.gov/Archives/edgar/data/48039/0000950134-94-000691.txt"
    },
    {
        "date": "1994-01-31",
        "symbol": "HFC",
        "reportedCurrency": "USD",
        "cik": "0000048039",
        "fillingDate": "1994-01-31",
        "acceptedDate": "1994-01-30 19:00:00",
        "calendarYear": "1993",
        "period": "Q4",
        "revenue": 120700000,
        "costOfRevenue": 104800000,
        "grossProfit": 15900000,
        "grossProfitRatio": 0.1317315659,
        "researchAndDevelopmentExpenses": 0,
        "generalAndAdministrativeExpenses": 0,
        "sellingAndMarketingExpenses": 0,
        "sellingGeneralAndAdministrativeExpenses": 3900000,
        "otherExpenses": 2700000,
        "operatingExpenses": 6600000,
        "costAndExpenses": 111400000,
        "interestIncome": 0,
        "interestExpense": 0,
        "depreciationAndAmortization": 2700000,
        "ebitda": 9900000,
        "ebitdaratio": 0.082021541,
        "operatingIncome": 7200000,
        "operatingIncomeRatio": 0.0596520298,
        "totalOtherIncomeExpensesNet": 0,
        "incomeBeforeTax": 7200000,
        "incomeBeforeTaxRatio": 0.0596520298,
        "incomeTaxExpense": 2900000,
        "netIncome": 4300000,
        "netIncomeRatio": 0.0356255178,
        "eps": 0.0319,
        "epsdiluted": 0.0319,
        "weightedAverageShsOut": 134901961,
        "weightedAverageShsOutDil": 134901961,
        "link": "",
        "finalLink": ""
    },
    {
        "date": "1993-10-31",
        "symbol": "HFC",
        "reportedCurrency": "USD",
        "cik": "0000048039",
        "fillingDate": "1993-10-31",
        "acceptedDate": "1993-10-30 20:00:00",
        "calendarYear": "1993",
        "period": "Q3",
        "revenue": 135500000,
        "costOfRevenue": 112800000,
        "grossProfit": 22700000,
        "grossProfitRatio": 0.1675276753,
        "researchAndDevelopmentExpenses": 0,
        "generalAndAdministrativeExpenses": 0,
        "sellingAndMarketingExpenses": 0,
        "sellingGeneralAndAdministrativeExpenses": 6600000,
        "otherExpenses": 2700000,
        "operatingExpenses": 9300000,
        "costAndExpenses": 122100000,
        "interestIncome": 0,
        "interestExpense": 0,
        "depreciationAndAmortization": 2700000,
        "ebitda": 16600000,
        "ebitdaratio": 0.1225092251,
        "operatingIncome": 13900000,
        "operatingIncomeRatio": 0.1025830258,
        "totalOtherIncomeExpensesNet": 0,
        "incomeBeforeTax": 13900000,
        "incomeBeforeTaxRatio": 0.1025830258,
        "incomeTaxExpense": 5600000,
        "netIncome": 8300000,
        "netIncomeRatio": 0.0612546125,
        "eps": 0.0619,
        "epsdiluted": 0.0619,
        "weightedAverageShsOut": 134141414,
        "weightedAverageShsOutDil": 134141414,
        "link": "",
        "finalLink": ""
    },
    {
        "date": "1993-07-31",
        "symbol": "HFC",
        "reportedCurrency": "USD",
        "cik": "0000048039",
        "fillingDate": "1993-07-31",
        "acceptedDate": "1993-07-30 20:00:00",
        "calendarYear": "1993",
        "period": "Q2",
        "revenue": 167100000,
        "costOfRevenue": 146400000,
        "grossProfit": 20700000,
        "grossProfitRatio": 0.1238779174,
        "researchAndDevelopmentExpenses": 0,
        "generalAndAdministrativeExpenses": 0,
        "sellingAndMarketingExpenses": 0,
        "sellingGeneralAndAdministrativeExpenses": 1500000,
        "otherExpenses": 2400000,
        "operatingExpenses": 3900000,
        "costAndExpenses": 150300000,
        "interestIncome": 0,
        "interestExpense": 0,
        "depreciationAndAmortization": 2400000,
        "ebitda": 20900000,
        "ebitdaratio": 0.1250748055,
        "operatingIncome": 18500000,
        "operatingIncomeRatio": 0.1107121484,
        "totalOtherIncomeExpensesNet": 0,
        "incomeBeforeTax": 18500000,
        "incomeBeforeTaxRatio": 0.1107121484,
        "incomeTaxExpense": 7900000,
        "netIncome": 10600000,
        "netIncomeRatio": 0.0634350688,
        "eps": 0.0789,
        "epsdiluted": 0.0789,
        "weightedAverageShsOut": 134285714,
        "weightedAverageShsOutDil": 134285714,
        "link": "",
        "finalLink": ""
    },
    {
        "date": "1993-04-30",
        "symbol": "HFC",
        "reportedCurrency": "USD",
        "cik": "0000048039",
        "fillingDate": "1993-04-30",
        "acceptedDate": "1993-04-29 20:00:00",
        "calendarYear": "1993",
        "period": "Q1",
        "revenue": 161700000,
        "costOfRevenue": 144700000,
        "grossProfit": 17000000,
        "grossProfitRatio": 0.1051329623,
        "researchAndDevelopmentExpenses": 0,
        "generalAndAdministrativeExpenses": 0,
        "sellingAndMarketingExpenses": 0,
        "sellingGeneralAndAdministrativeExpenses": 3700000,
        "otherExpenses": 3000000,
        "operatingExpenses": 6700000,
        "costAndExpenses": 151400000,
        "interestIncome": 0,
        "interestExpense": 0,
        "depreciationAndAmortization": 3200000,
        "ebitda": 10900000,
        "ebitdaratio": 0.0674087817,
        "operatingIncome": 7700000,
        "operatingIncomeRatio": 0.0476190476,
        "totalOtherIncomeExpensesNet": 0,
        "incomeBeforeTax": 7700000,
        "incomeBeforeTaxRatio": 0.0476190476,
        "incomeTaxExpense": 3000000,
        "netIncome": 4700000,
        "netIncomeRatio": 0.0290661719,
        "eps": 0.035,
        "epsdiluted": 0.035,
        "weightedAverageShsOut": 134285714,
        "weightedAverageShsOutDil": 134285714,
        "link": "",
        "finalLink": ""
    },
    {
        "date": "1993-01-31",
        "symbol": "HFC",
        "reportedCurrency": "USD",
        "cik": "0000048039",
        "fillingDate": "1993-01-31",
        "acceptedDate": "1993-01-30 19:00:00",
        "calendarYear": "1992",
        "period": "Q4",
        "revenue": 149900000,
        "costOfRevenue": 138000000,
        "grossProfit": 11900000,
        "grossProfitRatio": 0.0793862575,
        "researchAndDevelopmentExpenses": 0,
        "generalAndAdministrativeExpenses": 0,
        "sellingAndMarketingExpenses": 0,
        "sellingGeneralAndAdministrativeExpenses": 3600000,
        "otherExpenses": 2900000,
        "operatingExpenses": 6500000,
        "costAndExpenses": 144500000,
        "interestIncome": 0,
        "interestExpense": 0,
        "depreciationAndAmortization": 3000000,
        "ebitda": 5900000,
        "ebitdaratio": 0.039359573,
        "operatingIncome": 2900000,
        "operatingIncomeRatio": 0.0193462308,
        "totalOtherIncomeExpensesNet": 0,
        "incomeBeforeTax": 2900000,
        "incomeBeforeTaxRatio": 0.0193462308,
        "incomeTaxExpense": 800000,
        "netIncome": 2100000,
        "netIncomeRatio": 0.0140093396,
        "eps": 0.0156,
        "epsdiluted": 0.0156,
        "weightedAverageShsOut": 134400000,
        "weightedAverageShsOutDil": 134400000,
        "link": "",
        "finalLink": ""
    },
    {
        "date": "1992-10-31",
        "symbol": "HFC",
        "reportedCurrency": "USD",
        "cik": "0000048039",
        "fillingDate": "1992-10-31",
        "acceptedDate": "1992-10-30 19:00:00",
        "calendarYear": "1992",
        "period": "Q3",
        "revenue": 151900000,
        "costOfRevenue": 139400000,
        "grossProfit": 12500000,
        "grossProfitRatio": 0.0822909809,
        "researchAndDevelopmentExpenses": 0,
        "generalAndAdministrativeExpenses": 0,
        "sellingAndMarketingExpenses": 0,
        "sellingGeneralAndAdministrativeExpenses": 3300000,
        "otherExpenses": 2700000,
        "operatingExpenses": 6000000,
        "costAndExpenses": 145400000,
        "interestIncome": 0,
        "interestExpense": 0,
        "depreciationAndAmortization": 2700000,
        "ebitda": 6000000,
        "ebitdaratio": 0.0394996708,
        "operatingIncome": 3300000,
        "operatingIncomeRatio": 0.021724819,
        "totalOtherIncomeExpensesNet": 1000000,
        "incomeBeforeTax": 4300000,
        "incomeBeforeTaxRatio": 0.0283080974,
        "incomeTaxExpense": 1700000,
        "netIncome": 2600000,
        "netIncomeRatio": 0.017116524,
        "eps": 0.0193,
        "epsdiluted": 0.0193,
        "weightedAverageShsOut": 134736842,
        "weightedAverageShsOutDil": 134736842,
        "link": "",
        "finalLink": ""
    },
    {
        "date": "1992-07-31",
        "symbol": "HFC",
        "reportedCurrency": "USD",
        "cik": "0000048039",
        "fillingDate": "1992-07-31",
        "acceptedDate": "1992-07-30 20:00:00",
        "calendarYear": "1992",
        "period": "Q2",
        "revenue": 156000000,
        "costOfRevenue": 136600000,
        "grossProfit": 19400000,
        "grossProfitRatio": 0.1243589744,
        "researchAndDevelopmentExpenses": 0,
        "generalAndAdministrativeExpenses": 0,
        "sellingAndMarketingExpenses": 0,
        "sellingGeneralAndAdministrativeExpenses": 200000,
        "otherExpenses": 2700000,
        "operatingExpenses": 2900000,
        "costAndExpenses": 139500000,
        "interestIncome": 0,
        "interestExpense": 0,
        "depreciationAndAmortization": 2700000,
        "ebitda": 14500000,
        "ebitdaratio": 0.0929487179,
        "operatingIncome": 11800000,
        "operatingIncomeRatio": 0.0756410256,
        "totalOtherIncomeExpensesNet": 0,
        "incomeBeforeTax": 11800000,
        "incomeBeforeTaxRatio": 0.0756410256,
        "incomeTaxExpense": 2200000,
        "netIncome": 9600000,
        "netIncomeRatio": 0.0615384615,
        "eps": 0.0704,
        "epsdiluted": 0.0704,
        "weightedAverageShsOut": 136296296,
        "weightedAverageShsOutDil": 136296296,
        "link": "",
        "finalLink": ""
    },
    {
        "date": "1992-04-30",
        "symbol": "HFC",
        "reportedCurrency": "USD",
        "cik": "0000048039",
        "fillingDate": "1992-04-30",
        "acceptedDate": "1992-04-29 20:00:00",
        "calendarYear": "1992",
        "period": "Q1",
        "revenue": 123500000,
        "costOfRevenue": 111600000,
        "grossProfit": 11900000,
        "grossProfitRatio": 0.0963562753,
        "researchAndDevelopmentExpenses": 0,
        "generalAndAdministrativeExpenses": 0,
        "sellingAndMarketingExpenses": 0,
        "sellingGeneralAndAdministrativeExpenses": 3000000,
        "otherExpenses": 2600000,
        "operatingExpenses": 5600000,
        "costAndExpenses": 117200000,
        "interestIncome": 0,
        "interestExpense": 0,
        "depreciationAndAmortization": 2600000,
        "ebitda": 6400000,
        "ebitdaratio": 0.0518218623,
        "operatingIncome": 3800000,
        "operatingIncomeRatio": 0.0307692308,
        "totalOtherIncomeExpensesNet": 0,
        "incomeBeforeTax": 3800000,
        "incomeBeforeTaxRatio": 0.0307692308,
        "incomeTaxExpense": 1500000,
        "netIncome": 2300000,
        "netIncomeRatio": 0.0186234818,
        "eps": 0.0169,
        "epsdiluted": 0.0169,
        "weightedAverageShsOut": 136296296,
        "weightedAverageShsOutDil": 136296296,
        "link": "",
        "finalLink": ""
    },
    {
        "date": "1992-01-31",
        "symbol": "HFC",
        "reportedCurrency": "USD",
        "cik": "0000048039",
        "fillingDate": "1992-01-31",
        "acceptedDate": "1992-01-30 19:00:00",
        "calendarYear": "1991",
        "period": "Q4",
        "revenue": 110000000,
        "costOfRevenue": 117200000,
        "grossProfit": -7200000,
        "grossProfitRatio": -0.0654545455,
        "researchAndDevelopmentExpenses": 0,
        "generalAndAdministrativeExpenses": 0,
        "sellingAndMarketingExpenses": 0,
        "sellingGeneralAndAdministrativeExpenses": 2900000,
        "otherExpenses": 2400000,
        "operatingExpenses": 5300000,
        "costAndExpenses": 122500000,
        "interestIncome": 0,
        "interestExpense": 0,
        "depreciationAndAmortization": 2500000,
        "ebitda": -13100000,
        "ebitdaratio": -0.1190909091,
        "operatingIncome": -15600000,
        "operatingIncomeRatio": -0.1418181818,
        "totalOtherIncomeExpensesNet": 0,
        "incomeBeforeTax": -15600000,
        "incomeBeforeTaxRatio": -0.1418181818,
        "incomeTaxExpense": -6100000,
        "netIncome": -9500000,
        "netIncomeRatio": -0.0863636364,
        "eps": -0.0713,
        "epsdiluted": -0.0713,
        "weightedAverageShsOut": 133333333,
        "weightedAverageShsOutDil": 133333333,
        "link": "",
        "finalLink": ""
    },
    {
        "date": "1991-10-31",
        "symbol": "HFC",
        "reportedCurrency": "USD",
        "cik": "0000048039",
        "fillingDate": "1991-10-31",
        "acceptedDate": "1991-10-30 19:00:00",
        "calendarYear": "1991",
        "period": "Q3",
        "revenue": 117200000,
        "costOfRevenue": 108800000,
        "grossProfit": 8400000,
        "grossProfitRatio": 0.0716723549,
        "researchAndDevelopmentExpenses": 0,
        "generalAndAdministrativeExpenses": 0,
        "sellingAndMarketingExpenses": 0,
        "sellingGeneralAndAdministrativeExpenses": 3300000,
        "otherExpenses": 2300000,
        "operatingExpenses": 5600000,
        "costAndExpenses": 114400000,
        "interestIncome": 0,
        "interestExpense": 0,
        "depreciationAndAmortization": 2300000,
        "ebitda": 3000000,
        "ebitdaratio": 0.0255972696,
        "operatingIncome": 700000,
        "operatingIncomeRatio": 0.0059726962,
        "totalOtherIncomeExpensesNet": 0,
        "incomeBeforeTax": 700000,
        "incomeBeforeTaxRatio": 0.0059726962,
        "incomeTaxExpense": 300000,
        "netIncome": 400000,
        "netIncomeRatio": 0.0034129693,
        "eps": 0.0031,
        "epsdiluted": 0.0031,
        "weightedAverageShsOut": 128000000,
        "weightedAverageShsOutDil": 128000000,
        "link": "",
        "finalLink": ""
    },
    {
        "date": "1991-07-31",
        "symbol": "HFC",
        "reportedCurrency": "USD",
        "cik": "0000048039",
        "fillingDate": "1991-07-31",
        "acceptedDate": "1991-07-30 20:00:00",
        "calendarYear": "1991",
        "period": "Q2",
        "revenue": 115500000,
        "costOfRevenue": 105100000,
        "grossProfit": 10400000,
        "grossProfitRatio": 0.09004329,
        "researchAndDevelopmentExpenses": 0,
        "generalAndAdministrativeExpenses": 0,
        "sellingAndMarketingExpenses": 0,
        "sellingGeneralAndAdministrativeExpenses": 3400000,
        "otherExpenses": 1700000,
        "operatingExpenses": 5100000,
        "costAndExpenses": 110200000,
        "interestIncome": 0,
        "interestExpense": 0,
        "depreciationAndAmortization": 1700000,
        "ebitda": 6100000,
        "ebitdaratio": 0.0528138528,
        "operatingIncome": 4400000,
        "operatingIncomeRatio": 0.0380952381,
        "totalOtherIncomeExpensesNet": 0,
        "incomeBeforeTax": 4400000,
        "incomeBeforeTaxRatio": 0.0380952381,
        "incomeTaxExpense": 1800000,
        "netIncome": 2600000,
        "netIncomeRatio": 0.0225108225,
        "eps": 0.0194,
        "epsdiluted": 0.0194,
        "weightedAverageShsOut": 133953488,
        "weightedAverageShsOutDil": 133953488,
        "link": "",
        "finalLink": ""
    },
    {
        "date": "1991-04-30",
        "symbol": "HFC",
        "reportedCurrency": "USD",
        "cik": "0000048039",
        "fillingDate": "1991-04-30",
        "acceptedDate": "1991-04-29 20:00:00",
        "calendarYear": "1991",
        "period": "Q1",
        "revenue": 112300000,
        "costOfRevenue": 100400000,
        "grossProfit": 11900000,
        "grossProfitRatio": 0.1059661621,
        "researchAndDevelopmentExpenses": 0,
        "generalAndAdministrativeExpenses": 0,
        "sellingAndMarketingExpenses": 0,
        "sellingGeneralAndAdministrativeExpenses": 3500000,
        "otherExpenses": 1800000,
        "operatingExpenses": 5300000,
        "costAndExpenses": 105700000,
        "interestIncome": 0,
        "interestExpense": 0,
        "depreciationAndAmortization": 1800000,
        "ebitda": 7500000,
        "ebitdaratio": 0.0667853963,
        "operatingIncome": 5700000,
        "operatingIncomeRatio": 0.0507569012,
        "totalOtherIncomeExpensesNet": 0,
        "incomeBeforeTax": 5700000,
        "incomeBeforeTaxRatio": 0.0507569012,
        "incomeTaxExpense": 2100000,
        "netIncome": 3600000,
        "netIncomeRatio": 0.0320569902,
        "eps": 0.0269,
        "epsdiluted": 0.0269,
        "weightedAverageShsOut": 133953488,
        "weightedAverageShsOutDil": 133953488,
        "link": "",
        "finalLink": ""
    },
    {
        "date": "1991-01-31",
        "symbol": "HFC",
        "reportedCurrency": "USD",
        "cik": "0000048039",
        "fillingDate": "1991-01-31",
        "acceptedDate": "1991-01-30 19:00:00",
        "calendarYear": "1990",
        "period": "Q4",
        "revenue": 123400000,
        "costOfRevenue": 114900000,
        "grossProfit": 8500000,
        "grossProfitRatio": 0.0688816856,
        "researchAndDevelopmentExpenses": 0,
        "generalAndAdministrativeExpenses": 0,
        "sellingAndMarketingExpenses": 0,
        "sellingGeneralAndAdministrativeExpenses": 3400000,
        "otherExpenses": 1800000,
        "operatingExpenses": 5200000,
        "costAndExpenses": 120100000,
        "interestIncome": 0,
        "interestExpense": 0,
        "depreciationAndAmortization": 1700000,
        "ebitda": 5800000,
        "ebitdaratio": 0.0470016207,
        "operatingIncome": 4100000,
        "operatingIncomeRatio": 0.0332252836,
        "totalOtherIncomeExpensesNet": 0,
        "incomeBeforeTax": 4100000,
        "incomeBeforeTaxRatio": 0.0332252836,
        "incomeTaxExpense": 1400000,
        "netIncome": 2700000,
        "netIncomeRatio": 0.0218800648,
        "eps": 0.0206,
        "epsdiluted": 0.0206,
        "weightedAverageShsOut": 130909091,
        "weightedAverageShsOutDil": 130909091,
        "link": "",
        "finalLink": ""
    },
    {
        "date": "1990-10-31",
        "symbol": "HFC",
        "reportedCurrency": "USD",
        "cik": "0000048039",
        "fillingDate": "1990-10-31",
        "acceptedDate": "1990-10-30 19:00:00",
        "calendarYear": "1990",
        "period": "Q3",
        "revenue": 137300000,
        "costOfRevenue": 128000000,
        "grossProfit": 9300000,
        "grossProfitRatio": 0.0677348871,
        "researchAndDevelopmentExpenses": 0,
        "generalAndAdministrativeExpenses": 0,
        "sellingAndMarketingExpenses": 0,
        "sellingGeneralAndAdministrativeExpenses": 2600000,
        "otherExpenses": 1800000,
        "operatingExpenses": 4400000,
        "costAndExpenses": 132400000,
        "interestIncome": 0,
        "interestExpense": 0,
        "depreciationAndAmortization": 1800000,
        "ebitda": 6100000,
        "ebitdaratio": 0.0444282593,
        "operatingIncome": 4300000,
        "operatingIncomeRatio": 0.0313182811,
        "totalOtherIncomeExpensesNet": 0,
        "incomeBeforeTax": 4300000,
        "incomeBeforeTaxRatio": 0.0313182811,
        "incomeTaxExpense": 1500000,
        "netIncome": 2800000,
        "netIncomeRatio": 0.0203932993,
        "eps": 0.0212,
        "epsdiluted": 0.0212,
        "weightedAverageShsOut": 131764706,
        "weightedAverageShsOutDil": 131764706,
        "link": "",
        "finalLink": ""
    },
    {
        "date": "1990-07-31",
        "symbol": "HFC",
        "reportedCurrency": "USD",
        "cik": "0000048039",
        "fillingDate": "1990-07-31",
        "acceptedDate": "1990-07-30 20:00:00",
        "calendarYear": "1990",
        "period": "Q2",
        "revenue": 114000000,
        "costOfRevenue": 91100000,
        "grossProfit": 22900000,
        "grossProfitRatio": 0.200877193,
        "researchAndDevelopmentExpenses": 0,
        "generalAndAdministrativeExpenses": 0,
        "sellingAndMarketingExpenses": 0,
        "sellingGeneralAndAdministrativeExpenses": 1600000,
        "otherExpenses": 1600000,
        "operatingExpenses": 3200000,
        "costAndExpenses": 94300000,
        "interestIncome": 0,
        "interestExpense": 0,
        "depreciationAndAmortization": 1600000,
        "ebitda": 21200000,
        "ebitdaratio": 0.1859649123,
        "operatingIncome": 19600000,
        "operatingIncomeRatio": 0.1719298246,
        "totalOtherIncomeExpensesNet": 0,
        "incomeBeforeTax": 19600000,
        "incomeBeforeTaxRatio": 0.1719298246,
        "incomeTaxExpense": 6900000,
        "netIncome": 12700000,
        "netIncomeRatio": 0.1114035088,
        "eps": 0.0961,
        "epsdiluted": 0.0961,
        "weightedAverageShsOut": 132173913,
        "weightedAverageShsOutDil": 132173913,
        "link": "",
        "finalLink": ""
    },
    {
        "date": "1990-04-30",
        "symbol": "HFC",
        "reportedCurrency": "USD",
        "cik": "0000048039",
        "fillingDate": "1990-04-30",
        "acceptedDate": "1990-04-29 20:00:00",
        "calendarYear": "1990",
        "period": "Q1",
        "revenue": 107400000,
        "costOfRevenue": 98900000,
        "grossProfit": 8500000,
        "grossProfitRatio": 0.0791433892,
        "researchAndDevelopmentExpenses": 0,
        "generalAndAdministrativeExpenses": 0,
        "sellingAndMarketingExpenses": 0,
        "sellingGeneralAndAdministrativeExpenses": 2900000,
        "otherExpenses": 1600000,
        "operatingExpenses": 4500000,
        "costAndExpenses": 103400000,
        "interestIncome": 0,
        "interestExpense": 0,
        "depreciationAndAmortization": 1700000,
        "ebitda": 4500000,
        "ebitdaratio": 0.0418994413,
        "operatingIncome": 2800000,
        "operatingIncomeRatio": 0.0260707635,
        "totalOtherIncomeExpensesNet": 0,
        "incomeBeforeTax": 2800000,
        "incomeBeforeTaxRatio": 0.0260707635,
        "incomeTaxExpense": 900000,
        "netIncome": 1900000,
        "netIncomeRatio": 0.0176908752,
        "eps": 0.0144,
        "epsdiluted": 0.0144,
        "weightedAverageShsOut": 132173913,
        "weightedAverageShsOutDil": 132173913,
        "link": "",
        "finalLink": ""
    },
    {
        "date": "1990-01-31",
        "symbol": "HFC",
        "reportedCurrency": "USD",
        "cik": "0000048039",
        "fillingDate": "1990-01-31",
        "acceptedDate": "1990-01-30 19:00:00",
        "calendarYear": "1989",
        "period": "Q4",
        "revenue": 109000000,
        "costOfRevenue": 96900000,
        "grossProfit": 12100000,
        "grossProfitRatio": 0.1110091743,
        "researchAndDevelopmentExpenses": 0,
        "generalAndAdministrativeExpenses": 0,
        "sellingAndMarketingExpenses": 0,
        "sellingGeneralAndAdministrativeExpenses": 3100000,
        "otherExpenses": 1600000,
        "operatingExpenses": 4700000,
        "costAndExpenses": 101600000,
        "interestIncome": 0,
        "interestExpense": 0,
        "depreciationAndAmortization": 1600000,
        "ebitda": 8300000,
        "ebitdaratio": 0.076146789,
        "operatingIncome": 6700000,
        "operatingIncomeRatio": 0.0614678899,
        "totalOtherIncomeExpensesNet": 0,
        "incomeBeforeTax": 6700000,
        "incomeBeforeTaxRatio": 0.0614678899,
        "incomeTaxExpense": 2400000,
        "netIncome": 4300000,
        "netIncomeRatio": 0.0394495413,
        "eps": 0.0313,
        "epsdiluted": 0.0313,
        "weightedAverageShsOut": 137600000,
        "weightedAverageShsOutDil": 137600000,
        "link": "",
        "finalLink": ""
    },
    {
        "date": "1989-10-31",
        "symbol": "HFC",
        "reportedCurrency": "USD",
        "cik": "0000048039",
        "fillingDate": "1989-10-31",
        "acceptedDate": "1989-10-30 19:00:00",
        "calendarYear": "1989",
        "period": "Q3",
        "revenue": 107400000,
        "costOfRevenue": 93400000,
        "grossProfit": 14000000,
        "grossProfitRatio": 0.1303538175,
        "researchAndDevelopmentExpenses": 0,
        "generalAndAdministrativeExpenses": 0,
        "sellingAndMarketingExpenses": 0,
        "sellingGeneralAndAdministrativeExpenses": 2600000,
        "otherExpenses": 1600000,
        "operatingExpenses": 4200000,
        "costAndExpenses": 97600000,
        "interestIncome": 0,
        "interestExpense": 0,
        "depreciationAndAmortization": 1600000,
        "ebitda": 10000000,
        "ebitdaratio": 0.0931098696,
        "operatingIncome": 8400000,
        "operatingIncomeRatio": 0.0782122905,
        "totalOtherIncomeExpensesNet": 0,
        "incomeBeforeTax": 8400000,
        "incomeBeforeTaxRatio": 0.0782122905,
        "incomeTaxExpense": 3200000,
        "netIncome": 5200000,
        "netIncomeRatio": 0.0484171322,
        "eps": 0.0388,
        "epsdiluted": 0.0388,
        "weightedAverageShsOut": 134193548,
        "weightedAverageShsOutDil": 134193548,
        "link": "",
        "finalLink": ""
    },
    {
        "date": "1989-07-31",
        "symbol": "HFC",
        "reportedCurrency": "USD",
        "cik": "0000048039",
        "fillingDate": "1989-07-31",
        "acceptedDate": "1989-07-30 20:00:00",
        "calendarYear": "1989",
        "period": "Q2",
        "revenue": 115400000,
        "costOfRevenue": 97400000,
        "grossProfit": 18000000,
        "grossProfitRatio": 0.1559792028,
        "researchAndDevelopmentExpenses": 0,
        "generalAndAdministrativeExpenses": 0,
        "sellingAndMarketingExpenses": 0,
        "sellingGeneralAndAdministrativeExpenses": 2600000,
        "otherExpenses": 1600000,
        "operatingExpenses": 4200000,
        "costAndExpenses": 101600000,
        "interestIncome": 0,
        "interestExpense": 0,
        "depreciationAndAmortization": 1600000,
        "ebitda": 15600000,
        "ebitdaratio": 0.1351819757,
        "operatingIncome": 14000000,
        "operatingIncomeRatio": 0.1213171577,
        "totalOtherIncomeExpensesNet": 0,
        "incomeBeforeTax": 14000000,
        "incomeBeforeTaxRatio": 0.1213171577,
        "incomeTaxExpense": 5200000,
        "netIncome": 8800000,
        "netIncomeRatio": 0.0762564991,
        "eps": 0.066,
        "epsdiluted": 0.066,
        "weightedAverageShsOut": 133333333,
        "weightedAverageShsOutDil": 133333333,
        "link": "",
        "finalLink": ""
    },
    {
        "date": "1989-04-30",
        "symbol": "HFC",
        "reportedCurrency": "USD",
        "cik": "0000048039",
        "fillingDate": "1989-04-30",
        "acceptedDate": "1989-04-29 20:00:00",
        "calendarYear": "1989",
        "period": "Q1",
        "revenue": 88800000,
        "costOfRevenue": 75000000,
        "grossProfit": 13800000,
        "grossProfitRatio": 0.1554054054,
        "researchAndDevelopmentExpenses": 0,
        "generalAndAdministrativeExpenses": 0,
        "sellingAndMarketingExpenses": 0,
        "sellingGeneralAndAdministrativeExpenses": 2700000,
        "otherExpenses": 1600000,
        "operatingExpenses": 4300000,
        "costAndExpenses": 79300000,
        "interestIncome": 0,
        "interestExpense": 0,
        "depreciationAndAmortization": 1600000,
        "ebitda": 11000000,
        "ebitdaratio": 0.1238738739,
        "operatingIncome": 9400000,
        "operatingIncomeRatio": 0.1058558559,
        "totalOtherIncomeExpensesNet": 0,
        "incomeBeforeTax": 9400000,
        "incomeBeforeTaxRatio": 0.1058558559,
        "incomeTaxExpense": 3400000,
        "netIncome": 6000000,
        "netIncomeRatio": 0.0675675676,
        "eps": 0.045,
        "epsdiluted": 0.045,
        "weightedAverageShsOut": 133333333,
        "weightedAverageShsOutDil": 133333333,
        "link": "",
        "finalLink": ""
    },
    {
        "date": "1989-01-31",
        "symbol": "HFC",
        "reportedCurrency": "USD",
        "cik": "0000048039",
        "fillingDate": "1989-01-31",
        "acceptedDate": "1989-01-30 19:00:00",
        "calendarYear": "1988",
        "period": "Q4",
        "revenue": 78600000,
        "costOfRevenue": 0,
        "grossProfit": 78600000,
        "grossProfitRatio": 1,
        "researchAndDevelopmentExpenses": 0,
        "generalAndAdministrativeExpenses": 0,
        "sellingAndMarketingExpenses": 0,
        "sellingGeneralAndAdministrativeExpenses": 0,
        "otherExpenses": 0,
        "operatingExpenses": 0,
        "costAndExpenses": 0,
        "interestIncome": 0,
        "interestExpense": 0,
        "depreciationAndAmortization": 0,
        "ebitda": 78600000,
        "ebitdaratio": 1,
        "operatingIncome": 78600000,
        "operatingIncomeRatio": 1,
        "totalOtherIncomeExpensesNet": 0,
        "incomeBeforeTax": 0,
        "incomeBeforeTaxRatio": 0,
        "incomeTaxExpense": 0,
        "netIncome": 0,
        "netIncomeRatio": 0,
        "eps": 0,
        "epsdiluted": 0,
        "weightedAverageShsOut": 133397984,
        "weightedAverageShsOutDil": 133397984,
        "link": "",
        "finalLink": ""
    },
    {
        "date": "1988-10-31",
        "symbol": "HFC",
        "reportedCurrency": "USD",
        "cik": "0000048039",
        "fillingDate": "1988-10-31",
        "acceptedDate": "1988-10-30 19:00:00",
        "calendarYear": "1988",
        "period": "Q3",
        "revenue": 97300000,
        "costOfRevenue": 0,
        "grossProfit": 97300000,
        "grossProfitRatio": 1,
        "researchAndDevelopmentExpenses": 0,
        "generalAndAdministrativeExpenses": 0,
        "sellingAndMarketingExpenses": 0,
        "sellingGeneralAndAdministrativeExpenses": 0,
        "otherExpenses": 0,
        "operatingExpenses": 0,
        "costAndExpenses": 0,
        "interestIncome": 0,
        "interestExpense": 0,
        "depreciationAndAmortization": 0,
        "ebitda": 97300000,
        "ebitdaratio": 1,
        "operatingIncome": 97300000,
        "operatingIncomeRatio": 1,
        "totalOtherIncomeExpensesNet": 0,
        "incomeBeforeTax": 0,
        "incomeBeforeTaxRatio": 0,
        "incomeTaxExpense": 0,
        "netIncome": 0,
        "netIncomeRatio": 0,
        "eps": 0,
        "epsdiluted": 0,
        "weightedAverageShsOut": 133397984,
        "weightedAverageShsOutDil": 133397984,
        "link": "",
        "finalLink": ""
    }
]