[
    {
        "date": "2016-06-30",
        "symbol": "HOT",
        "reportedCurrency": "USD",
        "cik": "0000316206",
        "fillingDate": "2016-07-29",
        "acceptedDate": "2016-07-28 19:21:49",
        "calendarYear": "2016",
        "period": "Q2",
        "revenue": 986000000,
        "costOfRevenue": 0,
        "grossProfit": 986000000,
        "grossProfitRatio": 1,
        "researchAndDevelopmentExpenses": 0,
        "generalAndAdministrativeExpenses": 93000000,
        "sellingAndMarketingExpenses": 613000000,
        "sellingGeneralAndAdministrativeExpenses": 706000000,
        "otherExpenses": 0,
        "operatingExpenses": 706000000,
        "costAndExpenses": 845000000,
        "interestIncome": 0,
        "interestExpense": 24000000,
        "depreciationAndAmortization": 86000000,
        "ebitda": 8000000,
        "ebitdaratio": 0.0081135903,
        "operatingIncome": 141000000,
        "operatingIncomeRatio": 0.1430020284,
        "totalOtherIncomeExpensesNet": -128000000,
        "incomeBeforeTax": 13000000,
        "incomeBeforeTaxRatio": 0.0131845842,
        "incomeTaxExpense": 65000000,
        "netIncome": -167000000,
        "netIncomeRatio": -0.1693711968,
        "eps": -0.99,
        "epsdiluted": -0.99,
        "weightedAverageShsOut": 168000000,
        "weightedAverageShsOutDil": 169000000,
        "link": "https://www.sec.gov/Archives/edgar/data/316206/000156459016021718/0001564590-16-021718-index.htm",
        "finalLink": "https://www.sec.gov/Archives/edgar/data/316206/000156459016021718/hot-10q_20160630.htm"
    },
    {
        "date": "2016-03-31",
        "symbol": "HOT",
        "reportedCurrency": "USD",
        "cik": "0000316206",
        "fillingDate": "2016-05-04",
        "acceptedDate": "2016-05-03 18:34:12",
        "calendarYear": "2016",
        "period": "Q1",
        "revenue": 1404000000,
        "costOfRevenue": 0,
        "grossProfit": 1404000000,
        "grossProfitRatio": 1,
        "researchAndDevelopmentExpenses": 0,
        "generalAndAdministrativeExpenses": 86000000,
        "sellingAndMarketingExpenses": 675000000,
        "sellingGeneralAndAdministrativeExpenses": 761000000,
        "otherExpenses": 0,
        "operatingExpenses": 761000000,
        "costAndExpenses": 1252000000,
        "interestIncome": 0,
        "interestExpense": 24000000,
        "depreciationAndAmortization": 91000000,
        "ebitda": 258000000,
        "ebitdaratio": 0.1837606838,
        "operatingIncome": 152000000,
        "operatingIncomeRatio": 0.1082621083,
        "totalOtherIncomeExpensesNet": -9000000,
        "incomeBeforeTax": 143000000,
        "incomeBeforeTaxRatio": 0.1018518519,
        "incomeTaxExpense": 53000000,
        "netIncome": 90000000,
        "netIncomeRatio": 0.0641025641,
        "eps": 0.54,
        "epsdiluted": 0.54,
        "weightedAverageShsOut": 167000000,
        "weightedAverageShsOutDil": 168000000,
        "link": "https://www.sec.gov/Archives/edgar/data/316206/000156459016017491/0001564590-16-017491-index.htm",
        "finalLink": "https://www.sec.gov/Archives/edgar/data/316206/000156459016017491/hot-10q_20160331.htm"
    },
    {
        "date": "2015-12-31",
        "symbol": "HOT",
        "reportedCurrency": "USD",
        "cik": "0000316206",
        "fillingDate": "2016-02-25",
        "acceptedDate": "2016-02-25 16:14:34",
        "calendarYear": "2015",
        "period": "Q4",
        "revenue": 1433000000,
        "costOfRevenue": 0,
        "grossProfit": 1433000000,
        "grossProfitRatio": 1,
        "researchAndDevelopmentExpenses": 0,
        "generalAndAdministrativeExpenses": 96000000,
        "sellingAndMarketingExpenses": 655000000,
        "sellingGeneralAndAdministrativeExpenses": 751000000,
        "otherExpenses": 0,
        "operatingExpenses": 751000000,
        "costAndExpenses": 1242000000,
        "interestIncome": 0,
        "interestExpense": 26000000,
        "depreciationAndAmortization": 97000000,
        "ebitda": 331000000,
        "ebitdaratio": 0.2309839498,
        "operatingIncome": 191000000,
        "operatingIncomeRatio": 0.1332868109,
        "totalOtherIncomeExpensesNet": 17000000,
        "incomeBeforeTax": 208000000,
        "incomeBeforeTaxRatio": 0.1451500349,
        "incomeTaxExpense": 42000000,
        "netIncome": 166000000,
        "netIncomeRatio": 0.1158408932,
        "eps": 0.98,
        "epsdiluted": 0.98,
        "weightedAverageShsOut": 169000000,
        "weightedAverageShsOutDil": 170000000,
        "link": "https://www.sec.gov/Archives/edgar/data/316206/000156459016013371/0001564590-16-013371-index.htm",
        "finalLink": "https://www.sec.gov/Archives/edgar/data/316206/000156459016013371/hot-10k_20151231.htm"
    },
    {
        "date": "2015-09-30",
        "symbol": "HOT",
        "reportedCurrency": "USD",
        "cik": "0000316206",
        "fillingDate": "2015-10-29",
        "acceptedDate": "2015-10-28 20:47:08",
        "calendarYear": "2015",
        "period": "Q3",
        "revenue": 1434000000,
        "costOfRevenue": 0,
        "grossProfit": 1434000000,
        "grossProfitRatio": 1,
        "researchAndDevelopmentExpenses": 0,
        "generalAndAdministrativeExpenses": 102000000,
        "sellingAndMarketingExpenses": 657000000,
        "sellingGeneralAndAdministrativeExpenses": 759000000,
        "otherExpenses": 0,
        "operatingExpenses": 759000000,
        "costAndExpenses": 1234000000,
        "interestIncome": 0,
        "interestExpense": 30000000,
        "depreciationAndAmortization": 92000000,
        "ebitda": 252000000,
        "ebitdaratio": 0.1757322176,
        "operatingIncome": 200000000,
        "operatingIncomeRatio": 0.1394700139,
        "totalOtherIncomeExpensesNet": -70000000,
        "incomeBeforeTax": 130000000,
        "incomeBeforeTaxRatio": 0.0906555091,
        "incomeTaxExpense": 42000000,
        "netIncome": 88000000,
        "netIncomeRatio": 0.0613668061,
        "eps": 0.52,
        "epsdiluted": 0.52,
        "weightedAverageShsOut": 169000000,
        "weightedAverageShsOutDil": 170000000,
        "link": "https://www.sec.gov/Archives/edgar/data/316206/000156459015008792/0001564590-15-008792-index.htm",
        "finalLink": "https://www.sec.gov/Archives/edgar/data/316206/000156459015008792/hot-10q_20150930.htm"
    },
    {
        "date": "2015-06-30",
        "symbol": "HOT",
        "reportedCurrency": "USD",
        "cik": "0000316206",
        "fillingDate": "2015-07-30",
        "acceptedDate": "2015-07-30 17:00:21",
        "calendarYear": "2015",
        "period": "Q2",
        "revenue": 1481000000,
        "costOfRevenue": 0,
        "grossProfit": 1481000000,
        "grossProfitRatio": 1,
        "researchAndDevelopmentExpenses": 0,
        "generalAndAdministrativeExpenses": 99000000,
        "sellingAndMarketingExpenses": 672000000,
        "sellingGeneralAndAdministrativeExpenses": 771000000,
        "otherExpenses": 0,
        "operatingExpenses": 771000000,
        "costAndExpenses": 1285000000,
        "interestIncome": 0,
        "interestExpense": 28000000,
        "depreciationAndAmortization": 95000000,
        "ebitda": 303000000,
        "ebitdaratio": 0.2045914922,
        "operatingIncome": 196000000,
        "operatingIncomeRatio": 0.1323430115,
        "totalOtherIncomeExpensesNet": -16000000,
        "incomeBeforeTax": 180000000,
        "incomeBeforeTaxRatio": 0.1215395003,
        "incomeTaxExpense": 44000000,
        "netIncome": 136000000,
        "netIncomeRatio": 0.0918298447,
        "eps": 0.8,
        "epsdiluted": 0.8,
        "weightedAverageShsOut": 170000000,
        "weightedAverageShsOutDil": 171000000,
        "link": "https://www.sec.gov/Archives/edgar/data/316206/000156459015005879/0001564590-15-005879-index.htm",
        "finalLink": "https://www.sec.gov/Archives/edgar/data/316206/000156459015005879/hot-10q_20150630.htm"
    },
    {
        "date": "2015-03-31",
        "symbol": "HOT",
        "reportedCurrency": "USD",
        "cik": "0000316206",
        "fillingDate": "2015-04-30",
        "acceptedDate": "2015-04-29 18:45:26",
        "calendarYear": "2015",
        "period": "Q1",
        "revenue": 1415000000,
        "costOfRevenue": 0,
        "grossProfit": 1415000000,
        "grossProfitRatio": 1,
        "researchAndDevelopmentExpenses": 0,
        "generalAndAdministrativeExpenses": 91000000,
        "sellingAndMarketingExpenses": 641000000,
        "sellingGeneralAndAdministrativeExpenses": 732000000,
        "otherExpenses": 0,
        "operatingExpenses": 732000000,
        "costAndExpenses": 1262000000,
        "interestIncome": 0,
        "interestExpense": 32000000,
        "depreciationAndAmortization": 91000000,
        "ebitda": 274000000,
        "ebitdaratio": 0.193639576,
        "operatingIncome": 153000000,
        "operatingIncomeRatio": 0.1081272085,
        "totalOtherIncomeExpensesNet": -2000000,
        "incomeBeforeTax": 151000000,
        "incomeBeforeTaxRatio": 0.1067137809,
        "incomeTaxExpense": 52000000,
        "netIncome": 99000000,
        "netIncomeRatio": 0.0699646643,
        "eps": 0.58,
        "epsdiluted": 0.58,
        "weightedAverageShsOut": 170000000,
        "weightedAverageShsOutDil": 171000000,
        "link": "https://www.sec.gov/Archives/edgar/data/316206/000119312515157417/0001193125-15-157417-index.htm",
        "finalLink": "https://www.sec.gov/Archives/edgar/data/316206/000119312515157417/d903355d10q.htm"
    },
    {
        "date": "2014-12-31",
        "symbol": "HOT",
        "reportedCurrency": "USD",
        "cik": "0000316206",
        "fillingDate": "2015-02-25",
        "acceptedDate": "2015-02-25 17:06:58",
        "calendarYear": "2014",
        "period": "Q4",
        "revenue": 1493000000,
        "costOfRevenue": 7000000,
        "grossProfit": 1486000000,
        "grossProfitRatio": 0.9953114534,
        "researchAndDevelopmentExpenses": 0,
        "generalAndAdministrativeExpenses": 109000000,
        "sellingAndMarketingExpenses": 654000000,
        "sellingGeneralAndAdministrativeExpenses": 763000000,
        "otherExpenses": 0,
        "operatingExpenses": 763000000,
        "costAndExpenses": 1251000000,
        "interestIncome": 0,
        "interestExpense": 22000000,
        "depreciationAndAmortization": 98000000,
        "ebitda": 358000000,
        "ebitdaratio": 0.2397856664,
        "operatingIncome": 242000000,
        "operatingIncomeRatio": 0.1620897522,
        "totalOtherIncomeExpensesNet": 7000000,
        "incomeBeforeTax": 249000000,
        "incomeBeforeTaxRatio": 0.1667782987,
        "incomeTaxExpense": 4000000,
        "netIncome": 234000000,
        "netIncomeRatio": 0.1567314133,
        "eps": 1.26,
        "epsdiluted": 1.26,
        "weightedAverageShsOut": 185000000,
        "weightedAverageShsOutDil": 186000000,
        "link": "https://www.sec.gov/Archives/edgar/data/316206/000119312515062758/0001193125-15-062758-index.htm",
        "finalLink": "https://www.sec.gov/Archives/edgar/data/316206/000119312515062758/d838837d10k.htm"
    },
    {
        "date": "2014-09-30",
        "symbol": "HOT",
        "reportedCurrency": "USD",
        "cik": "0000316206",
        "fillingDate": "2014-10-29",
        "acceptedDate": "2014-10-29 15:59:06",
        "calendarYear": "2014",
        "period": "Q3",
        "revenue": 1493000000,
        "costOfRevenue": 0,
        "grossProfit": 1493000000,
        "grossProfitRatio": 1,
        "researchAndDevelopmentExpenses": 0,
        "generalAndAdministrativeExpenses": 96000000,
        "sellingAndMarketingExpenses": 687000000,
        "sellingGeneralAndAdministrativeExpenses": 783000000,
        "otherExpenses": 0,
        "operatingExpenses": 783000000,
        "costAndExpenses": 1283000000,
        "interestIncome": 0,
        "interestExpense": 27000000,
        "depreciationAndAmortization": 94000000,
        "ebitda": 284000000,
        "ebitdaratio": 0.1902210315,
        "operatingIncome": 210000000,
        "operatingIncomeRatio": 0.1406563965,
        "totalOtherIncomeExpensesNet": -47000000,
        "incomeBeforeTax": 163000000,
        "incomeBeforeTaxRatio": 0.1091761554,
        "incomeTaxExpense": 54000000,
        "netIncome": 109000000,
        "netIncomeRatio": 0.0730073677,
        "eps": 0.58,
        "epsdiluted": 0.57,
        "weightedAverageShsOut": 188000000,
        "weightedAverageShsOutDil": 190000000,
        "link": "https://www.sec.gov/Archives/edgar/data/316206/000119312514387117/0001193125-14-387117-index.htm",
        "finalLink": "https://www.sec.gov/Archives/edgar/data/316206/000119312514387117/d791357d10q.htm"
    },
    {
        "date": "2014-06-30",
        "symbol": "HOT",
        "reportedCurrency": "USD",
        "cik": "0000316206",
        "fillingDate": "2014-07-24",
        "acceptedDate": "2014-07-24 17:23:27",
        "calendarYear": "2014",
        "period": "Q2",
        "revenue": 1539000000,
        "costOfRevenue": 0,
        "grossProfit": 1539000000,
        "grossProfitRatio": 1,
        "researchAndDevelopmentExpenses": 0,
        "generalAndAdministrativeExpenses": 102000000,
        "sellingAndMarketingExpenses": 694000000,
        "sellingGeneralAndAdministrativeExpenses": 796000000,
        "otherExpenses": 0,
        "operatingExpenses": 796000000,
        "costAndExpenses": 1302000000,
        "interestIncome": 0,
        "interestExpense": 24000000,
        "depreciationAndAmortization": 92000000,
        "ebitda": 342000000,
        "ebitdaratio": 0.2222222222,
        "operatingIncome": 237000000,
        "operatingIncomeRatio": 0.1539961014,
        "totalOtherIncomeExpensesNet": -11000000,
        "incomeBeforeTax": 226000000,
        "incomeBeforeTaxRatio": 0.146848603,
        "incomeTaxExpense": 73000000,
        "netIncome": 153000000,
        "netIncomeRatio": 0.0994152047,
        "eps": 0.81,
        "epsdiluted": 0.8,
        "weightedAverageShsOut": 190000000,
        "weightedAverageShsOutDil": 191000000,
        "link": "https://www.sec.gov/Archives/edgar/data/316206/000119312514279104/0001193125-14-279104-index.htm",
        "finalLink": "https://www.sec.gov/Archives/edgar/data/316206/000119312514279104/d748604d10q.htm"
    },
    {
        "date": "2014-03-31",
        "symbol": "HOT",
        "reportedCurrency": "USD",
        "cik": "0000316206",
        "fillingDate": "2014-04-24",
        "acceptedDate": "2014-04-24 16:50:01",
        "calendarYear": "2014",
        "period": "Q1",
        "revenue": 1458000000,
        "costOfRevenue": 0,
        "grossProfit": 1458000000,
        "grossProfitRatio": 1,
        "researchAndDevelopmentExpenses": 0,
        "generalAndAdministrativeExpenses": 95000000,
        "sellingAndMarketingExpenses": 671000000,
        "sellingGeneralAndAdministrativeExpenses": 766000000,
        "otherExpenses": 0,
        "operatingExpenses": 766000000,
        "costAndExpenses": 1264000000,
        "interestIncome": 0,
        "interestExpense": 24000000,
        "depreciationAndAmortization": 89000000,
        "ebitda": 258000000,
        "ebitdaratio": 0.1769547325,
        "operatingIncome": 194000000,
        "operatingIncomeRatio": 0.1330589849,
        "totalOtherIncomeExpensesNet": -50000000,
        "incomeBeforeTax": 144000000,
        "incomeBeforeTaxRatio": 0.0987654321,
        "incomeTaxExpense": 8000000,
        "netIncome": 137000000,
        "netIncomeRatio": 0.0939643347,
        "eps": 0.72,
        "epsdiluted": 0.71,
        "weightedAverageShsOut": 190000000,
        "weightedAverageShsOutDil": 192000000,
        "link": "https://www.sec.gov/Archives/edgar/data/316206/000119312514157275/0001193125-14-157275-index.htm",
        "finalLink": "https://www.sec.gov/Archives/edgar/data/316206/000119312514157275/d695478d10q.htm"
    },
    {
        "date": "2013-12-31",
        "symbol": "HOT",
        "reportedCurrency": "USD",
        "cik": "0000316206",
        "fillingDate": "2014-02-24",
        "acceptedDate": "2014-02-24 16:44:58",
        "calendarYear": "2013",
        "period": "Q4",
        "revenue": 1506000000,
        "costOfRevenue": 112000000,
        "grossProfit": 1394000000,
        "grossProfitRatio": 0.9256308101,
        "researchAndDevelopmentExpenses": 0,
        "generalAndAdministrativeExpenses": 106000000,
        "sellingAndMarketingExpenses": 580000000,
        "sellingGeneralAndAdministrativeExpenses": 686000000,
        "otherExpenses": 0,
        "operatingExpenses": 686000000,
        "costAndExpenses": 1306000000,
        "interestIncome": 0,
        "interestExpense": 24000000,
        "depreciationAndAmortization": 100000000,
        "ebitda": 292000000,
        "ebitdaratio": 0.1938911023,
        "operatingIncome": 200000000,
        "operatingIncomeRatio": 0.1328021248,
        "totalOtherIncomeExpensesNet": -32000000,
        "incomeBeforeTax": 168000000,
        "incomeBeforeTaxRatio": 0.1115537849,
        "incomeTaxExpense": 40000000,
        "netIncome": 128000000,
        "netIncomeRatio": 0.0849933599,
        "eps": 0.67,
        "epsdiluted": 0.66,
        "weightedAverageShsOut": 191000000,
        "weightedAverageShsOutDil": 193000000,
        "link": "https://www.sec.gov/Archives/edgar/data/316206/000119312514065122/0001193125-14-065122-index.htm",
        "finalLink": "https://www.sec.gov/Archives/edgar/data/316206/000119312514065122/d645634d10k.htm"
    },
    {
        "date": "2013-09-30",
        "symbol": "HOT",
        "reportedCurrency": "USD",
        "cik": "0000316206",
        "fillingDate": "2013-10-25",
        "acceptedDate": "2013-10-25 12:45:58",
        "calendarYear": "2013",
        "period": "Q3",
        "revenue": 1508000000,
        "costOfRevenue": 0,
        "grossProfit": 1508000000,
        "grossProfitRatio": 1,
        "researchAndDevelopmentExpenses": 0,
        "generalAndAdministrativeExpenses": 100000000,
        "sellingAndMarketingExpenses": 663000000,
        "sellingGeneralAndAdministrativeExpenses": 763000000,
        "otherExpenses": 0,
        "operatingExpenses": 763000000,
        "costAndExpenses": 1265000000,
        "interestIncome": 0,
        "interestExpense": 26000000,
        "depreciationAndAmortization": 88000000,
        "ebitda": 335000000,
        "ebitdaratio": 0.2221485411,
        "operatingIncome": 243000000,
        "operatingIncomeRatio": 0.1611405836,
        "totalOtherIncomeExpensesNet": -22000000,
        "incomeBeforeTax": 221000000,
        "incomeBeforeTaxRatio": 0.1465517241,
        "incomeTaxExpense": 64000000,
        "netIncome": 157000000,
        "netIncomeRatio": 0.1041114058,
        "eps": 0.82,
        "epsdiluted": 0.81,
        "weightedAverageShsOut": 192000000,
        "weightedAverageShsOutDil": 194000000,
        "link": "https://www.sec.gov/Archives/edgar/data/316206/000119312513411193/0001193125-13-411193-index.htm",
        "finalLink": "https://www.sec.gov/Archives/edgar/data/316206/000119312513411193/d586345d10q.htm"
    },
    {
        "date": "2013-06-30",
        "symbol": "HOT",
        "reportedCurrency": "USD",
        "cik": "0000316206",
        "fillingDate": "2013-07-25",
        "acceptedDate": "2013-07-25 17:15:29",
        "calendarYear": "2013",
        "period": "Q2",
        "revenue": 1562000000,
        "costOfRevenue": 0,
        "grossProfit": 1562000000,
        "grossProfitRatio": 1,
        "researchAndDevelopmentExpenses": 0,
        "generalAndAdministrativeExpenses": 88000000,
        "sellingAndMarketingExpenses": 668000000,
        "sellingGeneralAndAdministrativeExpenses": 756000000,
        "otherExpenses": 0,
        "operatingExpenses": 756000000,
        "costAndExpenses": 1312000000,
        "interestIncome": 0,
        "interestExpense": 26000000,
        "depreciationAndAmortization": 87000000,
        "ebitda": 345000000,
        "ebitdaratio": 0.2208706786,
        "operatingIncome": 250000000,
        "operatingIncomeRatio": 0.1600512164,
        "totalOtherIncomeExpensesNet": -17000000,
        "incomeBeforeTax": 233000000,
        "incomeBeforeTaxRatio": 0.1491677337,
        "incomeTaxExpense": 95000000,
        "netIncome": 137000000,
        "netIncomeRatio": 0.0877080666,
        "eps": 0.71,
        "epsdiluted": 0.71,
        "weightedAverageShsOut": 192000000,
        "weightedAverageShsOutDil": 194000000,
        "link": "https://www.sec.gov/Archives/edgar/data/316206/000119312513302879/0001193125-13-302879-index.htm",
        "finalLink": "https://www.sec.gov/Archives/edgar/data/316206/000119312513302879/d546498d10q.htm"
    },
    {
        "date": "2013-03-31",
        "symbol": "HOT",
        "reportedCurrency": "USD",
        "cik": "0000316206",
        "fillingDate": "2013-04-30",
        "acceptedDate": "2013-04-30 17:18:10",
        "calendarYear": "2013",
        "period": "Q1",
        "revenue": 1539000000,
        "costOfRevenue": 0,
        "grossProfit": 1539000000,
        "grossProfitRatio": 1,
        "researchAndDevelopmentExpenses": 0,
        "generalAndAdministrativeExpenses": 90000000,
        "sellingAndMarketingExpenses": 634000000,
        "sellingGeneralAndAdministrativeExpenses": 724000000,
        "otherExpenses": 0,
        "operatingExpenses": 724000000,
        "costAndExpenses": 1307000000,
        "interestIncome": 0,
        "interestExpense": 27000000,
        "depreciationAndAmortization": 88000000,
        "ebitda": 392000000,
        "ebitdaratio": 0.2547108512,
        "operatingIncome": 232000000,
        "operatingIncomeRatio": 0.1507472385,
        "totalOtherIncomeExpensesNet": -26000000,
        "incomeBeforeTax": 206000000,
        "incomeBeforeTaxRatio": 0.1338531514,
        "incomeTaxExpense": 64000000,
        "netIncome": 213000000,
        "netIncomeRatio": 0.1384015595,
        "eps": 1.12,
        "epsdiluted": 1.1,
        "weightedAverageShsOut": 191000000,
        "weightedAverageShsOutDil": 194000000,
        "link": "https://www.sec.gov/Archives/edgar/data/316206/000119312513187906/0001193125-13-187906-index.htm",
        "finalLink": "https://www.sec.gov/Archives/edgar/data/316206/000119312513187906/d513694d10q.htm"
    },
    {
        "date": "2012-12-31",
        "symbol": "HOT",
        "reportedCurrency": "USD",
        "cik": "0000316206",
        "fillingDate": "2013-02-21",
        "acceptedDate": "2013-02-21 17:19:02",
        "calendarYear": "2012",
        "period": "Q4",
        "revenue": 1533000000,
        "costOfRevenue": 440000000,
        "grossProfit": 1093000000,
        "grossProfitRatio": 0.7129810828,
        "researchAndDevelopmentExpenses": 0,
        "generalAndAdministrativeExpenses": 101000000,
        "sellingAndMarketingExpenses": 707000000,
        "sellingGeneralAndAdministrativeExpenses": 808000000,
        "otherExpenses": 0,
        "operatingExpenses": 808000000,
        "costAndExpenses": 1290000000,
        "interestIncome": 0,
        "interestExpense": 22000000,
        "depreciationAndAmortization": 94000000,
        "ebitda": 279000000,
        "ebitdaratio": 0.1819960861,
        "operatingIncome": 243000000,
        "operatingIncomeRatio": 0.1585127202,
        "totalOtherIncomeExpensesNet": -157000000,
        "incomeBeforeTax": 86000000,
        "incomeBeforeTaxRatio": 0.056099152,
        "incomeTaxExpense": 21000000,
        "netIncome": 142000000,
        "netIncomeRatio": 0.0926288324,
        "eps": 0.74,
        "epsdiluted": 0.72,
        "weightedAverageShsOut": 193000000,
        "weightedAverageShsOutDil": 197000000,
        "link": "https://www.sec.gov/Archives/edgar/data/316206/000119312513069572/0001193125-13-069572-index.htm",
        "finalLink": "https://www.sec.gov/Archives/edgar/data/316206/000119312513069572/d450314d10k.htm"
    },
    {
        "date": "2012-09-30",
        "symbol": "HOT",
        "reportedCurrency": "USD",
        "cik": "0000316206",
        "fillingDate": "2012-10-30",
        "acceptedDate": "2012-10-29 18:27:22",
        "calendarYear": "2012",
        "period": "Q3",
        "revenue": 1455000000,
        "costOfRevenue": 0,
        "grossProfit": 1455000000,
        "grossProfitRatio": 1,
        "researchAndDevelopmentExpenses": 0,
        "generalAndAdministrativeExpenses": 87000000,
        "sellingAndMarketingExpenses": 603000000,
        "sellingGeneralAndAdministrativeExpenses": 690000000,
        "otherExpenses": 0,
        "operatingExpenses": 690000000,
        "costAndExpenses": 1255000000,
        "interestIncome": 0,
        "interestExpense": 150000000,
        "depreciationAndAmortization": 82000000,
        "ebitda": 421000000,
        "ebitdaratio": 0.289347079,
        "operatingIncome": 200000000,
        "operatingIncomeRatio": 0.1374570447,
        "totalOtherIncomeExpensesNet": -34000000,
        "incomeBeforeTax": 166000000,
        "incomeBeforeTaxRatio": 0.1140893471,
        "incomeTaxExpense": 19000000,
        "netIncome": 170000000,
        "netIncomeRatio": 0.116838488,
        "eps": 0.88,
        "epsdiluted": 0.86,
        "weightedAverageShsOut": 193000000,
        "weightedAverageShsOutDil": 197000000,
        "link": "https://www.sec.gov/Archives/edgar/data/316206/000119312512440087/0001193125-12-440087-index.htm",
        "finalLink": "https://www.sec.gov/Archives/edgar/data/316206/000119312512440087/d414970d10q.htm"
    },
    {
        "date": "2012-06-30",
        "symbol": "HOT",
        "reportedCurrency": "USD",
        "cik": "0000316206",
        "fillingDate": "2012-07-26",
        "acceptedDate": "2012-07-26 13:26:14",
        "calendarYear": "2012",
        "period": "Q2",
        "revenue": 1618000000,
        "costOfRevenue": 0,
        "grossProfit": 1618000000,
        "grossProfitRatio": 1,
        "researchAndDevelopmentExpenses": 0,
        "generalAndAdministrativeExpenses": 86000000,
        "sellingAndMarketingExpenses": 626000000,
        "sellingGeneralAndAdministrativeExpenses": 712000000,
        "otherExpenses": 0,
        "operatingExpenses": 712000000,
        "costAndExpenses": 1376000000,
        "interestIncome": 0,
        "interestExpense": 0,
        "depreciationAndAmortization": 84000000,
        "ebitda": 262000000,
        "ebitdaratio": 0.1619283066,
        "operatingIncome": 242000000,
        "operatingIncomeRatio": 0.1495673671,
        "totalOtherIncomeExpensesNet": -57000000,
        "incomeBeforeTax": 185000000,
        "incomeBeforeTaxRatio": 0.1143386897,
        "incomeTaxExpense": 56000000,
        "netIncome": 122000000,
        "netIncomeRatio": 0.0754017305,
        "eps": 0.63,
        "epsdiluted": 0.62,
        "weightedAverageShsOut": 193000000,
        "weightedAverageShsOutDil": 197000000,
        "link": "https://www.sec.gov/Archives/edgar/data/316206/000119312512316425/0001193125-12-316425-index.htm",
        "finalLink": "https://www.sec.gov/Archives/edgar/data/316206/000119312512316425/d356895d10q.htm"
    },
    {
        "date": "2012-03-31",
        "symbol": "HOT",
        "reportedCurrency": "USD",
        "cik": "0000316206",
        "fillingDate": "2012-04-27",
        "acceptedDate": "2012-04-27 11:55:20",
        "calendarYear": "2012",
        "period": "Q1",
        "revenue": 1715000000,
        "costOfRevenue": 0,
        "grossProfit": 1715000000,
        "grossProfitRatio": 1,
        "researchAndDevelopmentExpenses": 0,
        "generalAndAdministrativeExpenses": 96000000,
        "sellingAndMarketingExpenses": 599000000,
        "sellingGeneralAndAdministrativeExpenses": 695000000,
        "otherExpenses": 0,
        "operatingExpenses": 695000000,
        "costAndExpenses": 1488000000,
        "interestIncome": 0,
        "interestExpense": 0,
        "depreciationAndAmortization": 84000000,
        "ebitda": 264000000,
        "ebitdaratio": 0.1539358601,
        "operatingIncome": 227000000,
        "operatingIncomeRatio": 0.132361516,
        "totalOtherIncomeExpensesNet": -46000000,
        "incomeBeforeTax": 181000000,
        "incomeBeforeTaxRatio": 0.1055393586,
        "incomeTaxExpense": 52000000,
        "netIncome": 128000000,
        "netIncomeRatio": 0.0746355685,
        "eps": 0.67,
        "epsdiluted": 0.65,
        "weightedAverageShsOut": 192000000,
        "weightedAverageShsOutDil": 197000000,
        "link": "https://www.sec.gov/Archives/edgar/data/316206/000119312512189444/0001193125-12-189444-index.htm",
        "finalLink": "https://www.sec.gov/Archives/edgar/data/316206/000119312512189444/d320469d10q.htm"
    },
    {
        "date": "2011-12-31",
        "symbol": "HOT",
        "reportedCurrency": "USD",
        "cik": "0000316206",
        "fillingDate": "2012-02-21",
        "acceptedDate": "2012-02-17 21:52:40",
        "calendarYear": "2011",
        "period": "Q4",
        "revenue": 1531000000,
        "costOfRevenue": 0,
        "grossProfit": 1531000000,
        "grossProfitRatio": 1,
        "researchAndDevelopmentExpenses": 0,
        "generalAndAdministrativeExpenses": 96000000,
        "sellingAndMarketingExpenses": 586000000,
        "sellingGeneralAndAdministrativeExpenses": 682000000,
        "otherExpenses": 0,
        "operatingExpenses": 682000000,
        "costAndExpenses": 1360000000,
        "interestIncome": 0,
        "interestExpense": 22000000,
        "depreciationAndAmortization": 125000000,
        "ebitda": 375000000,
        "ebitdaratio": 0.2449379491,
        "operatingIncome": 171000000,
        "operatingIncomeRatio": 0.1116917048,
        "totalOtherIncomeExpensesNet": -88000000,
        "incomeBeforeTax": 83000000,
        "incomeBeforeTaxRatio": 0.0542129327,
        "incomeTaxExpense": 61000000,
        "netIncome": 167000000,
        "netIncomeRatio": 0.1090790333,
        "eps": 0.88,
        "epsdiluted": 0.86,
        "weightedAverageShsOut": 189000000,
        "weightedAverageShsOutDil": 195000000,
        "link": "https://www.sec.gov/Archives/edgar/data/316206/000119312512068071/0001193125-12-068071-index.htm",
        "finalLink": "https://www.sec.gov/Archives/edgar/data/316206/000119312512068071/d258834d10k.htm"
    },
    {
        "date": "2011-09-30",
        "symbol": "HOT",
        "reportedCurrency": "USD",
        "cik": "0000316206",
        "fillingDate": "2011-10-28",
        "acceptedDate": "2011-10-28 14:29:22",
        "calendarYear": "2011",
        "period": "Q3",
        "revenue": 1372000000,
        "costOfRevenue": 0,
        "grossProfit": 1372000000,
        "grossProfitRatio": 1,
        "researchAndDevelopmentExpenses": 0,
        "generalAndAdministrativeExpenses": 88000000,
        "sellingAndMarketingExpenses": 590000000,
        "sellingGeneralAndAdministrativeExpenses": 678000000,
        "otherExpenses": 0,
        "operatingExpenses": 678000000,
        "costAndExpenses": 1210000000,
        "interestIncome": 0,
        "interestExpense": 0,
        "depreciationAndAmortization": -29000000,
        "ebitda": 142000000,
        "ebitdaratio": 0.1034985423,
        "operatingIncome": 162000000,
        "operatingIncomeRatio": 0.1180758017,
        "totalOtherIncomeExpensesNet": 3000000,
        "incomeBeforeTax": 165000000,
        "incomeBeforeTaxRatio": 0.1202623907,
        "incomeTaxExpense": 8000000,
        "netIncome": 163000000,
        "netIncomeRatio": 0.1188046647,
        "eps": 0.86,
        "epsdiluted": 0.84,
        "weightedAverageShsOut": 189000000,
        "weightedAverageShsOutDil": 195000000,
        "link": "https://www.sec.gov/Archives/edgar/data/316206/000119312511285921/0001193125-11-285921-index.htm",
        "finalLink": "https://www.sec.gov/Archives/edgar/data/316206/000119312511285921/d242714d10q.htm"
    },
    {
        "date": "2011-06-30",
        "symbol": "HOT",
        "reportedCurrency": "USD",
        "cik": "0000316206",
        "fillingDate": "2011-07-28",
        "acceptedDate": "2011-07-28 16:07:50",
        "calendarYear": "2011",
        "period": "Q2",
        "revenue": 1426000000,
        "costOfRevenue": 0,
        "grossProfit": 1426000000,
        "grossProfitRatio": 1,
        "researchAndDevelopmentExpenses": 0,
        "generalAndAdministrativeExpenses": 88000000,
        "sellingAndMarketingExpenses": 602000000,
        "sellingGeneralAndAdministrativeExpenses": 690000000,
        "otherExpenses": 0,
        "operatingExpenses": 690000000,
        "costAndExpenses": 1249000000,
        "interestIncome": 0,
        "interestExpense": 0,
        "depreciationAndAmortization": 25000000,
        "ebitda": 172000000,
        "ebitdaratio": 0.1206171108,
        "operatingIncome": 177000000,
        "operatingIncomeRatio": 0.1241234222,
        "totalOtherIncomeExpensesNet": -27000000,
        "incomeBeforeTax": 150000000,
        "incomeBeforeTaxRatio": 0.1051893408,
        "incomeTaxExpense": 16000000,
        "netIncome": 131000000,
        "netIncomeRatio": 0.0918653576,
        "eps": 0.7,
        "epsdiluted": 0.67,
        "weightedAverageShsOut": 188000000,
        "weightedAverageShsOutDil": 195000000,
        "link": "https://www.sec.gov/Archives/edgar/data/316206/000095012311069587/0000950123-11-069587-index.htm",
        "finalLink": "https://www.sec.gov/Archives/edgar/data/316206/000095012311069587/p18899e10vq.htm"
    },
    {
        "date": "2011-03-31",
        "symbol": "HOT",
        "reportedCurrency": "USD",
        "cik": "0000316206",
        "fillingDate": "2011-04-29",
        "acceptedDate": "2011-04-29 16:51:15",
        "calendarYear": "2011",
        "period": "Q1",
        "revenue": 1295000000,
        "costOfRevenue": 0,
        "grossProfit": 1295000000,
        "grossProfitRatio": 1,
        "researchAndDevelopmentExpenses": 0,
        "generalAndAdministrativeExpenses": 80000000,
        "sellingAndMarketingExpenses": 556000000,
        "sellingGeneralAndAdministrativeExpenses": 636000000,
        "otherExpenses": 0,
        "operatingExpenses": 636000000,
        "costAndExpenses": 1175000000,
        "interestIncome": 0,
        "interestExpense": 0,
        "depreciationAndAmortization": 68000000,
        "ebitda": 106000000,
        "ebitdaratio": 0.0818532819,
        "operatingIncome": 120000000,
        "operatingIncomeRatio": 0.0926640927,
        "totalOtherIncomeExpensesNet": -93000000,
        "incomeBeforeTax": 27000000,
        "incomeBeforeTaxRatio": 0.0208494208,
        "incomeTaxExpense": 10000000,
        "netIncome": 28000000,
        "netIncomeRatio": 0.0216216216,
        "eps": 0.15,
        "epsdiluted": 0.14,
        "weightedAverageShsOut": 187000000,
        "weightedAverageShsOutDil": 194000000,
        "link": "https://www.sec.gov/Archives/edgar/data/316206/000095012311042148/0000950123-11-042148-index.htm",
        "finalLink": "https://www.sec.gov/Archives/edgar/data/316206/000095012311042148/p18744e10vq.htm"
    },
    {
        "date": "2010-12-31",
        "symbol": "HOT",
        "reportedCurrency": "USD",
        "cik": "0000316206",
        "fillingDate": "2011-02-18",
        "acceptedDate": "2011-02-17 21:26:35",
        "calendarYear": "2010",
        "period": "Q4",
        "revenue": 5071000000,
        "costOfRevenue": 0,
        "grossProfit": 5071000000,
        "grossProfitRatio": 1,
        "researchAndDevelopmentExpenses": 0,
        "generalAndAdministrativeExpenses": 86000000,
        "sellingAndMarketingExpenses": 403000000,
        "sellingGeneralAndAdministrativeExpenses": 489000000,
        "otherExpenses": 0,
        "operatingExpenses": 489000000,
        "costAndExpenses": 1084000000,
        "interestIncome": 0,
        "interestExpense": 0,
        "depreciationAndAmortization": 204000000,
        "ebitda": 550000000,
        "ebitdaratio": 0.1084598698,
        "operatingIncome": 256000000,
        "operatingIncomeRatio": 0.0504831394,
        "totalOtherIncomeExpensesNet": -84000000,
        "incomeBeforeTax": 172000000,
        "incomeBeforeTaxRatio": 0.0339183593,
        "incomeTaxExpense": 5000000,
        "netIncome": 341000000,
        "netIncomeRatio": 0.0672451193,
        "eps": 1.86,
        "epsdiluted": 1.79,
        "weightedAverageShsOut": 183000000,
        "weightedAverageShsOutDil": 190000000,
        "link": "https://www.sec.gov/Archives/edgar/data/316206/000095012311015332/0000950123-11-015332-index.htm",
        "finalLink": "https://www.sec.gov/Archives/edgar/data/316206/000095012311015332/p18280e10vk.htm"
    },
    {
        "date": "2010-09-30",
        "symbol": "HOT",
        "reportedCurrency": "USD",
        "cik": "0000316206",
        "fillingDate": "2010-10-28",
        "acceptedDate": "2010-10-28 15:40:38",
        "calendarYear": "2010",
        "period": "Q3",
        "revenue": 523000000,
        "costOfRevenue": 0,
        "grossProfit": 523000000,
        "grossProfitRatio": 1,
        "researchAndDevelopmentExpenses": 0,
        "generalAndAdministrativeExpenses": 90000000,
        "sellingAndMarketingExpenses": 524000000,
        "sellingGeneralAndAdministrativeExpenses": 614000000,
        "otherExpenses": 0,
        "operatingExpenses": 614000000,
        "costAndExpenses": 1133000000,
        "interestIncome": 0,
        "interestExpense": 0,
        "depreciationAndAmortization": 71000000,
        "ebitda": 87000000,
        "ebitdaratio": 0.1663479924,
        "operatingIncome": 122000000,
        "operatingIncomeRatio": 0.2332695985,
        "totalOtherIncomeExpensesNet": -95000000,
        "incomeBeforeTax": 27000000,
        "incomeBeforeTaxRatio": 0.051625239,
        "incomeTaxExpense": 0,
        "netIncome": 27000000,
        "netIncomeRatio": 0.051625239,
        "eps": 0.15,
        "epsdiluted": 0.14,
        "weightedAverageShsOut": 183000000,
        "weightedAverageShsOutDil": 190000000,
        "link": "https://www.sec.gov/Archives/edgar/data/316206/000095012310097394/0000950123-10-097394-index.htm",
        "finalLink": "https://www.sec.gov/Archives/edgar/data/316206/000095012310097394/p18205e10vq.htm"
    },
    {
        "date": "2010-06-30",
        "symbol": "HOT",
        "reportedCurrency": "USD",
        "cik": "0000316206",
        "fillingDate": "2010-07-29",
        "acceptedDate": "2010-07-28 21:18:54",
        "calendarYear": "2010",
        "period": "Q2",
        "revenue": 538000000,
        "costOfRevenue": 0,
        "grossProfit": 538000000,
        "grossProfitRatio": 1,
        "researchAndDevelopmentExpenses": -2025120,
        "generalAndAdministrativeExpenses": 168000000,
        "sellingAndMarketingExpenses": 1018310123,
        "sellingGeneralAndAdministrativeExpenses": 1186310123,
        "otherExpenses": 0,
        "operatingExpenses": 1184285003,
        "costAndExpenses": 2246285003,
        "interestIncome": 0,
        "interestExpense": 0,
        "depreciationAndAmortization": -302,
        "ebitda": 94704334,
        "ebitdaratio": 0.1760303606,
        "operatingIncome": 229714997,
        "operatingIncomeRatio": 0.4269795483,
        "totalOtherIncomeExpensesNet": -114703300,
        "incomeBeforeTax": 115011697,
        "incomeBeforeTaxRatio": 0.2137763885,
        "incomeTaxExpense": -22000000,
        "netIncome": 116704636,
        "netIncomeRatio": 0.2169231152,
        "eps": 0.64,
        "epsdiluted": 0.61,
        "weightedAverageShsOut": 183000000,
        "weightedAverageShsOutDil": 190000000,
        "link": "https://www.sec.gov/Archives/edgar/data/316206/000095012310069261/0000950123-10-069261-index.htm",
        "finalLink": "https://www.sec.gov/Archives/edgar/data/316206/000095012310069261/p17920e10vq.htm"
    },
    {
        "date": "2010-03-31",
        "symbol": "HOT",
        "reportedCurrency": "USD",
        "cik": "0000316206",
        "fillingDate": "2010-05-07",
        "acceptedDate": "2010-05-06 19:10:13",
        "calendarYear": "2010",
        "period": "Q1",
        "revenue": 520000000,
        "costOfRevenue": 0,
        "grossProfit": 520000000,
        "grossProfitRatio": 1,
        "researchAndDevelopmentExpenses": 0,
        "generalAndAdministrativeExpenses": 76000000,
        "sellingAndMarketingExpenses": 0,
        "sellingGeneralAndAdministrativeExpenses": 76000000,
        "otherExpenses": 0,
        "operatingExpenses": 76000000,
        "costAndExpenses": 76000000,
        "interestIncome": 0,
        "interestExpense": 62000000,
        "depreciationAndAmortization": 76000000,
        "ebitda": 167000000,
        "ebitdaratio": 0.3211538462,
        "operatingIncome": 85000000,
        "operatingIncomeRatio": 0.1634615385,
        "totalOtherIncomeExpensesNet": -58000000,
        "incomeBeforeTax": 27000000,
        "incomeBeforeTaxRatio": 0.0519230769,
        "incomeTaxExpense": 1000000,
        "netIncome": 28000000,
        "netIncomeRatio": 0.0538461538,
        "eps": 0.15,
        "epsdiluted": 0.15,
        "weightedAverageShsOut": 181000000,
        "weightedAverageShsOutDil": 181000000,
        "link": "https://www.sec.gov/Archives/edgar/data/316206/000095012310045779/0000950123-10-045779-index.htm",
        "finalLink": "https://www.sec.gov/Archives/edgar/data/316206/000095012310045779/p17475e10vq.htm"
    },
    {
        "date": "2009-12-31",
        "symbol": "HOT",
        "reportedCurrency": "USD",
        "cik": "0000316206",
        "fillingDate": "2010-02-25",
        "acceptedDate": "2010-02-25 17:21:35",
        "calendarYear": "2009",
        "period": "Q4",
        "revenue": 488000000,
        "costOfRevenue": 0,
        "grossProfit": 488000000,
        "grossProfitRatio": 1,
        "researchAndDevelopmentExpenses": 0,
        "generalAndAdministrativeExpenses": 23000000,
        "sellingAndMarketingExpenses": 0,
        "sellingGeneralAndAdministrativeExpenses": 23000000,
        "otherExpenses": 0,
        "operatingExpenses": 23000000,
        "costAndExpenses": 23000000,
        "interestIncome": 0,
        "interestExpense": 71000000,
        "depreciationAndAmortization": -230000000,
        "ebitda": -133000000,
        "ebitdaratio": -0.2725409836,
        "operatingIncome": -218000000,
        "operatingIncomeRatio": -0.4467213115,
        "totalOtherIncomeExpensesNet": -95000000,
        "incomeBeforeTax": -313000000,
        "incomeBeforeTaxRatio": -0.6413934426,
        "incomeTaxExpense": 133000000,
        "netIncome": -107000000,
        "netIncomeRatio": -0.2192622951,
        "eps": -0.58,
        "epsdiluted": -0.56,
        "weightedAverageShsOut": 183000000,
        "weightedAverageShsOutDil": 190000000,
        "link": "https://www.sec.gov/Archives/edgar/data/316206/000095012310017170/0000950123-10-017170-index.htm",
        "finalLink": "https://www.sec.gov/Archives/edgar/data/316206/000095012310017170/p16859e10vk.htm"
    },
    {
        "date": "2009-09-30",
        "symbol": "HOT",
        "reportedCurrency": "USD",
        "cik": "0000316206",
        "fillingDate": "2009-10-30",
        "acceptedDate": "2009-10-29 21:58:01",
        "calendarYear": "2009",
        "period": "Q3",
        "revenue": 515000000,
        "costOfRevenue": 0,
        "grossProfit": 515000000,
        "grossProfitRatio": 1,
        "researchAndDevelopmentExpenses": 0,
        "generalAndAdministrativeExpenses": 102000000,
        "sellingAndMarketingExpenses": 0,
        "sellingGeneralAndAdministrativeExpenses": 102000000,
        "otherExpenses": 0,
        "operatingExpenses": 102000000,
        "costAndExpenses": 102000000,
        "interestIncome": 0,
        "interestExpense": 60000000,
        "depreciationAndAmortization": 82000000,
        "ebitda": 228000000,
        "ebitdaratio": 0.4427184466,
        "operatingIncome": 85000000,
        "operatingIncomeRatio": 0.1650485437,
        "totalOtherIncomeExpensesNet": -90000000,
        "incomeBeforeTax": -5000000,
        "incomeBeforeTaxRatio": -0.0097087379,
        "incomeTaxExpense": 46000000,
        "netIncome": 40000000,
        "netIncomeRatio": 0.0776699029,
        "eps": 0.22,
        "epsdiluted": 0.21,
        "weightedAverageShsOut": 183000000,
        "weightedAverageShsOutDil": 190000000,
        "link": "https://www.sec.gov/Archives/edgar/data/316206/000095012309055081/0000950123-09-055081-index.htm",
        "finalLink": "https://www.sec.gov/Archives/edgar/data/316206/000095012309055081/p15700e10vq.htm"
    },
    {
        "date": "2009-06-30",
        "symbol": "HOT",
        "reportedCurrency": "USD",
        "cik": "0000316206",
        "fillingDate": "2009-08-06",
        "acceptedDate": "2009-08-06 16:23:12",
        "calendarYear": "2009",
        "period": "Q2",
        "revenue": 512000000,
        "costOfRevenue": 0,
        "grossProfit": 512000000,
        "grossProfitRatio": 1,
        "researchAndDevelopmentExpenses": 0,
        "generalAndAdministrativeExpenses": 96000000,
        "sellingAndMarketingExpenses": 0,
        "sellingGeneralAndAdministrativeExpenses": 96000000,
        "otherExpenses": 0,
        "operatingExpenses": 96000000,
        "costAndExpenses": 96000000,
        "interestIncome": 0,
        "interestExpense": 53000000,
        "depreciationAndAmortization": 79000000,
        "ebitda": 381000000,
        "ebitdaratio": 0.744140625,
        "operatingIncome": 100000000,
        "operatingIncomeRatio": 0.1953125,
        "totalOtherIncomeExpensesNet": -84000000,
        "incomeBeforeTax": 16000000,
        "incomeBeforeTaxRatio": 0.03125,
        "incomeTaxExpense": 115000000,
        "netIncome": 134000000,
        "netIncomeRatio": 0.26171875,
        "eps": 0.73,
        "epsdiluted": 0.71,
        "weightedAverageShsOut": 183000000,
        "weightedAverageShsOutDil": 190000000,
        "link": "https://www.sec.gov/Archives/edgar/data/316206/000095012309031199/0000950123-09-031199-index.htm",
        "finalLink": "https://www.sec.gov/Archives/edgar/data/316206/000095012309031199/p15483e10vq.htm"
    },
    {
        "date": "2009-03-31",
        "symbol": "HOT",
        "reportedCurrency": "USD",
        "cik": "0000316206",
        "fillingDate": "2009-05-04",
        "acceptedDate": "2009-05-01 21:01:54",
        "calendarYear": "2009",
        "period": "Q1",
        "revenue": 432000000,
        "costOfRevenue": 0,
        "grossProfit": 432000000,
        "grossProfitRatio": 1,
        "researchAndDevelopmentExpenses": 0,
        "generalAndAdministrativeExpenses": 93000000,
        "sellingAndMarketingExpenses": 0,
        "sellingGeneralAndAdministrativeExpenses": 93000000,
        "otherExpenses": 0,
        "operatingExpenses": 93000000,
        "costAndExpenses": 93000000,
        "interestIncome": 0,
        "interestExpense": 43000000,
        "depreciationAndAmortization": 77000000,
        "ebitda": 123000000,
        "ebitdaratio": 0.2847222222,
        "operatingIncome": 59000000,
        "operatingIncomeRatio": 0.1365740741,
        "totalOtherIncomeExpensesNet": -53000000,
        "incomeBeforeTax": 6000000,
        "incomeBeforeTaxRatio": 0.0138888889,
        "incomeTaxExpense": -1000000,
        "netIncome": 4000000,
        "netIncomeRatio": 0.0092592593,
        "eps": 0.0223,
        "epsdiluted": 0.0223,
        "weightedAverageShsOut": 179000000,
        "weightedAverageShsOutDil": 179000000,
        "link": "https://www.sec.gov/Archives/edgar/data/316206/000095013409009196/0000950134-09-009196-index.htm",
        "finalLink": "https://www.sec.gov/Archives/edgar/data/316206/000095013409009196/p14842e10vq.htm"
    },
    {
        "date": "2008-12-31",
        "symbol": "HOT",
        "reportedCurrency": "USD",
        "cik": "0000316206",
        "fillingDate": "2009-02-27",
        "acceptedDate": "2009-02-27 17:29:08",
        "calendarYear": "2008",
        "period": "Q4",
        "revenue": 478000000,
        "costOfRevenue": 0,
        "grossProfit": 478000000,
        "grossProfitRatio": 1,
        "researchAndDevelopmentExpenses": 0,
        "generalAndAdministrativeExpenses": 96000000,
        "sellingAndMarketingExpenses": 0,
        "sellingGeneralAndAdministrativeExpenses": 96000000,
        "otherExpenses": 0,
        "operatingExpenses": 96000000,
        "costAndExpenses": 96000000,
        "interestIncome": 0,
        "interestExpense": 57000000,
        "depreciationAndAmortization": 107000000,
        "ebitda": 273000000,
        "ebitdaratio": 0.5711297071,
        "operatingIncome": 65000000,
        "operatingIncomeRatio": 0.1359832636,
        "totalOtherIncomeExpensesNet": -141000000,
        "incomeBeforeTax": -76000000,
        "incomeBeforeTaxRatio": -0.1589958159,
        "incomeTaxExpense": 30000000,
        "netIncome": 79000000,
        "netIncomeRatio": 0.1652719665,
        "eps": 0.44,
        "epsdiluted": 0.44,
        "weightedAverageShsOut": 181000000,
        "weightedAverageShsOutDil": 181000000,
        "link": "https://www.sec.gov/Archives/edgar/data/316206/000095015309000168/0000950153-09-000168-index.htm",
        "finalLink": "https://www.sec.gov/Archives/edgar/data/316206/000095015309000168/p14078e10vk.htm"
    },
    {
        "date": "2008-09-30",
        "symbol": "HOT",
        "reportedCurrency": "USD",
        "cik": "0000316206",
        "fillingDate": "2008-11-05",
        "acceptedDate": "2008-11-05 17:27:37",
        "calendarYear": "2008",
        "period": "Q3",
        "revenue": 516000000,
        "costOfRevenue": 0,
        "grossProfit": 516000000,
        "grossProfitRatio": 1,
        "researchAndDevelopmentExpenses": 0,
        "generalAndAdministrativeExpenses": 113000000,
        "sellingAndMarketingExpenses": 0,
        "sellingGeneralAndAdministrativeExpenses": 113000000,
        "otherExpenses": 0,
        "operatingExpenses": 113000000,
        "costAndExpenses": 113000000,
        "interestIncome": 0,
        "interestExpense": 48000000,
        "depreciationAndAmortization": 57000000,
        "ebitda": 180000000,
        "ebitdaratio": 0.3488372093,
        "operatingIncome": 209000000,
        "operatingIncomeRatio": 0.4050387597,
        "totalOtherIncomeExpensesNet": -57000000,
        "incomeBeforeTax": 152000000,
        "incomeBeforeTaxRatio": 0.2945736434,
        "incomeTaxExpense": -38000000,
        "netIncome": 113000000,
        "netIncomeRatio": 0.2189922481,
        "eps": 0.62,
        "epsdiluted": 0.62,
        "weightedAverageShsOut": 182000000,
        "weightedAverageShsOutDil": 182000000,
        "link": "https://www.sec.gov/Archives/edgar/data/316206/000095015308001851/0000950153-08-001851-index.htm",
        "finalLink": "https://www.sec.gov/Archives/edgar/data/316206/000095015308001851/p13481e10vq.htm"
    },
    {
        "date": "2008-06-30",
        "symbol": "HOT",
        "reportedCurrency": "USD",
        "cik": "0000316206",
        "fillingDate": "2008-08-01",
        "acceptedDate": "2008-08-01 17:20:28",
        "calendarYear": "2008",
        "period": "Q2",
        "revenue": 545000000,
        "costOfRevenue": 0,
        "grossProfit": 545000000,
        "grossProfitRatio": 1,
        "researchAndDevelopmentExpenses": 0,
        "generalAndAdministrativeExpenses": 134000000,
        "sellingAndMarketingExpenses": 0,
        "sellingGeneralAndAdministrativeExpenses": 134000000,
        "otherExpenses": 0,
        "operatingExpenses": 134000000,
        "costAndExpenses": 134000000,
        "interestIncome": 0,
        "interestExpense": 55000000,
        "depreciationAndAmortization": 81000000,
        "ebitda": 199000000,
        "ebitdaratio": 0.3651376147,
        "operatingIncome": 199000000,
        "operatingIncomeRatio": 0.3651376147,
        "totalOtherIncomeExpensesNet": -49000000,
        "incomeBeforeTax": 150000000,
        "incomeBeforeTaxRatio": 0.2752293578,
        "incomeTaxExpense": -42000000,
        "netIncome": 105000000,
        "netIncomeRatio": 0.1926605505,
        "eps": 0.57,
        "epsdiluted": 0.57,
        "weightedAverageShsOut": 184000000,
        "weightedAverageShsOutDil": 184000000,
        "link": "https://www.sec.gov/Archives/edgar/data/316206/000095015308001332/0000950153-08-001332-index.htm",
        "finalLink": "https://www.sec.gov/Archives/edgar/data/316206/000095015308001332/p76019e10vq.htm"
    },
    {
        "date": "2008-03-31",
        "symbol": "HOT",
        "reportedCurrency": "USD",
        "cik": "0000316206",
        "fillingDate": "2008-05-02",
        "acceptedDate": "2008-05-01 21:20:20",
        "calendarYear": "2008",
        "period": "Q1",
        "revenue": 503000000,
        "costOfRevenue": 0,
        "grossProfit": 503000000,
        "grossProfitRatio": 1,
        "researchAndDevelopmentExpenses": 0,
        "generalAndAdministrativeExpenses": 134000000,
        "sellingAndMarketingExpenses": 0,
        "sellingGeneralAndAdministrativeExpenses": 134000000,
        "otherExpenses": 0,
        "operatingExpenses": 134000000,
        "costAndExpenses": 134000000,
        "interestIncome": 0,
        "interestExpense": 47000000,
        "depreciationAndAmortization": 78000000,
        "ebitda": 131000000,
        "ebitdaratio": 0.2604373757,
        "operatingIncome": 146000000,
        "operatingIncomeRatio": 0.2902584493,
        "totalOtherIncomeExpensesNet": -42000000,
        "incomeBeforeTax": 104000000,
        "incomeBeforeTaxRatio": 0.2067594433,
        "incomeTaxExpense": -26000000,
        "netIncome": 32000000,
        "netIncomeRatio": 0.0636182903,
        "eps": 0.17,
        "epsdiluted": 0.17,
        "weightedAverageShsOut": 184000000,
        "weightedAverageShsOutDil": 184000000,
        "link": "https://www.sec.gov/Archives/edgar/data/316206/000095015308000821/0000950153-08-000821-index.htm",
        "finalLink": "https://www.sec.gov/Archives/edgar/data/316206/000095015308000821/p75470e10vq.htm"
    },
    {
        "date": "2007-12-31",
        "symbol": "HOT",
        "reportedCurrency": "USD",
        "cik": "0000316206",
        "fillingDate": "2008-02-25",
        "acceptedDate": "2008-02-22 21:20:28",
        "calendarYear": "2007",
        "period": "Q4",
        "revenue": 477000000,
        "costOfRevenue": 0,
        "grossProfit": 477000000,
        "grossProfitRatio": 1,
        "researchAndDevelopmentExpenses": 0,
        "generalAndAdministrativeExpenses": 151000000,
        "sellingAndMarketingExpenses": 0,
        "sellingGeneralAndAdministrativeExpenses": 151000000,
        "otherExpenses": 0,
        "operatingExpenses": 151000000,
        "costAndExpenses": 151000000,
        "interestIncome": 0,
        "interestExpense": 39000000,
        "depreciationAndAmortization": 74000000,
        "ebitda": 215000000,
        "ebitdaratio": 0.4507337526,
        "operatingIncome": 242000000,
        "operatingIncomeRatio": 0.5073375262,
        "totalOtherIncomeExpensesNet": -51000000,
        "incomeBeforeTax": 191000000,
        "incomeBeforeTaxRatio": 0.4004192872,
        "incomeTaxExpense": -44000000,
        "netIncome": 146000000,
        "netIncomeRatio": 0.3060796646,
        "eps": 0.72,
        "epsdiluted": 0.72,
        "weightedAverageShsOut": 203000000,
        "weightedAverageShsOutDil": 203000000,
        "link": "https://www.sec.gov/Archives/edgar/data/316206/000095015308000388/0000950153-08-000388-index.htm",
        "finalLink": "https://www.sec.gov/Archives/edgar/data/316206/000095015308000388/p75014e10vk.htm"
    },
    {
        "date": "2007-09-30",
        "symbol": "HOT",
        "reportedCurrency": "USD",
        "cik": "0000316206",
        "fillingDate": "2007-11-09",
        "acceptedDate": "2007-11-08 22:00:22",
        "calendarYear": "2007",
        "period": "Q3",
        "revenue": 467000000,
        "costOfRevenue": 0,
        "grossProfit": 467000000,
        "grossProfitRatio": 1,
        "researchAndDevelopmentExpenses": 0,
        "generalAndAdministrativeExpenses": 116000000,
        "sellingAndMarketingExpenses": 0,
        "sellingGeneralAndAdministrativeExpenses": 116000000,
        "otherExpenses": 0,
        "operatingExpenses": 116000000,
        "costAndExpenses": 116000000,
        "interestIncome": 0,
        "interestExpense": 40000000,
        "depreciationAndAmortization": 72000000,
        "ebitda": 180000000,
        "ebitdaratio": 0.3854389722,
        "operatingIncome": 246000000,
        "operatingIncomeRatio": 0.5267665953,
        "totalOtherIncomeExpensesNet": -55000000,
        "incomeBeforeTax": 191000000,
        "incomeBeforeTaxRatio": 0.408993576,
        "incomeTaxExpense": -61000000,
        "netIncome": 129000000,
        "netIncomeRatio": 0.2762312634,
        "eps": 0.62,
        "epsdiluted": 0.62,
        "weightedAverageShsOut": 207000000,
        "weightedAverageShsOutDil": 207000000,
        "link": "https://www.sec.gov/Archives/edgar/data/316206/000095015307002357/0000950153-07-002357-index.htm",
        "finalLink": "https://www.sec.gov/Archives/edgar/data/316206/000095015307002357/p74542e10vq.htm"
    },
    {
        "date": "2007-06-30",
        "symbol": "HOT",
        "reportedCurrency": "USD",
        "cik": "0000316206",
        "fillingDate": "2007-08-03",
        "acceptedDate": "2007-08-03 13:41:35",
        "calendarYear": "2007",
        "period": "Q2",
        "revenue": 468000000,
        "costOfRevenue": 0,
        "grossProfit": 468000000,
        "grossProfitRatio": 1,
        "researchAndDevelopmentExpenses": 0,
        "generalAndAdministrativeExpenses": 130000000,
        "sellingAndMarketingExpenses": 0,
        "sellingGeneralAndAdministrativeExpenses": 130000000,
        "otherExpenses": 0,
        "operatingExpenses": 130000000,
        "costAndExpenses": 130000000,
        "interestIncome": 0,
        "interestExpense": 36000000,
        "depreciationAndAmortization": 67000000,
        "ebitda": 215000000,
        "ebitdaratio": 0.4594017094,
        "operatingIncome": 189000000,
        "operatingIncomeRatio": 0.4038461538,
        "totalOtherIncomeExpensesNet": -10000000,
        "incomeBeforeTax": 179000000,
        "incomeBeforeTaxRatio": 0.3824786325,
        "incomeTaxExpense": -33000000,
        "netIncome": 145000000,
        "netIncomeRatio": 0.3098290598,
        "eps": 0.69,
        "epsdiluted": 0.69,
        "weightedAverageShsOut": 209000000,
        "weightedAverageShsOutDil": 209000000,
        "link": "https://www.sec.gov/Archives/edgar/data/316206/000095015307001671/0000950153-07-001671-index.htm",
        "finalLink": "https://www.sec.gov/Archives/edgar/data/316206/000095015307001671/p74176e10vq.htm"
    },
    {
        "date": "2007-03-31",
        "symbol": "HOT",
        "reportedCurrency": "USD",
        "cik": "0000316206",
        "fillingDate": "2007-05-07",
        "acceptedDate": "2007-05-07 06:01:09",
        "calendarYear": "2007",
        "period": "Q1",
        "revenue": 448000000,
        "costOfRevenue": 0,
        "grossProfit": 448000000,
        "grossProfitRatio": 1,
        "researchAndDevelopmentExpenses": 0,
        "generalAndAdministrativeExpenses": 116000000,
        "sellingAndMarketingExpenses": 0,
        "sellingGeneralAndAdministrativeExpenses": 116000000,
        "otherExpenses": 0,
        "operatingExpenses": 116000000,
        "costAndExpenses": 116000000,
        "interestIncome": 0,
        "interestExpense": 32000000,
        "depreciationAndAmortization": 67000000,
        "ebitda": 170000000,
        "ebitdaratio": 0.3794642857,
        "operatingIncome": 181000000,
        "operatingIncomeRatio": 0.4040178571,
        "totalOtherIncomeExpensesNet": -9000000,
        "incomeBeforeTax": 172000000,
        "incomeBeforeTaxRatio": 0.3839285714,
        "incomeTaxExpense": -51000000,
        "netIncome": 122000000,
        "netIncomeRatio": 0.2723214286,
        "eps": 0.58,
        "epsdiluted": 0.58,
        "weightedAverageShsOut": 211000000,
        "weightedAverageShsOutDil": 211000000,
        "link": "https://www.sec.gov/Archives/edgar/data/316206/000095013407010319/0000950134-07-010319-index.htm",
        "finalLink": "https://www.sec.gov/Archives/edgar/data/316206/000095013407010319/p73805e10vq.htm"
    },
    {
        "date": "2006-12-31",
        "symbol": "HOT",
        "reportedCurrency": "USD",
        "cik": "0000316206",
        "fillingDate": "2007-02-27",
        "acceptedDate": "2007-02-26 18:13:22",
        "calendarYear": "2006",
        "period": "Q4",
        "revenue": 439000000,
        "costOfRevenue": 0,
        "grossProfit": 439000000,
        "grossProfitRatio": 1,
        "researchAndDevelopmentExpenses": 0,
        "generalAndAdministrativeExpenses": 128000000,
        "sellingAndMarketingExpenses": 0,
        "sellingGeneralAndAdministrativeExpenses": 128000000,
        "otherExpenses": 0,
        "operatingExpenses": 128000000,
        "costAndExpenses": 128000000,
        "interestIncome": 0,
        "interestExpense": 40000000,
        "depreciationAndAmortization": 49000000,
        "ebitda": 256000000,
        "ebitdaratio": 0.583143508,
        "operatingIncome": 269000000,
        "operatingIncomeRatio": 0.6127562642,
        "totalOtherIncomeExpensesNet": -29000000,
        "incomeBeforeTax": 240000000,
        "incomeBeforeTaxRatio": 0.5466970387,
        "incomeTaxExpense": -36000000,
        "netIncome": 203000000,
        "netIncomeRatio": 0.4624145786,
        "eps": 0.95,
        "epsdiluted": 0.95,
        "weightedAverageShsOut": 213000000,
        "weightedAverageShsOutDil": 213000000,
        "link": "https://www.sec.gov/Archives/edgar/data/316206/000095015307000405/0000950153-07-000405-index.htm",
        "finalLink": "https://www.sec.gov/Archives/edgar/data/316206/000095015307000405/p73456e10vk.htm"
    },
    {
        "date": "2006-09-30",
        "symbol": "HOT",
        "reportedCurrency": "USD",
        "cik": "0000316206",
        "fillingDate": "2006-11-06",
        "acceptedDate": "2006-11-06 17:16:52",
        "calendarYear": "2006",
        "period": "Q3",
        "revenue": 430000000,
        "costOfRevenue": 0,
        "grossProfit": 430000000,
        "grossProfitRatio": 1,
        "researchAndDevelopmentExpenses": 0,
        "generalAndAdministrativeExpenses": 115000000,
        "sellingAndMarketingExpenses": 0,
        "sellingGeneralAndAdministrativeExpenses": 115000000,
        "otherExpenses": 0,
        "operatingExpenses": 115000000,
        "costAndExpenses": 115000000,
        "interestIncome": 0,
        "interestExpense": 28000000,
        "depreciationAndAmortization": 81000000,
        "ebitda": 247000000,
        "ebitdaratio": 0.5744186047,
        "operatingIncome": 210000000,
        "operatingIncomeRatio": 0.488372093,
        "totalOtherIncomeExpensesNet": -38000000,
        "incomeBeforeTax": 172000000,
        "incomeBeforeTaxRatio": 0.4,
        "incomeTaxExpense": -17000000,
        "netIncome": 155000000,
        "netIncomeRatio": 0.3604651163,
        "eps": 0.72,
        "epsdiluted": 0.72,
        "weightedAverageShsOut": 214000000,
        "weightedAverageShsOutDil": 214000000,
        "link": "https://www.sec.gov/Archives/edgar/data/316206/000095015306002720/0000950153-06-002720-index.htm",
        "finalLink": "https://www.sec.gov/Archives/edgar/data/316206/000095015306002720/p73074e10vq.htm"
    },
    {
        "date": "2006-06-30",
        "symbol": "HOT",
        "reportedCurrency": "USD",
        "cik": "0000316206",
        "fillingDate": "2006-08-04",
        "acceptedDate": "2006-08-04 15:17:28",
        "calendarYear": "2006",
        "period": "Q2",
        "revenue": 423000000,
        "costOfRevenue": 0,
        "grossProfit": 423000000,
        "grossProfitRatio": 1,
        "researchAndDevelopmentExpenses": 0,
        "generalAndAdministrativeExpenses": 121000000,
        "sellingAndMarketingExpenses": 0,
        "sellingGeneralAndAdministrativeExpenses": 121000000,
        "otherExpenses": 0,
        "operatingExpenses": 121000000,
        "costAndExpenses": 121000000,
        "interestIncome": 0,
        "interestExpense": 50000000,
        "depreciationAndAmortization": 82000000,
        "ebitda": 1313000000,
        "ebitdaratio": 3.1040189125,
        "operatingIncome": 205000000,
        "operatingIncomeRatio": 0.4846335697,
        "totalOtherIncomeExpensesNet": -24000000,
        "incomeBeforeTax": 181000000,
        "incomeBeforeTaxRatio": 0.4278959811,
        "incomeTaxExpense": 501000000,
        "netIncome": 680000000,
        "netIncomeRatio": 1.6075650118,
        "eps": 3.16,
        "epsdiluted": 3.16,
        "weightedAverageShsOut": 215000000,
        "weightedAverageShsOutDil": 215000000,
        "link": "https://www.sec.gov/Archives/edgar/data/316206/000095015306002041/0000950153-06-002041-index.htm",
        "finalLink": "https://www.sec.gov/Archives/edgar/data/316206/000095015306002041/p72687e10vq.htm"
    },
    {
        "date": "2006-03-31",
        "symbol": "HOT",
        "reportedCurrency": "USD",
        "cik": "0000316206",
        "fillingDate": "2006-05-08",
        "acceptedDate": "2006-05-08 16:48:09",
        "calendarYear": "2006",
        "period": "Q1",
        "revenue": 293000000,
        "costOfRevenue": 0,
        "grossProfit": 293000000,
        "grossProfitRatio": 1,
        "researchAndDevelopmentExpenses": 0,
        "generalAndAdministrativeExpenses": 106000000,
        "sellingAndMarketingExpenses": 0,
        "sellingGeneralAndAdministrativeExpenses": 106000000,
        "otherExpenses": 0,
        "operatingExpenses": 106000000,
        "costAndExpenses": 106000000,
        "interestIncome": 0,
        "interestExpense": 97000000,
        "depreciationAndAmortization": 68000000,
        "ebitda": 156000000,
        "ebitdaratio": 0.5324232082,
        "operatingIncome": 155000000,
        "operatingIncomeRatio": 0.5290102389,
        "totalOtherIncomeExpensesNet": -66000000,
        "incomeBeforeTax": 89000000,
        "incomeBeforeTaxRatio": 0.3037542662,
        "incomeTaxExpense": -14000000,
        "netIncome": 5000000,
        "netIncomeRatio": 0.0170648464,
        "eps": 0.0233,
        "epsdiluted": 0.0233,
        "weightedAverageShsOut": 215000000,
        "weightedAverageShsOutDil": 215000000,
        "link": "https://www.sec.gov/Archives/edgar/data/316206/000095015306001237/0000950153-06-001237-index.htm",
        "finalLink": "https://www.sec.gov/Archives/edgar/data/316206/000095015306001237/p72285e10vq.htm"
    },
    {
        "date": "2005-12-31",
        "symbol": "HOT",
        "reportedCurrency": "USD",
        "cik": "0000316206",
        "fillingDate": "2006-03-14",
        "acceptedDate": "2006-03-14 16:37:19",
        "calendarYear": "2005",
        "period": "Q4",
        "revenue": 159000000,
        "costOfRevenue": 0,
        "grossProfit": 159000000,
        "grossProfitRatio": 1,
        "researchAndDevelopmentExpenses": 0,
        "generalAndAdministrativeExpenses": -50000000,
        "sellingAndMarketingExpenses": 0,
        "sellingGeneralAndAdministrativeExpenses": -50000000,
        "otherExpenses": 0,
        "operatingExpenses": -50000000,
        "costAndExpenses": 876000000,
        "interestIncome": 0,
        "interestExpense": 57000000,
        "depreciationAndAmortization": 82000000,
        "ebitda": 567000000,
        "ebitdaratio": 3.5660377358,
        "operatingIncome": -717000000,
        "operatingIncomeRatio": -4.5094339623,
        "totalOtherIncomeExpensesNet": 556000000,
        "incomeBeforeTax": -161000000,
        "incomeBeforeTaxRatio": -1.0125786164,
        "incomeTaxExpense": 269000000,
        "netIncome": 159000000,
        "netIncomeRatio": 1,
        "eps": 0.74,
        "epsdiluted": 0.74,
        "weightedAverageShsOut": 216000000,
        "weightedAverageShsOutDil": 216000000,
        "link": "https://www.sec.gov/Archives/edgar/data/316206/000095015306000650/0000950153-06-000650-index.htm",
        "finalLink": "https://www.sec.gov/Archives/edgar/data/316206/000095015306000650/p71921e10vk.htm"
    },
    {
        "date": "2005-09-30",
        "symbol": "HOT",
        "reportedCurrency": "USD",
        "cik": "0000316206",
        "fillingDate": "2005-11-04",
        "acceptedDate": "2005-11-04 17:09:28",
        "calendarYear": "2005",
        "period": "Q3",
        "revenue": 266000000,
        "costOfRevenue": 0,
        "grossProfit": 266000000,
        "grossProfitRatio": 1,
        "researchAndDevelopmentExpenses": 0,
        "generalAndAdministrativeExpenses": 98000000,
        "sellingAndMarketingExpenses": 0,
        "sellingGeneralAndAdministrativeExpenses": 98000000,
        "otherExpenses": 0,
        "operatingExpenses": 98000000,
        "costAndExpenses": 98000000,
        "interestIncome": 0,
        "interestExpense": 59000000,
        "depreciationAndAmortization": 99000000,
        "ebitda": 137000000,
        "ebitdaratio": 0.515037594,
        "operatingIncome": 214000000,
        "operatingIncomeRatio": 0.8045112782,
        "totalOtherIncomeExpensesNet": -66000000,
        "incomeBeforeTax": 148000000,
        "incomeBeforeTaxRatio": 0.5563909774,
        "incomeTaxExpense": -60000000,
        "netIncome": 39000000,
        "netIncomeRatio": 0.1466165414,
        "eps": 0.18,
        "epsdiluted": 0.18,
        "weightedAverageShsOut": 216000000,
        "weightedAverageShsOutDil": 216000000,
        "link": "https://www.sec.gov/Archives/edgar/data/316206/000095015305002770/0000950153-05-002770-index.htm",
        "finalLink": "https://www.sec.gov/Archives/edgar/data/316206/000095015305002770/p71405e10vq.htm"
    },
    {
        "date": "2005-06-30",
        "symbol": "HOT",
        "reportedCurrency": "USD",
        "cik": "0000316206",
        "fillingDate": "2005-07-29",
        "acceptedDate": "2005-07-29 16:17:24",
        "calendarYear": "2005",
        "period": "Q2",
        "revenue": 295000000,
        "costOfRevenue": 0,
        "grossProfit": 295000000,
        "grossProfitRatio": 1,
        "researchAndDevelopmentExpenses": 0,
        "generalAndAdministrativeExpenses": 130000000,
        "sellingAndMarketingExpenses": 0,
        "sellingGeneralAndAdministrativeExpenses": 130000000,
        "otherExpenses": 0,
        "operatingExpenses": 130000000,
        "costAndExpenses": 130000000,
        "interestIncome": 0,
        "interestExpense": 75000000,
        "depreciationAndAmortization": 206000000,
        "ebitda": 324000000,
        "ebitdaratio": 1.0983050847,
        "operatingIncome": 448000000,
        "operatingIncomeRatio": 1.5186440678,
        "totalOtherIncomeExpensesNet": -270000000,
        "incomeBeforeTax": 178000000,
        "incomeBeforeTaxRatio": 0.6033898305,
        "incomeTaxExpense": -102000000,
        "netIncome": 145000000,
        "netIncomeRatio": 0.4915254237,
        "eps": 0.68,
        "epsdiluted": 0.68,
        "weightedAverageShsOut": 214000000,
        "weightedAverageShsOutDil": 214000000,
        "link": "https://www.sec.gov/Archives/edgar/data/316206/000095015305001797/0000950153-05-001797-index.htm",
        "finalLink": "https://www.sec.gov/Archives/edgar/data/316206/000095015305001797/p70973e10vq.htm"
    },
    {
        "date": "2005-03-31",
        "symbol": "HOT",
        "reportedCurrency": "USD",
        "cik": "0000316206",
        "fillingDate": "2005-05-05",
        "acceptedDate": "2005-05-05 16:22:24",
        "calendarYear": "2005",
        "period": "Q1",
        "revenue": 231000000,
        "costOfRevenue": 0,
        "grossProfit": 231000000,
        "grossProfitRatio": 1,
        "researchAndDevelopmentExpenses": 0,
        "generalAndAdministrativeExpenses": 46000000,
        "sellingAndMarketingExpenses": 0,
        "sellingGeneralAndAdministrativeExpenses": 46000000,
        "otherExpenses": 0,
        "operatingExpenses": 46000000,
        "costAndExpenses": 46000000,
        "interestIncome": 0,
        "interestExpense": 47000000,
        "depreciationAndAmortization": 210000000,
        "ebitda": 160000000,
        "ebitdaratio": 0.6926406926,
        "operatingIncome": -50000000,
        "operatingIncomeRatio": -0.2164502165,
        "totalOtherIncomeExpensesNet": 163000000,
        "incomeBeforeTax": 113000000,
        "incomeBeforeTaxRatio": 0.4891774892,
        "incomeTaxExpense": 34000000,
        "netIncome": 79000000,
        "netIncomeRatio": 0.341991342,
        "eps": 0.37,
        "epsdiluted": 0.37,
        "weightedAverageShsOut": 214000000,
        "weightedAverageShsOutDil": 214000000,
        "link": "https://www.sec.gov/Archives/edgar/data/316206/000095015305001021/0000950153-05-001021-index.htm",
        "finalLink": "https://www.sec.gov/Archives/edgar/data/316206/000095015305001021/p70582e10vq.htm"
    },
    {
        "date": "2004-12-31",
        "symbol": "HOT",
        "reportedCurrency": "USD",
        "cik": "0000316206",
        "fillingDate": "2005-03-04",
        "acceptedDate": "2005-03-04 17:17:12",
        "calendarYear": "2004",
        "period": "Q4",
        "revenue": 152000000,
        "costOfRevenue": 0,
        "grossProfit": 152000000,
        "grossProfitRatio": 1,
        "researchAndDevelopmentExpenses": 0,
        "generalAndAdministrativeExpenses": 19000000,
        "sellingAndMarketingExpenses": 0,
        "sellingGeneralAndAdministrativeExpenses": 19000000,
        "otherExpenses": 0,
        "operatingExpenses": 19000000,
        "costAndExpenses": 19000000,
        "interestIncome": 0,
        "interestExpense": 4000000,
        "depreciationAndAmortization": 107000000,
        "ebitda": 426000000,
        "ebitdaratio": 2.8026315789,
        "operatingIncome": -675000000,
        "operatingIncomeRatio": -4.4407894737,
        "totalOtherIncomeExpensesNet": 570000000,
        "incomeBeforeTax": -105000000,
        "incomeBeforeTaxRatio": -0.6907894737,
        "incomeTaxExpense": 215000000,
        "netIncome": 100000000,
        "netIncomeRatio": 0.6578947368,
        "eps": 0.48,
        "epsdiluted": 0.48,
        "weightedAverageShsOut": 207000000,
        "weightedAverageShsOutDil": 207000000,
        "link": "https://www.sec.gov/Archives/edgar/data/316206/000095015305000427/0000950153-05-000427-index.htm",
        "finalLink": "https://www.sec.gov/Archives/edgar/data/316206/000095015305000427/p70255e10vk.htm"
    },
    {
        "date": "2004-09-30",
        "symbol": "HOT",
        "reportedCurrency": "USD",
        "cik": "0000316206",
        "fillingDate": "2004-11-08",
        "acceptedDate": "2004-11-08 17:05:08",
        "calendarYear": "2004",
        "period": "Q3",
        "revenue": 245000000,
        "costOfRevenue": 0,
        "grossProfit": 245000000,
        "grossProfitRatio": 1,
        "researchAndDevelopmentExpenses": 0,
        "generalAndAdministrativeExpenses": 74000000,
        "sellingAndMarketingExpenses": 0,
        "sellingGeneralAndAdministrativeExpenses": 74000000,
        "otherExpenses": 0,
        "operatingExpenses": 74000000,
        "costAndExpenses": 74000000,
        "interestIncome": 0,
        "interestExpense": 64000000,
        "depreciationAndAmortization": 103000000,
        "ebitda": 240000000,
        "ebitdaratio": 0.9795918367,
        "operatingIncome": 198000000,
        "operatingIncomeRatio": 0.8081632653,
        "totalOtherIncomeExpensesNet": -59000000,
        "incomeBeforeTax": 139000000,
        "incomeBeforeTaxRatio": 0.5673469388,
        "incomeTaxExpense": -34000000,
        "netIncome": 107000000,
        "netIncomeRatio": 0.4367346939,
        "eps": 0.52,
        "epsdiluted": 0.52,
        "weightedAverageShsOut": 207000000,
        "weightedAverageShsOutDil": 207000000,
        "link": "https://www.sec.gov/Archives/edgar/data/316206/000095012404005423/0000950124-04-005423-index.htm",
        "finalLink": "https://www.sec.gov/Archives/edgar/data/316206/000095012404005423/p69761e10vq.htm"
    },
    {
        "date": "2004-06-30",
        "symbol": "HOT",
        "reportedCurrency": "USD",
        "cik": "0000316206",
        "fillingDate": "2004-07-30",
        "acceptedDate": "2004-07-30 14:11:27",
        "calendarYear": "2004",
        "period": "Q2",
        "revenue": 272000000,
        "costOfRevenue": 0,
        "grossProfit": 272000000,
        "grossProfitRatio": 1,
        "researchAndDevelopmentExpenses": 0,
        "generalAndAdministrativeExpenses": 109000000,
        "sellingAndMarketingExpenses": 0,
        "sellingGeneralAndAdministrativeExpenses": 109000000,
        "otherExpenses": 0,
        "operatingExpenses": 109000000,
        "costAndExpenses": 109000000,
        "interestIncome": 0,
        "interestExpense": 79000000,
        "depreciationAndAmortization": 101000000,
        "ebitda": 292000000,
        "ebitdaratio": 1.0735294118,
        "operatingIncome": 334000000,
        "operatingIncomeRatio": 1.2279411765,
        "totalOtherIncomeExpensesNet": -173000000,
        "incomeBeforeTax": 161000000,
        "incomeBeforeTaxRatio": 0.5919117647,
        "incomeTaxExpense": -42000000,
        "netIncome": 154000000,
        "netIncomeRatio": 0.5661764706,
        "eps": 0.75,
        "epsdiluted": 0.75,
        "weightedAverageShsOut": 206000000,
        "weightedAverageShsOutDil": 206000000,
        "link": "https://www.sec.gov/Archives/edgar/data/316206/000095015304001802/0000950153-04-001802-index.htm",
        "finalLink": "https://www.sec.gov/Archives/edgar/data/316206/000095015304001802/p69411e10vq.htm"
    },
    {
        "date": "2004-03-31",
        "symbol": "HOT",
        "reportedCurrency": "USD",
        "cik": "0000316206",
        "fillingDate": "2004-04-30",
        "acceptedDate": "2004-04-30 16:06:04",
        "calendarYear": "2004",
        "period": "Q1",
        "revenue": 219000000,
        "costOfRevenue": 0,
        "grossProfit": 219000000,
        "grossProfitRatio": 1,
        "researchAndDevelopmentExpenses": 0,
        "generalAndAdministrativeExpenses": 61000000,
        "sellingAndMarketingExpenses": 0,
        "sellingGeneralAndAdministrativeExpenses": 61000000,
        "otherExpenses": 0,
        "operatingExpenses": 61000000,
        "costAndExpenses": 61000000,
        "interestIncome": 0,
        "interestExpense": 50000000,
        "depreciationAndAmortization": 102000000,
        "ebitda": 221000000,
        "ebitdaratio": 1.0091324201,
        "operatingIncome": -66000000,
        "operatingIncomeRatio": -0.301369863,
        "totalOtherIncomeExpensesNet": 64000000,
        "incomeBeforeTax": -2000000,
        "incomeBeforeTaxRatio": -0.0091324201,
        "incomeTaxExpense": 35000000,
        "netIncome": 34000000,
        "netIncomeRatio": 0.1552511416,
        "eps": 0.17,
        "epsdiluted": 0.17,
        "weightedAverageShsOut": 206000000,
        "weightedAverageShsOutDil": 206000000,
        "link": "https://www.sec.gov/Archives/edgar/data/316206/000095015304001040/0000950153-04-001040-index.htm",
        "finalLink": "https://www.sec.gov/Archives/edgar/data/316206/000095015304001040/p69086e10vq.htm"
    },
    {
        "date": "2003-12-31",
        "symbol": "HOT",
        "reportedCurrency": "USD",
        "cik": "0000316206",
        "fillingDate": "2004-03-02",
        "acceptedDate": "2004-03-02 15:12:46",
        "calendarYear": "2003",
        "period": "Q4",
        "revenue": 77000000,
        "costOfRevenue": 0,
        "grossProfit": 77000000,
        "grossProfitRatio": 1,
        "researchAndDevelopmentExpenses": 0,
        "generalAndAdministrativeExpenses": 249000000,
        "sellingAndMarketingExpenses": 0,
        "sellingGeneralAndAdministrativeExpenses": 249000000,
        "otherExpenses": 0,
        "operatingExpenses": 249000000,
        "costAndExpenses": 249000000,
        "interestIncome": 0,
        "interestExpense": -246000000,
        "depreciationAndAmortization": 101000000,
        "ebitda": 345000000,
        "ebitdaratio": 4.4805194805,
        "operatingIncome": 763000000,
        "operatingIncomeRatio": 9.9090909091,
        "totalOtherIncomeExpensesNet": 270000000,
        "incomeBeforeTax": 1033000000,
        "incomeBeforeTaxRatio": 13.4155844156,
        "incomeTaxExpense": -309000000,
        "netIncome": 799000000,
        "netIncomeRatio": 10.3766233766,
        "eps": 3.88,
        "epsdiluted": 3.88,
        "weightedAverageShsOut": 206000000,
        "weightedAverageShsOutDil": 206000000,
        "link": "https://www.sec.gov/Archives/edgar/data/316206/000095015304000509/0000950153-04-000509-index.htm",
        "finalLink": "https://www.sec.gov/Archives/edgar/data/316206/000095015304000509/p68814e10vk.htm"
    },
    {
        "date": "2003-09-30",
        "symbol": "HOT",
        "reportedCurrency": "USD",
        "cik": "0000316206",
        "fillingDate": "2003-11-06",
        "acceptedDate": "2003-11-06 13:22:48",
        "calendarYear": "2003",
        "period": "Q3",
        "revenue": 183000000,
        "costOfRevenue": 0,
        "grossProfit": 183000000,
        "grossProfitRatio": 1,
        "researchAndDevelopmentExpenses": 0,
        "generalAndAdministrativeExpenses": 41000000,
        "sellingAndMarketingExpenses": 0,
        "sellingGeneralAndAdministrativeExpenses": 41000000,
        "otherExpenses": 0,
        "operatingExpenses": 41000000,
        "costAndExpenses": 41000000,
        "interestIncome": 0,
        "interestExpense": 48000000,
        "depreciationAndAmortization": 100000000,
        "ebitda": 196000000,
        "ebitdaratio": 1.0710382514,
        "operatingIncome": 56000000,
        "operatingIncomeRatio": 0.306010929,
        "totalOtherIncomeExpensesNet": -8000000,
        "incomeBeforeTax": 48000000,
        "incomeBeforeTaxRatio": 0.262295082,
        "incomeTaxExpense": 0,
        "netIncome": 48000000,
        "netIncomeRatio": 0.262295082,
        "eps": 0.23,
        "epsdiluted": 0.23,
        "weightedAverageShsOut": 206000000,
        "weightedAverageShsOutDil": 206000000,
        "link": "https://www.sec.gov/Archives/edgar/data/316206/000095015303002218/0000950153-03-002218-index.htm",
        "finalLink": "https://www.sec.gov/Archives/edgar/data/316206/000095015303002218/p68406e10vq.htm"
    },
    {
        "date": "2003-06-30",
        "symbol": "HOT",
        "reportedCurrency": "USD",
        "cik": "0000316206",
        "fillingDate": "2003-08-13",
        "acceptedDate": "2003-08-13 16:52:35",
        "calendarYear": "2003",
        "period": "Q2",
        "revenue": 223000000,
        "costOfRevenue": 0,
        "grossProfit": 223000000,
        "grossProfitRatio": 1,
        "researchAndDevelopmentExpenses": 0,
        "generalAndAdministrativeExpenses": 67000000,
        "sellingAndMarketingExpenses": 0,
        "sellingGeneralAndAdministrativeExpenses": 67000000,
        "otherExpenses": 0,
        "operatingExpenses": 67000000,
        "costAndExpenses": 67000000,
        "interestIncome": 0,
        "interestExpense": 40000000,
        "depreciationAndAmortization": 209000000,
        "ebitda": 539000000,
        "ebitdaratio": 2.4170403587,
        "operatingIncome": 87000000,
        "operatingIncomeRatio": 0.3901345291,
        "totalOtherIncomeExpensesNet": 203000000,
        "incomeBeforeTax": 290000000,
        "incomeBeforeTaxRatio": 1.3004484305,
        "incomeTaxExpense": 0,
        "netIncome": 290000000,
        "netIncomeRatio": 1.3004484305,
        "eps": 1.41,
        "epsdiluted": 1.41,
        "weightedAverageShsOut": 206000000,
        "weightedAverageShsOutDil": 206000000,
        "link": "https://www.sec.gov/Archives/edgar/data/316206/000095015303001598/0000950153-03-001598-index.htm",
        "finalLink": "https://www.sec.gov/Archives/edgar/data/316206/000095015303001598/p67997e10vq.htm"
    },
    {
        "date": "2003-03-31",
        "symbol": "HOT",
        "reportedCurrency": "USD",
        "cik": "0000316206",
        "fillingDate": "2003-05-09",
        "acceptedDate": "2003-05-09 12:30:47",
        "calendarYear": "2003",
        "period": "Q1",
        "revenue": 170000000,
        "costOfRevenue": 0,
        "grossProfit": 170000000,
        "grossProfitRatio": 1,
        "researchAndDevelopmentExpenses": 0,
        "generalAndAdministrativeExpenses": 51000000,
        "sellingAndMarketingExpenses": 0,
        "sellingGeneralAndAdministrativeExpenses": 51000000,
        "otherExpenses": 0,
        "operatingExpenses": 51000000,
        "costAndExpenses": 51000000,
        "interestIncome": 0,
        "interestExpense": 46000000,
        "depreciationAndAmortization": 29000000,
        "ebitda": -70000000,
        "ebitdaratio": -0.4117647059,
        "operatingIncome": -99000000,
        "operatingIncomeRatio": -0.5823529412,
        "totalOtherIncomeExpensesNet": -17000000,
        "incomeBeforeTax": -116000000,
        "incomeBeforeTaxRatio": -0.6823529412,
        "incomeTaxExpense": 0,
        "netIncome": -116000000,
        "netIncomeRatio": -0.6823529412,
        "eps": -0.56,
        "epsdiluted": -0.56,
        "weightedAverageShsOut": 206000000,
        "weightedAverageShsOutDil": 206000000,
        "link": "https://www.sec.gov/Archives/edgar/data/316206/000095015303001010/0000950153-03-001010-index.htm",
        "finalLink": "https://www.sec.gov/Archives/edgar/data/316206/000095015303001010/p67662e10vq.htm"
    },
    {
        "date": "2002-12-31",
        "symbol": "HOT",
        "reportedCurrency": "USD",
        "cik": "0000316206",
        "fillingDate": "2003-02-28",
        "acceptedDate": "2003-02-28 14:21:50",
        "calendarYear": "2002",
        "period": "Q4",
        "revenue": 263000000,
        "costOfRevenue": 0,
        "grossProfit": 263000000,
        "grossProfitRatio": 1,
        "researchAndDevelopmentExpenses": 0,
        "generalAndAdministrativeExpenses": 193000000,
        "sellingAndMarketingExpenses": 0,
        "sellingGeneralAndAdministrativeExpenses": 193000000,
        "otherExpenses": 0,
        "operatingExpenses": 193000000,
        "costAndExpenses": 193000000,
        "interestIncome": 0,
        "interestExpense": 183000000,
        "depreciationAndAmortization": 128000000,
        "ebitda": 583000000,
        "ebitdaratio": 2.216730038,
        "operatingIncome": 68000000,
        "operatingIncomeRatio": 0.2585551331,
        "totalOtherIncomeExpensesNet": 204000000,
        "incomeBeforeTax": 272000000,
        "incomeBeforeTaxRatio": 1.0342205323,
        "incomeTaxExpense": 156000000,
        "netIncome": 116000000,
        "netIncomeRatio": 0.4410646388,
        "eps": 0.56,
        "epsdiluted": 0.56,
        "weightedAverageShsOut": 206000000,
        "weightedAverageShsOutDil": 206000000,
        "link": "https://www.sec.gov/Archives/edgar/data/316206/000095015303000388/0000950153-03-000388-index.htm",
        "finalLink": "https://www.sec.gov/Archives/edgar/data/316206/000095015303000388/p67447e10vk.htm"
    },
    {
        "date": "2002-09-30",
        "symbol": "HOT",
        "reportedCurrency": "USD",
        "cik": "0000316206",
        "fillingDate": "2002-11-13",
        "acceptedDate": "2002-11-13 14:42:24",
        "calendarYear": "2002",
        "period": "Q3",
        "revenue": 135000000,
        "costOfRevenue": 0,
        "grossProfit": 135000000,
        "grossProfitRatio": 1,
        "researchAndDevelopmentExpenses": 0,
        "generalAndAdministrativeExpenses": 0,
        "sellingAndMarketingExpenses": 0,
        "sellingGeneralAndAdministrativeExpenses": 68000000,
        "otherExpenses": 0,
        "operatingExpenses": 68000000,
        "costAndExpenses": 68000000,
        "interestIncome": 0,
        "interestExpense": 9000000,
        "depreciationAndAmortization": 130000000,
        "ebitda": 206000000,
        "ebitdaratio": 1.5259259259,
        "operatingIncome": 67000000,
        "operatingIncomeRatio": 0.4962962963,
        "totalOtherIncomeExpensesNet": 0,
        "incomeBeforeTax": 67000000,
        "incomeBeforeTaxRatio": 0.4962962963,
        "incomeTaxExpense": -1000000,
        "netIncome": 68000000,
        "netIncomeRatio": 0.5037037037,
        "eps": 0.33,
        "epsdiluted": 0.33,
        "weightedAverageShsOut": 206000000,
        "weightedAverageShsOutDil": 206000000,
        "link": "https://www.sec.gov/Archives/edgar/data/316206/000095015302001916/0000950153-02-001916-index.htm",
        "finalLink": "https://www.sec.gov/Archives/edgar/data/316206/000095015302001916/p67144e10vq.htm"
    },
    {
        "date": "2002-06-30",
        "symbol": "HOT",
        "reportedCurrency": "USD",
        "cik": "0000316206",
        "fillingDate": "2002-08-14",
        "acceptedDate": "2002-08-14 13:20:14",
        "calendarYear": "2002",
        "period": "Q2",
        "revenue": 150000000,
        "costOfRevenue": 0,
        "grossProfit": 150000000,
        "grossProfitRatio": 1,
        "researchAndDevelopmentExpenses": 0,
        "generalAndAdministrativeExpenses": 1000000,
        "sellingAndMarketingExpenses": 0,
        "sellingGeneralAndAdministrativeExpenses": 1000000,
        "otherExpenses": 0,
        "operatingExpenses": 1000000,
        "costAndExpenses": 1000000,
        "interestIncome": 0,
        "interestExpense": 9000000,
        "depreciationAndAmortization": 121000000,
        "ebitda": 212000000,
        "ebitdaratio": 1.4133333333,
        "operatingIncome": 82000000,
        "operatingIncomeRatio": 0.5466666667,
        "totalOtherIncomeExpensesNet": 0,
        "incomeBeforeTax": 82000000,
        "incomeBeforeTaxRatio": 0.5466666667,
        "incomeTaxExpense": -2000000,
        "netIncome": 84000000,
        "netIncomeRatio": 0.56,
        "eps": 0.41,
        "epsdiluted": 0.41,
        "weightedAverageShsOut": 206000000,
        "weightedAverageShsOutDil": 206000000,
        "link": "https://www.sec.gov/Archives/edgar/data/316206/000095015302001415/0000950153-02-001415-index.htm",
        "finalLink": "https://www.sec.gov/Archives/edgar/data/316206/000095015302001415/p66887e10vq.htm"
    },
    {
        "date": "2002-03-31",
        "symbol": "HOT",
        "reportedCurrency": "USD",
        "cik": "0000316206",
        "fillingDate": "2002-05-15",
        "acceptedDate": "2002-05-14 17:42:39",
        "calendarYear": "2002",
        "period": "Q1",
        "revenue": 155000000,
        "costOfRevenue": 0,
        "grossProfit": 155000000,
        "grossProfitRatio": 1,
        "researchAndDevelopmentExpenses": 0,
        "generalAndAdministrativeExpenses": 1000000,
        "sellingAndMarketingExpenses": 0,
        "sellingGeneralAndAdministrativeExpenses": 1000000,
        "otherExpenses": 0,
        "operatingExpenses": 1000000,
        "costAndExpenses": 1000000,
        "interestIncome": 0,
        "interestExpense": 9000000,
        "depreciationAndAmortization": 117000000,
        "ebitda": 212000000,
        "ebitdaratio": 1.3677419355,
        "operatingIncome": 86000000,
        "operatingIncomeRatio": 0.5548387097,
        "totalOtherIncomeExpensesNet": 0,
        "incomeBeforeTax": 86000000,
        "incomeBeforeTaxRatio": 0.5548387097,
        "incomeTaxExpense": -1000000,
        "netIncome": 87000000,
        "netIncomeRatio": 0.5612903226,
        "eps": 0.42,
        "epsdiluted": 0.42,
        "weightedAverageShsOut": 206000000,
        "weightedAverageShsOutDil": 206000000,
        "link": "https://www.sec.gov/Archives/edgar/data/316206/000095015302000960/0000950153-02-000960-index.htm",
        "finalLink": "https://www.sec.gov/Archives/edgar/data/316206/000095015302000960/p66577e10-q.htm"
    },
    {
        "date": "2001-12-31",
        "symbol": "HOT",
        "reportedCurrency": "USD",
        "cik": "0000316206",
        "fillingDate": "2002-03-28",
        "acceptedDate": "2002-03-28 00:00:00",
        "calendarYear": "2001",
        "period": "Q4",
        "revenue": 148000000,
        "costOfRevenue": 0,
        "grossProfit": 148000000,
        "grossProfitRatio": 1,
        "researchAndDevelopmentExpenses": 0,
        "generalAndAdministrativeExpenses": 1000000,
        "sellingAndMarketingExpenses": 0,
        "sellingGeneralAndAdministrativeExpenses": 1000000,
        "otherExpenses": 0,
        "operatingExpenses": 1000000,
        "costAndExpenses": 1000000,
        "interestIncome": 0,
        "interestExpense": 9000000,
        "depreciationAndAmortization": 135000000,
        "ebitda": 222000000,
        "ebitdaratio": 1.5,
        "operatingIncome": 78000000,
        "operatingIncomeRatio": 0.527027027,
        "totalOtherIncomeExpensesNet": 0,
        "incomeBeforeTax": 78000000,
        "incomeBeforeTaxRatio": 0.527027027,
        "incomeTaxExpense": 0,
        "netIncome": 78000000,
        "netIncomeRatio": 0.527027027,
        "eps": 0.38,
        "epsdiluted": 0.38,
        "weightedAverageShsOut": 206000000,
        "weightedAverageShsOutDil": 206000000,
        "link": "https://www.sec.gov/Archives/edgar/data/316206/000095015302000584/0000950153-02-000584-index.htm",
        "finalLink": "https://www.sec.gov/Archives/edgar/data/316206/000095015302000584/p66293e10-k405.htm"
    }
]